1779 3062
402 110 568 179 1Ν5Τ.
588 110 892 179 oRATOR.
937 112 1060 158 Lm.
1100 112 1172 168 x,
1211 125 1257 168 7.
1412 126 1511 173 209

159 258 216 303 ac
247 237 543 293 scenicum,
583 235 810 284 verbum
845 247 1048 300 petant,
1090 254 1200 302 quo
1235 239 1509 305 incipiant.

160 315 263 365 Sed
310 325 417 362 tim
459 310 870 385 contumeliosos
911 315 968 360 in
1013 313 1064 362 lc
1101 315 1281 363 r‘idet
1268 318 1504 366 invicem

160 392 492 455 eloquentia:
572 399 622 437 et
679 390 775 452 qui
835 386 1007 438 stultis
1072 391 1246 439 videri
1307 393 1508 442 eruditi

159 469 381 524 volunt,
440 465 586 514 ltulti
631 466 853 514 eruditis
898 466 1214 526 judicantur.
1304 472 1357 518 Si
1402 488 1507 535 qua
1527 487 1582 515 22

152 556 333 606 ⁴tamen
390 542 607 592 fortuna
655 552 762 590 tam
813 540 1038 590 subitam
1085 542 1270 592 fecerit
1319 547 1510 611 agendi

159 621 525 677 neceffitatenl,
576 619 860 667 mobiliore
917 619 1150 683 quodam
1214 639 1350 686 opus
1410 625 1511 672 erit

159 700 395 763 ingenio,
433 707 484 745 et
502 698 585 745 vis
613 696 1137 746 omnisintendenda
1163 698 1340 755 rebuS,
1375 710 1426 748 et
1450 701 1510 749 in

159 774 446 840 praesentia
479 772 861 822 remittendum
899 772 1103 836 aliquid
1136 791 1199 821 ex
1230 791 1353 822 cura
1391 793 1510 824 ver-

159 852 380 908 borum,
420 848 462 898 si
510 847 762 914 consequi
803 860 1099 914 utrumque
1135 868 1245 900 non
1277 850 1505 901 dabitur.

70 938 148 987 956
162 933 303 978 Tum
330 937 381 975 et
409 926 609 975 tardior
638 927 1010 991 pronunciatio
1038 944 1215 976 moras
1252 928 1425 987 habet,
1458 940 1510 978 et

155 1002 397 1070 suspensa
430 1020 487 1052 ac
518 1004 670 1051 velut
708 1003 955 1064 dubitans
1002 1005 1198 1053 oratio:
1239 1014 1300 1053 ut
1332 1015 1509 1054 tamen

157 1081 477 1138 deliberare,
525 1098 637 1129 non
671 1078 947 1138 haesitare,
1002 1082 1295 1130 videamur.
1375 1087 1507 1142 Hoc,

158 1158 292 1207 dum
343 1156 647 1223 egredimur
683 1175 711 1204 e
764 1168 951 1222 portu,
1025 1156 1067 1205 si
1115 1176 1213 1207 nos
1261 1159 1509 1209 nondum

160 1235 346 1300 aptatis
382 1233 501 1282 satis
538 1236 870 1283 armamentis
896 1245 1011 1299 aget
1053 1246 1270 1284 ventus:
1314 1235 1510 1285 deinde

159 1355 261 1392 Alm.
292 1354 404 1403 discet
434 1354 562 1391 Guelf.
601 1369 689 1389 cum
709 1356 815 1392 Voff.
843 1368 874 1391 ι.
895 1364 932 1399 5.
971 1355 1086 1390 Rern.
1337 1372 1379 1392 ac
1391 1356 1511 1407 sceni-

161 1427 252 1454 cum,
285 1412 446 1448 verbum.
480 1412 583 1446 Flos.
618 1416 733 1460 (apr.
755 1414 827 1457 m.)
866 1423 905 1446 ac
925 1413 1020 1446 enim
1047 1411 1305 1460 controversio.

244 1467 523 1516 contumeliosos
547 1468 639 1517 inse
661 1468 766 1504 ridet.
799 1467 902 1503 Flor.
937 1482 963 1502 c.
989 1468 1134 1507 irridet,
1168 1482 1186 1501 a
1209 1469 1277 1502 sec.
1298 1482 1350 1505 m.
1376 1470 1510 1507 inserit

148 1525 197 1560 '1'11
212 1524 267 1574 se.
499 1525 640 1560 volunt.
682 1525 814 1573 Camp.
854 1524 971 1559 velint
1000 1537 1087 1558 cum
1108 1523 1226 1559 Goth.

242 1583 466 1627 judicantur.
505 1581 569 1616 Sic
593 1581 695 1616 flor.
736 1594 823 1615 cum
846 1579 957 1615 Basil.
998 1579 1159 1628 Reliqui
1190 1581 1368 1617 videntur.
1401 1582 1448 1618 cf.
1473 1595 1509 1631 9,

161 1648 196 1681 4,
235 1649 325 1682 107.
367 1636 578 1685 Ceteroqui
604 1636 725 1671 multa
752 1637 817 1672 hic
848 1635 976 1671 turbat
1006 1636 1109 1671 Plor.
1153 1637 1223 1685 qui
1255 1638 1324 1672 sic:
1381 1649 1416 1674 et
1448 1643 1511 1689 qui

148 1692 260 1742 stulti
299 1696 336 1739 (a
358 1695 424 1730 sec.
450 1708 501 1729 m.
534 1691 682 1742 stultis)
720 1695 840 1729 videri
862 1693 1012 1727 eruditis
1033 1706 1088 1733 res
1110 1693 1263 1728 eruditis
1300 1696 1510 1743 (postrema

160 1751 239 1786 duo
261 1750 454 1786 tolluntur
476 1765 496 1785 a
513 1765 566 1786 m.
598 1752 685 1794 sec.)
717 1747 984 1797 voluntfiultis
1013 1750 1098 1794 (sec.
1124 1762 1176 1785 m.
1197 1747 1324 1797 stulti)
1357 1754 1511 1789 eruditis

146 1807 380 1853 judicantur.
411 1807 685 1852 injudicando
719 1807 766 1842 cf.
794 1819 856 1847 ιι,
893 1819 929 1853 1,
961 1805 1025 1841 66.

250 1873 313 1898 22.
354 1863 561 1901 mobiliore.
599 1862 703 1898 Flor.
749 1864 911 1899 meliore.
1203 1873 1240 1898 ec
1266 1866 1333 1899 υἱε-
1374 1864 1508 1903 Turio.

160 1920 263 1955 Flor.
304 1918 389 1963 (hie
421 1933 440 1954 a
470 1934 528 1968 pr.
558 1921 631 1966 m.)
683 1921 882 1956 omittunt.
1143 1929 1179 1954 et
1211 1921 1249 1954 in
1283 1918 1508 1968 praesentia.

161 1977 292 2011 Tunc.
333 1974 438 2011 flor.
476 1976 560 2021 (hie
591 1990 609 2010 a
637 1991 694 2026 pr.
727 1978 797 2021 m.)
839 1989 884 2010 ne
913 1977 936 2009 ι’.
967 1989 1006 2023 p.
1259 1975 1298 2024 si
1328 1975 1509 2025 consequi,

160 2032 265 2068 flor.
288 2030 327 2080 si
350 2045 423 2067 non
437 2033 555 2082 sequi.
590 2033 715 2068 Guelf.
740 2031 779 2081 si
805 2031 930 2067 solum
950 2044 1039 2067 cum
1058 2033 1171 2068 Bern.
1205 2043 1242 2068 et
1267 2032 1351 2068 edd.
1377 2032 1508 2082 Steph.

151 2089 317 2136 Rognii,
368 2089 519 2138 Gryph.
571 2087 752 2136 (1544.)
800 2091 924 2125 Stoer.
978 2088 1144 2125 Chouet.
1188 2089 1299 2124 Leid.
1348 2089 1511 2137 Reliqui

151 2143 191 2193 si
203 2144 322 2193 sequi.
362 2145 550 2181 Nostrum
572 2159 618 2180 ex
637 2147 872 2192 conjectura.
1105 2158 1181 2182 non
1203 2146 1362 2180 dabitur.
1404 2145 1506 2181 Flor-

160 2205 200 2244 (a
222 2215 280 2249 pr.
301 2203 372 2246 m.)
405 2202 556 2238 omittit
586 2216 670 2238 non.
904 2214 983 2237 non
1004 2199 1197 2250 haesitare.
1240 2202 1373 2238 Turic.
1405 2201 1512 2238 Flor-

161 2255 246 2304 (hic
268 2272 285 2292 a
308 2271 365 2306 pr.
387 2259 458 2302 m.)
491 2259 679 2294 omittunt
711 2273 797 2296 non.

255 2323 318 2357 25.
350 2317 501 2362 aptatis.
531 2315 665 2351 Turic.
695 2316 799 2353 Flor.
830 2315 916 2363 (hic
936 2328 955 2349 a
976 2328 1035 2364 pr.
1056 2316 1129 2358 m.)
1160 2317 1312 2362 optatis.

244 2380 384 2406 ventus.
416 2372 546 2406 Turic.
578 2371 797 2418 1·’lor.(hic
819 2387 837 2406 ἰ
856 2386 915 2421 pr.
936 2370 1012 2419 m.)
1041 2374 1171 2407 ventis.

223 2469 988 2520 21.qu1stultts—-]ud1cantu22.
1021 2475 1059 2507 in
1084 2471 1314 2521 praesentia(
1336 2472 1384 2508 cf.
1415 2472 1516 2510 dicta

163 2528 329 2576 Egregia
355 2529 404 2563 est
440 2530 696 2578 oppofitionis
718 2544 810 2579 pr-o
870 2543 908 2579 9,
941 2537 978 2574 4,
1010 2542 1099 2576 109.

161 2584 305 2633 Inietas
334 2585 375 2619 in
406 2584 512 2620 hisce
541 2587 658 2622 videri
678 2588 810 2623 volunt
873 2632 877 2636 .
930 2598 993 2632 25.
1027 2588 1119 2625 Hoc,
1143 2585 1227 2619 dum
1258 2585 1466 2632 egredimur
1496 2599 1516 2622 ι·

156 2659 217 2689 5—
236 2641 463 2685 Judicatztur.
866 2654 990 2695 portu.
1032 2642 1157 2693 αἰχ-61
1184 2648 1235 2692 4.,
1273 2653 1334 2677 ιο.
1378 2642 1516 2678 Minui·-

225 2690 329 2733 T'om.
361 2698 428 2733 JV.
502 2688 504 2690 ’
747 2688 749 2693 ’
949 2690 955 2694 ’
1018 2698 1053 2734 0
