1779 3062
414 140 579 185 INST.
619 137 900 186 ORATOR.
933 140 1053 186 LIB.
1090 141 1164 198 X,
1201 153 1249 186 2„
1413 150 1510 198 127

153 276 204 318 et
243 266 455 334 supini,
532 264 570 315 fi
621 258 756 332 quid.
801 267 967 317 modo
1014 269 1233 335 longius
1281 269 1512 317 circum-

149 346 452 404 duxerunt,
513 348 691 406 jurant
727 345 801 393 ita
837 346 1154 395 Ciceronem
1196 348 1511 396 locuturum

145 421 316 473 fuisse.
395 425 673 473 Noveram
708 421 998 487 quosdam,
1056 425 1154 488 qui
1201 422 1252 472 se
1282 425 1511 492 pulchre
1536 441 1587 480 18

147 499 430 567 expreffi'ffe
464 517 632 567 genus
665 499 807 548 illud
845 499 1084 549 coelestis
1137 500 1302 563 hujus
1333 504 1393 551 in
1431 501 1514 551 di-

148 579 319 629 cendo
361 580 467 628 viri
507 577 603 626 fibi
647 577 992 636 viderentur,
1073 576 1110 626 fi
1163 579 1221 626 in
1280 578 1514 629 clausula

85 691 93 699 2
150 655 451 724 posuissent,
489 651 618 730 Effe
639 657 900 704 videatur.
981 658 1122 721 Ergo
1154 657 1393 721 primurn
1424 657 1514 716 est,

150 746 237 794 ut,
284 734 434 800 quod
469 735 774 783 imitaturus
819 731 893 780 est
926 734 1182 799 quisque,
1234 734 1515 800 intelligat,

150 823 202 861 et
226 830 391 878 quare
412 812 620 862 bonum
648 810 723 868 fit,
744 810 879 859 sciat.
924 813 1073 862 Tum
1096 813 1154 859 in
1177 810 1514 878 suscipiendo

151 907 314 940 onere
361 888 601 939 consulat
645 887 761 939 suas
805 890 960 938 vires.
1070 890 1214 938 Nam
1249 889 1512 954 quaedam
1541 916 1591 953 19

61 983 139 1023 927
152 967 275 1018 sunt
294 968 598 1026 imitabilia,
630 968 829 1033 quibus
866 977 958 1016 aut
984 965 1265 1016 infirmitas
1298 978 1519 1016 naturae

149 1064 264 1096 non
347 1044 566 1113 sufficiat
590 1082 604 1104 ,
699 1056 793 1094 aut

247 1170 574 1205 circumduxerunt.
617 1168 752 1217 Camp.
795 1169 1118 1204 circumduxerint.

117 1265 123 1281 ¹
153 1242 245 1264 rum.
279 1228 412 1262 Tui-ic.
442 1228 480 1271 (a
502 1227 571 1261 sec.
596 1227 668 1269 m.)
701 1225 833 1274 Camp.
867 1225 1032 1261 locutum
1059 1239 1148 1261 cnm
1172 1225 1291 1263 Goth..

244 1291 304 1329 18.
347 1283 516 1319 dicendo.
563 1283 696 1318 Turic.
737 1286 852 1329 (apr.
881 1284 953 1325 m.)

755 1338 804 1386 si.
848 1339 982 1374 Turic.
1012 1338 1116 1374 Flor.
1161 1340 1254 1385 (hic
1287 1354 1306 1374 a
1342 1354 1402 1390 pr.
1434 1342 1517 1391 m.)

581 1393 794 1445 posutjffent.
845 1395 975 1432 GueLf.
1019 1395 1222 1446 potufflent
1276 1410 1366 1433 cum
1397 1400 1515 1437 Bern.

676 1452 858 1488 videatur.
892 1451 1022 1489 Guelf.
1054 1454 1280 1489 viderentur.

153 1342 287 1377 Turic.
343 1340 505 1375 omittit.

155 1398 357 1434 omittunt.

155 1455 203 1494 cf.
228 1461 267 1500 8,
301 1455 338 1496 6,
369 1462 435 1497 30.

241 1521 293 1546 ut.
324 1509 454 1546 Guelf.
498 1508 660 1545 omittit.

153 1583 212 1620 pr.
234 1573 371 1610 manu)
405 1579 473 1601 res.

877 1044 1151 1095 diversitas
1237 1057 1518 1113 repugnet.

1374 1170 1515 1206 locutu-

1006 1282 1029 1316 d
1034 1284 1045 1316 i
1048 1283 1137 1325 cenzl
1142 1285 1164 1320 i.
1429 1286 1516 1321 viri.

910 1510 1017 1545 vires.
1064 1511 1198 1546 Turio.
1232 1510 1337 1548 Flor.
1380 1512 1466 1558 (hic
1501 1528 1522 1549 a

248 1638 306 1674 ¹9·
340 1623 553 1659 imitabilia.
599 1622 662 1658 Sic
686 1623 820 1658 Turic.
846 1621 976 1658 Guelf.
1000 1637 1087 1658 cum
1113 1623 1232 1660 Goth.
1254 1599 1304 1661 *et
1327 1626 1413 1663 edd.
1436 1638 1524 1663 ante

154 1683 242 1720 Ald.
261 1696 341 1718 exc.
364 1683 496 1730 Camp.
527 1680 732 1716 Mirabilia
765 1679 872 1717 Voff.
900 1695 934 1716 1.
968 1680 1130 1729 Reliqui
1152 1683 1405 1719 inimitabilia.

245 1738 458 1787 infirmitas.
491 1736 624 1786 Camp.
648 1735 855 1784 firmitas„

155 1796 242 1845 (hie
265 1810 284 1831 a
303 1810 362 1845 pr.
383 1796 456 1837 m.)
510 1795 645 1841 Camp.
686 1791 844 1842 sufficit.

157 1857 196 1900 (a
218 1867 276 1903 pr.
298 1866 418 1888 manu
438 1853 621 1899 uterque)
653 1865 715 1886 an.

206 1955 347 2006 supini.
406 1952 571 2002 „Qualis
610 1954 811 1991 Maecenas

157 2014 293 2056 „fuiffe
337 2013 502 2053 dicitur,
553 2011 623 2059 qui
655 2010 812 2061 supinus

157 2069 365 2114 „juvenali
394 2072 468 2105 Sat.
497 2082 538 2109 ιν,
581 2067 646 2103 66.
687 2079 724 2103 et
758 2069 812 2104 ita

157 2127 311 2176 „carpit
335 2126 657 2175 compositionem
691 2126 811 2161 vitio·

155 2186 259 2226 „sam
294 2183 530 2219 Maecenatis
571 2182 699 2218 noster
740 2182 810 2218 lib.

155 2255 222 2290 ,‚9,
256 2245 320 2285 4.“
368 2240 464 2285 (hoc
490 2238 648 2288 quidem
665 2238 811 2288 supini-

157 2300 230 2334 tati
249 2310 330 2333 non
352 2297 544 2343 tribuam)
574 2297 683 2337 „vid.
711 2296 811 2332 Mei-

156 2356 290 2398 „bom.
316 2356 489 2389 Maecen.
515 2366 594 2402 cap.
611 2362 676 2396 23.
701 2353 753 2388 ita
776 2364 813 2389 et

158 2410 380 2454 „Martialis
406 2410 442 2451 6,
477 2419 541 2454 42.
585 2411 675 2446 Non
695 2419 812 2445 acten-

160 2468 266 2510 ,‚d1's‚
298 2476 335 2503 et
358 2481 445 2503 aure
482 2481 540 2502 me
561 2466 703 2516 supina
723 2468 811 2502 Jam

160 2526 348 2568 ‚,dudum,
379 2552 383 2555 .
417 2524 520 2573 quasi
581 2525 813 2572 negligenter

159 2584 333 2624 9‚aucli5.“
390 2583 650 2618 Burmannus.

223 2647 285 2684 18.
319 2641 355 2674 in
376 2637 540 2688 clausula
561 2659 612 2669 —-
646 2636 734 2688 Effe
760 2639 810 2674 vi·

162 2698 304 2734 deatum
336 2697 384 2733 cf.
410 2708 446 2745 9,
485 2702 520 2739 4,
555 2705 619 2740 75.

1040 1735 1223 1787 sufficiat.
1256 1741 1389 1776 Turio.
1414 1741 1520 1779 Flor.

1108 1805 1184 1831 aut.
1237 1798 1372 1832 Turic.
1414 1798 1521 1836 Flor.

914 1859 1108 1902 rep'ugnec.
1139 1854 1274 1889 Turio.
1300 1860 1337 1898 (a
1356 1856 1425 1893 sec.
1447 1861 1523 1903 m.)

933 1968 993 2003 19.
1027 1956 1239 1994 imitabilia.
1256 1959 1341 1996 Jam
1365 1960 1528 2007 quidem

871 2014 917 2049 de
952 2014 1002 2048 iis
1030 2026 1112 2049 non
1144 2015 1236 2062 agit,
1271 2029 1369 2063 quae
1394 2016 1526 2054 imita·

869 2072 977 2107 tione
1007 2071 1178 2117 exprimi
1208 2083 1422 2122 nequeant,
1454 2088 1527 2110 neo

868 2129 980 2178 prius
1032 2127 1155 2171 iliud,
1203 2130 1310 2178 quod
1368 2130 1528 2167 dederat

870 2195 1138 2235 praeceptum,
1164 2197 1312 2225 tractat,
1344 2198 1399 2226 ut,
1427 2202 1527 2236 quae

872 2242 1039 2291 quisque
1094 2243 1285 2278 imitanda
1345 2244 1526 2285 sumeret,

859 2313 991 2348 ‘quare
1018 2300 1121 2336 bona
1144 2301 1272 2341 effent‚
1294 2300 1430 2343 sciret3
1462 2302 1527 2338 fed

873 2370 914 2392 ea
939 2369 1110 2405 quoque,
1135 2370 1231 2404 quae
1251 2368 1291 2393 et
1317 2357 1435 2405 digna
1458 2361 1530 2395 [int

870 2413 1093 2449 imitatione
1132 2427 1293 2462 eamque
1322 2415 1531 2452 admittant

872 2471 913 2505 in
944 2483 1104 2518 genere,
1157 2483 1237 2505 non
1274 2471 1401 2507 cuivis
1437 2486 1529 2521 pro·

870 2528 1016 2562 misene
1050 2527 1229 2575 speranda
1276 2527 1347 2562 effe
1380 2542 1402 2563 r
1426 2541 1529 2566 onet.

870 2584 1120 2632 Persequitur
1189 2585 1295 2618 enim
1366 2538 1528 2632 alsteram

871 2641 975 2676 suam
998 2639 1127 2687 legem
1157 2640 1357 2682 „consulat
1378 2643 1528 2679 vires.“

871 2698 1000 2745 Quare
1025 2699 1099 2732 line
1123 2699 1332 2747 negatione
1359 2699 1526 2736 scriben-
