1779 3062
266 183 362 229 700
584 166 659 213 M.
696 167 831 213 ΕΑΒ.
847 143 1301 230 ῑρΠῙΝΤῑΠΑΝῑ·-·

261 294 824 359 senectutis'quzierere
860 293 1154 352 auditores,
1198 293 1265 343 de
1307 313 1416 361 quo
1451 299 1602 363 quis-

182 396 229 424 22
263 389 367 436 que
397 372 574 428 vellet,
612 371 839 431 jubebat.
919 375 1066 440 Quae
1096 370 1308 420 tandem
1338 389 1417 423 ars
1440 374 1601 439 digna

258 449 447 497 litteris
474 448 684 497 Platoni
714 446 920 496 defuit?
1001 452 1144 517 Quot
1173 447 1361 498 seculis
1385 447 1599 519 Aristo-

258 525 385 574 teles
414 525 629 582 didicit,
666 535 725 573 ut
755 543 867 574 non
895 523 1069 574 solum
1107 542 1241 590 quae
1272 525 1339 574 ad
1363 526 1602 592 philoso-

258 602 395 670 phos
427 613 584 665 atque
616 612 845 652 oratores
876 603 1167 667 pertinent,
1211 600 1423 652 scientia
1455 618 1599 653 com-

257 680 593 746 plecteretur,
624 676 714 726 sed.
744 680 1052 728 animalium
1079 677 1419 745 satorumque
1443 690 1598 729 natu-

256 773 337 805 ras
376 772 559 806 omnes
590 757 920 820 perquireret
938 758 961 804 ‘2
1040 757 1151 805 Illis
1182 757 1324 804 enim
1355 757 1484 805 haec
1514 758 1598 805 in-

255 834 520 883 venienda
558 830 805 892 fuerunt,
861 833 1020 883 nobis
1063 831 1424 899 cognoscenda
1458 831 1594 884 sunt.

255 1021 390 1056 scribis-
421 1034 577 1056 nomen.
1531 1019 1595 1056 Sic

257 1077 376 1112 Goth.
406 1081 502 1122 (tac.
536 1077 677 1122 Gesn.)
714 1077 821 1114 Voss'.
851 1089 886 1113 2.
932 1079 1063 1127 Camp.
1098 1077 1185 1114 Ald.
1217 1078 1307 1113 Bad.
1341 1077 1436 1113 Obr.
1491 1074 1597 1125 sene-

255 1135 366 1168 czaris
394 1134 505 1169 habet
545 1135 645 1181 quod
675 1148 782 1181 quere
811 1136 994 1170 auditoris
1024 1135 1157 1169 Turio.
1185 1132 1266 1183 sen.
1303 1136 1497 1175 (vacuum
1528 1131 1596 1167 hio

253 1190 437 1237 spatium)
471 1204 578 1239 quere
610 1191 788 1225 auditoris
806 1190 909 1226 Flor.
963 1190 997 1239 s.
1023 1190 1201 1239 habetque
1219 1203 1390 1239 quaerere
1408 1205 1442 1225 a.
1464 1187 1595 1226 Guelf-

249 1245 285 1295 s.
318 1260 487 1293 quaerere
518 1247 713 1281 audituros
745 1246 844 1283 Alm.
881 1257 918 1282 et
948 1246 1039 1294 aliq.
1078 1246 1162 1282 edd.
1195 1260 1253 1295 ap.
1285 1247 1419 1281 Burm.
1471 1244 1506 1295 s.
1539 1245 1597 1295 hic

255 1316 426 1351 quaerere
454 1304 644 1338 auditores
673 1304 770 1340 Jenf.
806 1306 893 1346 (tae.
926 1303 1056 1349 Gesn.)
1090 1313 1126 1338 et
1155 1302 1239 1337 edd.
1265 1313 1352 1338 ante
1372 1300 1461 1337 Ald.
1494 1300 1530 1350 Ι.
1556 1300 1597 1336 id

254 1372 290 1407 q.
322 1374 356 1395 a.
389 1359 535 1408 reliqui
565 1359 657 1395 inde
689 1373 708 1394 a
741 1359 852 1396 Basil.
1091 1361 1242 1408 quisque
1270 1359 1453 1406 disputari
1480 1357 1598 1394 vellet:

253 1416 386 1465 Camp.
418 1416 506 1453 Ald.
734 1416 865 1461 jubeat
895 1415 998 1452 Flor.
1060 1416 1210 1451 videbat
1233 1417 1364 1464 Camp-

369 1504 433 1531 22.
486 1496 650 1545 platonis
688 1496 824 1531 Turic-
861 1494 965 1532 Flor.
1004 1494 1129 1530 Guelf.
1165 1495 1283 1532 Goth.
1326 1497 1423 1537 (tac.
1455 1494 1594 1540 Gefn.)

246 1551 326 1601 fuit
356 1552 483 1588 Guelf.
720 1560 810 1601 quot
831 1551 974 1600 scilicet
1012 1551 1140 1587 Guelf.
1170 1564 1291 1598 marg.
1328 1549 1435 1586 Basil.
1495 1551 1598 1599 quod.

244 1608 404 1660 saeculis
435 1611 567 1657 Camp.
601 1609 698 1646 Jens.
731 1617 818 1649 (tac.
853 1609 985 1651 Gesn.)
1217 1608 1349 1642 didicit
1369 1609 1424 1641 aie
1442 1608 1497 1641 aie
1515 1620 1594 1642 non

253 1666 386 1706 Turic-
419 1665 521 1700 Plor.
587 1674 653 1699 aue
684 1664 733 1699 ad
764 1674 927 1699 oratores
957 1665 1090 1714 Camp.
1325 1676 1416 1698 onus
1445 1664 1593 1709 perqui-

253 1731 347 1757 reret
371 1721 474 1757 flor.
505 1723 623 1757 omnis
650 1722 901 1768 perquirerent
928 1720 1057 1756 Guelf,
1290 1721 1388 1754 enim
1411 1731 1488 1755 om.
1512 1719 1595 1765 Tu·⁷

251 1778 322 1814 ric.
355 1777 459 1814 flor.
575 1778 633 1812 illi
671 1778 767 1812 enim
805 1778 877 1812 inv.
919 1778 1051 1825 Camp.

841 1021 1038 1071 senectutis
1067 1034 1238 1069 quaerere
1268 1022 1467 1057 auditores.

951 1923 1051 1960 male
1098 1923 1192 1958 sarta
1232 1922 1429 1970 quaedam.
1490 1922 1594 1959 Nam

951 1981 1029 2016 hoc
1047 1992 1279 2029 „quaerere,
1311 1979 1356 2014 de
1387 1991 1464 2027 quo
1488 1979 1593 2027 quis-

951 2051 1055 2085 „que
1085 2035 1229 2071 vellet“
1272 2035 1388 2071 nimis
1421 2035 1593 2071 breviter

251 1938 306 1964 tas
320 1953 329 1967 ,
370 1936 413 1961 ut
455 1925 545 1961 illos
589 1925 822 1973 praeteriens
852 1923 895 1959 in

249 1983 356 2020 lmnc
396 1982 501 2031 quasi
548 1982 741 2029 impetum
785 1979 897 2015 faciat

254 2038 363 2087 Qu?
420 2039 589 2087 Apparet
611 2038 740 2084 itaque
763 2037 895 2072 locum

252 2098 306 2132 ita
329 2095 634 2131 constituendum
656 2093 738 2134 effe,
759 2094 895 2128 utI-Io·

252 2166 404 2189 :merum
438 2162 475 2187 et
496 2147 675 2200 sophistas¹
698 2160 894 2185 transeun-

250 2221 320 2249 tes,
351 2210 393 2244 in
423 2208 621 2243 Platonem
659 2216 695 2242 et
713 2204 893 2241 Aristote-

251 2265 328 2301 lem
351 2265 612 2300 deveniamus.
644 2265 701 2298 Ita
722 2275 769 2297 ex
786 2272 892 2308 parte

251 2323 412 2370 quidem
432 2333 565 2357 veram
586 2320 719 2355 videar
738 2317 892 2364 Quinti-

250 2378 347 2414 liani
368 2391 525 2412 manum
543 2374 751 2415 restituere,
780 2375 808 2408 fi
826 2387 892 2408 ve-

251 2435 358 2483 stigia
410 2434 588 2469 codicum
637 2433 794 2479 sequens
838 2431 891 2464 ita

251 2490 411 2526 scribam
427 2505 433 2524 :
450 2501 489 2525 ut
502 2490 685 2537 Gorgiam
699 2488 762 2532 (sc.
776 2497 893 2521 trans-

251 2550 366 2591 eam),
381 2545 621 2596 quisummae
633 2543 892 2593 senectutis—-

228 2603 420 2649 jubebat.-
458 2616 549 2651 quae
582 2600 729 2637 tandem
742 2619 791 2626 -—·
807 2599 892 2634 Pla·

253 2662 333 2698 toni
356 2658 507 2706 defuit?
550 2668 638 2707 quot
656 2656 789 2707 seculis
809 2655 890 2691 An·-

241 2713 394 2764 floteles
430 2726 502 2751 cet.
579 2714 654 2752 Sed
695 2722 892 2748 remanent

953 2093 1103 2128 dictum
1120 2092 1295 2127 videtur:
1321 2105 1445 2139 neque
1465 2101 1594 2127 tamen

949 2149 1117 2186 verbum
1138 2149 1332 2197 disputari,
1356 2147 1462 2195 quod
1487 2147 1593 2197 prin·

950 2212 1037 2254 cep's
1070 2205 1193 2241 editio
1229 2203 1380 2244 inserit,
1435 2204 1591 2252 adopta·

948 2263 1045 2297 rim:
1079 2261 1140 2296 sed
1157 2259 1257 2294 illud
1280 2259 1458 2307 habetque
1480 2261 1504 2295 s.
1527 2261 1591 2296 ha·

949 2318 1009 2352 bet
1032 2318 1142 2366 quod,
1175 2316 1282 2363 quod
1302 2316 1343 2350 in
1365 2315 1520 2351 vetustis
1542 2316 1589 2351 li-

947 2374 1029 2409 bris
1057 2372 1290 2421 conspicitur
1322 2382 1406 2407 ante
1422 2372 1590 2408 verbum

949 2443 1141 2478 quaerere,
1178 2428 1328 2464 indicio
1361 2428 1432 2468 esp,
1477 2428 1589 2465 aliter

948 2486 1061 2536 plane
1093 2485 1193 2520 ⁴haec
1227 2483 1323 2520 olim
1359 2484 1454 2520 lecta
1490 2485 1586 2527 effe;

950 2554 1121 2590 quorum
1148 2542 1251 2576 causa
1273 2542 1318 2576 ad
1338 2541 1520 2577 meliores
1541 2540 1588 2576 li-

948 2599 1040 2635 bros
1063 2609 1127 2633 aut
1155 2597 1201 2632 ad
1232 2597 1408 2634 feliciora
1432 2598 1590 2645 ingenia

946 2666 1136 2705 provoco.
1486 2659 1497 2668 ·
1531 2667 1534 2670 ·

1009 2719 1075 2748 22.
1105 2711 1186 2747 Illis
1204 2712 1310 2748 euim.
1351 2709 1588 2758 conjuncaio
