1779 3062
402 153 568 199 INST.
604 153 883 200 ORATOR.
920 155 1043 200 Lm.
1081 155 1151 211 x,
1189 166 1232 209 3.
1402 162 1495 210 157

142 279 338 333 necesse
363 280 436 330 est
462 290 686 331 avocent
708 279 770 328 ab
794 281 1092 332 intentione
1130 283 1305 349 operis
1344 280 1499 330 desti-

140 361 266 410 nati.
309 362 503 424 Neque
525 360 669 407 enim
695 357 746 405 se
773 359 914 406 bona
935 356 1047 406 fide
1068 362 1126 407 in
1148 361 1317 408 multa
1338 357 1499 409 simul

141 437 421 486 intendere
443 439 651 485 animus
688 445 862 484 totum
893 434 1094 501 potest:
1137 448 1213 495 et,
1254 454 1500 502 quocun-

52 521 135 572 936
146 532 252 580 que
269 514 511 580 respexit,
532 512 725 562 desinit
746 514 963 571 intueri,
989 513 1137 578 quod
1163 513 1500 580 propositum

119 603 267 650 erat.
350 596 522 661 Quare
558 590 814 639 silvarum
850 592 1152 649 amoenitas,
1191 602 1244 640 et
1275 603 1500 656 praeter·
1526 600 1578 642 24

144 664 375 719 labentia
393 667 634 726 flumina,
650 679 708 715 ret
731 666 1044 733 inspirantes
1066 670 1224 717 ramis
1250 669 1504 717 arborum

146 764 317 804 aurae,
357 748 755 809 volucrumque
791 756 1003 804 cantus,
1043 757 1094 794 et
1120 745 1232 812 ipsa
1268 747 1371 794 late
1407 748 1507 794 cir-

146 822 532 889 cumspiciendi
557 824 794 881 libertas,
837 822 903 871 ad
926 822 977 871 se
999 824 1244 873 trahunt:
1288 833 1350 872 ut
1369 823 1509 872 mihi

78 945 86 967 Ι
144 902 416 950 remittere
439 901 621 966 potius
658 901 910 965 voluptas
946 899 1041 949 ista
1078 902 1326 950 videatur
1364 901 1508 965 cogi-

146 980 434 1036 tationem,
515 995 676 1043 quam
713 978 1006 1026 intendere.
1120 976 1507 1028 Demosthenes
1532 993 1584 1029 25

147 1057 358 1115 melius,
375 1056 471 1121 qui
491 1053 544 1103 se
570 1056 629 1104 in
654 1056 855 1114 locum,
871 1073 933 1104 ex
957 1073 1066 1122 quo
1088 1057 1239 1105 nulla
1264 1055 1509 1104 eicaudiri

149 1151 284 1193 vox,
368 1144 421 1181 et
487 1150 551 1181 ex
620 1150 728 1197 quo
807 1134 948 1182 nihil
1023 1133 1258 1202 prospici
1324 1130 1510 1199 posset,

151 1277 240 1314 Ald.
281 1277 355 1313 Sed
384 1278 489 1313 Voss'.
516 1290 549 1313 1.
583 1281 621 1323 (a
646 1278 798 1326 m-pr.)
827 1287 1012 1315 amovent.
1246 1276 1416 1326 respexit.
1447 1279 1511 1314 Sic

152 1334 285 1370 Turio.
306 1333 432 1370 Guelf.
469 1335 601 1383 Camp.
636 1348 724 1369 cum
755 1336 873 1370 Goth.
907 1346 944 1370 et
964 1335 1049 1370 edd.
1076 1344 1161 1368 ante
1182 1335 1275 1370 Bad.
1306 1348 1380 1370 acc.
1401 1335 1514 1370 Baffl.

151 1390 341 1439 Reliquae
364 1389 571 1439 respexerit.
603 1393 743 1426 Parum
763 1404 877 1427 recte.
906 1391 952 1429 cf.
981 1404 1017 1439 9,
1051 1397 1086 1433 4,
1122 1389 1186 1437 96.
1517 1396 1520 1397 ⁷

242 1455 306 1491 24.
339 1447 908 1497 inspirantes—volucrumque.
929 1449 1060 1484 Turic.
1084 1447 1187 1483 Flor.
1212 1447 1298 1493 (hic
1317 1462 1336 1483 a
1355 1462 1414 1497 pr.
1438 1449 1515 1494 m.)

153 1508 178 1541 ἱ.
203 1507 298 1540 rami
323 1504 419 1550 (hoc
444 1515 482 1539 et
502 1504 629 1541 Guelf.
654 1518 744 1538 cum
763 1505 869 1541 Voss.
899 1518 932 1539 1.
959 1504 1019 1552 5.)
1050 1519 1084 1540 a.
1110 1519 1212 1539 arme
1238 1504 1360 1549 (Flor.
1385 1515 1513 1542 tamen

153 1560 217 1611 ae)
248 1561 448 1597 volucrum.
480 1562 613 1596 Turic.
646 1575 666 1595 a
697 1562 766 1597 sec.
797 1574 854 1596 m.
886 1564 909 1598 i.
943 1564 1038 1596 rami
1072 1575 1105 1596 a.
1136 1562 1347 1602 volucrum,
1396 1574 1432 1597 et
1461 1563 1514 1598 [ic

155 1620 287 1666 Camp.
306 1618 381 1652 nisi
403 1618 509 1665 quod
528 1620 650 1653 ramis.
885 1619 962 1654 vol.
985 1616 1064 1666 ista.
1098 1618 1230 1666 Camp.
1256 1632 1288 1653 v.
1317 1617 1398 1668 ipsa
1424 1632 1513 1654 cum

156 1676 276 1711 Goth.
309 1674 515 1722 voluptatis
536 1672 604 1722 ista
634 1675 738 1712 Flor.
975 1689 1099 1725 quam.
1133 1675 1266 1710 Turio.
1289 1675 1395 1712 Flor.
1429 1675 1516 1721 (hie

155 1746 176 1767 a
194 1746 253 1781 pr.
274 1733 346 1776 m.)
370 1732 559 1767 omittunt
591 1745 680 1767 cum
699 1732 801 1767 Alm.

247 1796 311 1832 25.
343 1789 448 1823 nulla
470 1789 652 1827 exaudiri.
686 1790 820 1825 Turio.
848 1804 886 1826 η.
911 1790 1120 1829 extuidire’,
1151 1803 1170 1823 a
1192 1790 1261 1824 sec.
1284 1803 1337 1825 m.
1373 1791 1517 1826 nullam

159 1846 345 1885 exaudire,
374 1856 410 1880 et
432 1845 482 1879 fic
504 1847 637 1894 Camp.
662 1847 732 1895 qui
753 1857 788 1881 et
807 1859 942 1882 vocem.
965 1846 1068 1881 Flor.
1094 1845 1133 1893 (a
1156 1860 1214 1894 pr.
1236 1847 1309 1891 m.)
1330 1847 1436 1882 nulla
1456 1862 1519 1883 ex-

159 1903 299 1938 audire.
332 1901 450 1936 Goth.
482 1917 516 1937 n.
541 1902 680 1938 audire.
713 1902 810 1939 Obr.
842 1903 964 1939 modo
987 1918 1010 1938 a
1028 1917 1099 1952 quo
1125 1915 1198 1951 pro
1222 1916 1265 1938 ex
1288 1916 1372 1951 quo.

247 1968 282 1994 et
310 1971 353 1992 ex
388 1971 472 2007 quo.
503 1959 636 1994 Turio.
669 1958 706 2003 (a
737 1973 796 2008 pr.
826 1961 899 2006 m.)
929 1959 1034 1995 Flor.
1067 1957 1117 2008 est
1152 1969 1187 1994 et
1210 1973 1294 2009 quo.
1321 1959 1451 1996 Guelf.
1484 1970 1521 1995 et

159 2030 181 2052 ι·
201 2029 284 2067 quo.
316 2015 435 2050 Goth.
458 2017 547 2061 (tac.
572 2016 702 2061 Gesn.)
726 2026 763 2052 et
785 2030 830 2052 ex
853 2031 936 2066 qua.
967 2017 1066 2056 Jens.
1093 2018 1182 2062 (tae.
1208 2017 1338 2062 Gesn.)
1369 2026 1522 2065 poterat:

216 2150 383 2177 avocent.
428 2141 629 2177 Vomanus
660 2141 702 2176 in
731 2142 810 2176 An-
870 2142 945 2189 Qu.
983 2154 1055 2183 12,
1114 2154 1148 2176 1.
1211 2141 1348 2189 ibique
1387 2143 1522 2178 Burni.

159 2198 258 2235 thol.
286 2199 419 2232 Burm.
448 2198 531 2236 ΙΙΙ,
575 2205 639 2240 5¹·
696 2198 808 2238 „Ob-
867 2199 962 2233 item
1008 2200 1139 2233 Senec.
1182 2209 1280 2246 patr.
1330 2198 1522 2235 Controv.

156 2255 297 2297 „lectat
317 2253 469 2294 hortus,
502 2265 649 2294 avocat,
677 2255 806 2304 pascit,
866 2254 891 2290 1.
909 2262 943 2298 5.
968 2255 1085 2303 praef.
1109 2254 1217 2290 Duk.
1242 2256 1289 2290 ad
1311 2253 1416 2289 Flor.
1432 2266 1468 2294 2,
1487 2271 1521 2292 1.

156 2315 344 2354 „tenet;“
407 2323 523 2358 quam
579 2310 806 2360 scripturam
866 2312 976 2347 Gesn.
1002 2311 1111 2346 Thes.
1144 2325 1182 2346 v.
1207 2313 1339 2346 Bonus
1365 2325 1404 2360 p.
1427 2312 1522 2356 625.

158 2368 220 2404 ibi
255 2369 501 2403 Burmannus
541 2382 560 2402 e
598 2368 711 2404 codd.
750 2383 808 2404 re·
865 2369 1069 2403 Interdum
1119 2368 1326 2417 respondet
1373 2368 1521 2406 Graeco

158 2424 289 2474 posuit
318 2433 355 2458 et
375 2423 505 2459 nostro
536 2437 691 2472 quoque
714 2425 804 2461 loco
864 2424 1038 2472 ἀτεχνῶς
1073 2438 1153 2460 non
1177 2424 1336 2473 quidem
1358 2423 1437 2466 hic,
1462 2426 1522 2461 sed

159 2481 355 2520 fi1·mavit;
404 2493 493 2516 nam
529 2481 689 2517 advocat
720 2482 808 2517 illic
865 2481 939 2517 illo
978 2480 1181 2516 declamm.
1218 2480 1321 2516 loco.
1383 2483 1520 2518 Minus

160 2537 276 2572 etiam
301 2536 504 2585 vulgatum
529 2548 619 2573 erat.
865 2549 967 2573 recte
991 2537 1056 2572 hic
1073 2538 1217 2573 Badius
1241 2537 1521 2587 interpretatur

215 2594 312 2629 hona
353 2593 451 2641 fide.
512 2594 538 2630 i.
579 2608 617 2630 e,
678 2595 804 2645 plane,
857 2594 992 2644 sedulo
1019 2603 1054 2628 et
1075 2596 1284 2641 diligenter.

155 2652 322 2699 prorsus.
355 2651 423 2693 (da
443 2664 530 2687 vero
555 2652 723 2687 Forcell.
759 2667 806 2688 ex
922 2659 985 2694 25.
1011 2649 1270 2698 Demosthenes
1292 2653 1434 2692 melius,
1453 2655 1519 2701 qui

154 2707 284 2743 nostro
327 2707 459 2755 loco.)
531 2708 588 2745 Cf.
626 2709 804 2746 Declam.
858 2708 1210 2759 se—recondebat.
1244 2708 1428 2754 cf.11,5,
1452 2714 1518 2753 54.
