1779 3062
145 603 192 640 ²9

169 1283 171 1285 .
211 1255 283 1290 tic.
321 1252 424 1289 Flor.
469 1255 595 1302 utique
632 1268 709 1291 om.
744 1255 904 1304 reliqui.

222 160 252 206 5
260 148 323 196 26
547 149 624 196 Μ.
653 150 798 197 FAB.·
828 151 1248 214 QUINTILIANI

220 275 320 325 stio
361 272 575 341 speciali
614 278 913 342 potentior,
981 278 1108 343 quia
1157 279 1410 330 universo
1453 297 1574 348 pars

222 352 560 411 continetur,
598 372 711 403 nou
752 355 942 419 utique
981 355 1181 404 accedit
1216 359 1379 422 parti,
1419 357 1571 423 quod

220 427 537 478 universum
587 429 688 479 est:
767 428 1008 497 profecto
1057 432 1219 482 nemo
1275 434 1572 493 dubitabit,

219 507 492 571 generales
530 506 862 572 quaestiones
893 510 948 558 in
988 511 1085 560 illo
1112 512 1340 560 maxime
1369 509 1574 575 studio?

221 600 345 632 rum
393 600 544 633 more
595 583 836 634 versatas.
939 590 1048 640 Jam
1098 603 1229 635 vero
1291 605 1414 635 cum
1467 586 1573 636 sint

217 662 387 709 multa
425 663 660 729 propriis
690 663 1050 728 brevibusque
1081 662 1572 728 comprehensioni-

217 737 322 787 bus
362 736 652 802 finiendQ‘
688 737 835 789 unde
887 741 1042 787 etiam
1093 738 1252 788 status
1295 729 1572 792 causarum

217 814 422 864 dicitur
447 812 728 886 finitivus.-
803 834 986 867 nonne
1029 816 1094 865 ad
1133 816 1191 865 id
1229 834 1450 883 quoque
1486 819 1572 867 in·

219 890 350 943 strui
390 893 454 941 ab
499 895 598 965 iis,
664 895 760 961 qui
799 896 922 961 plus
961 895 1023 944 in
1062 895 1166 944 hoc
1206 893 1371 944 studii
1411 895 1572 945 dede-

216 1083 342 1120 Goth.
371 1084 476 1122 Voff.
509 1095 544 1121 2.
578 1087 675 1125 Jens.
709 1097 746 1125 et
775 1087 859 1123 edd.
889 1086 981 1136 post.
1012 1097 1098 1123 ante
1126 1084 1214 1121 Ald.
1237 1096 1312 1122 ace.
1336 1084 1428 1120 Bad.
1452 1097 1481 1120 c.
1506 1084 1572 1120 αιί·

214 1137 290 1176 }tem
311 1139 365 1189 sit
393 1134 427 1177 οξ
463 1142 595 1191 Camp.
629 1157 660 1179 c.
690 1143 779 1182 Ald.
803 1144 915 1180 Bafil.
947 1143 1048 1192 c-sit:
1068 1152 1191 1178 autem.
1215 1156 1250 1179 ο.
1281 1141 1438 1190 reliqui.
1499 1155 1573 1191 qua

211 1210 286 1246 pro
309 1199 398 1246 quia
429 1198 562 1233 Turic.
595 1199 700 1235 Flor.
982 1213 1072 1247 pars
1103 1201 1230 1247 utique
1262 1207 1360 1233 cont.
1401 1198 1464 1234 sic
1491 1199 1572 1234 Tu·

968 1257 1135 1304 quod'in
1167 1257 1266 1290 univ.
1301 1254 1405 1291 Voss'.
1441 1269 1475 1289 1.
1521 1251 1572 1302 efi

213 1323 291 1346 om.
310 1303 455 1345 ⁴Turio.
1253 1308 1408 1360 versatis
1436 1310 1570 1347 Turie.

212 1366 317 1403 Flor.

525 1311 712 1348 dubitavit
740 1313 874 1349 Turic.
909 1311 1015 1349 rior.
1049 1312 1180 1362 Camp.

381 1365 537 1416 vetsitas
570 1369 699 1405 Guelf.

212 1526 215 1527 ⁷
301 1492 365 1528 ¹9·
405 1480 579 1530 brevique
610 1495 638 1516 c.
663 1480 855 1530 finiendis
887 1482 1020 1518 Turic-
1052 1479 1158 1517 Flor.
1190 1480 1356 1517 brevibus
1376 1495 1404 1517 c.
1429 1480 1570 1529 finien-

211 1538 263 1573 da
284 1535 412 1573 Guelf.
436 1550 466 1572 c.
493 1538 599 1575 Voff.
628 1547 664 1581 5.
716 1538 909 1586 finitimus
932 1541 1064 1587 Camp.
1124 1538 1171 1572 ab
1194 1538 1247 1571 his
1271 1539 1404 1574 Turio.
1431 1539 1565 1588 Camp.

201 1592 330 1643 studio
367 1593 471 1628 Flor.
510 1606 540 1630 c.
576 1594 678 1631 Alm.
739 1597 849 1644 aequi
877 1595 1125 1643 disposicione
1155 1596 1287 1644 Camp.
1348 1609 1372 1630 a
1401 1607 1474 1644 pro
1504 1603 1570 1630 aut

209 1646 345 1697 Turio.
409 1663 495 1697 pars
520 1651 571 1686 ad
601 1660 673 1688 rac.
706 1663 786 1687 om.
819 1652 954 1702 Camp.
1015 1664 1149 1700 parum
1177 1651 1228 1687 ad
1255 1664 1346 1687 mor.
1367 1651 1502 1687 Ambr.
1523 1659 1561 1688 2.

211 1721 243 1744 c.
266 1708 374 1749 Voss.
398 1719 433 1742 ι.

212 1854 328 1894 alibi,
368 1853 441 1889 ubi
471 1853 519 1889 ad
552 1855 676 1891 causas
701 1856 861 1891 vincen-

213 1910 476 1947 dasrefortur.
541 1912 659 1958 Quod
679 1926 766 1948 cum
788 1912 862 1960 Ipsi
919 1928 1047 1962 neque
1095 1915 1301 1963 quisquam
1352 1913 1566 1952 dubitabit,

213 1967 443 2017 Spaldingio
465 1966 531 2002 hic
551 1968 747 2009 acciderit,
783 1980 862 2004 tur·
921 1984 981 2006 eas
1019 1971 1062 2006 i'n
1093 1971 1167 2006 illo
1197 1971 1394 2012 maxime,
1448 1982 1566 2019 quem

212 2025 348 2062 batum
388 2023 454 2058 hic
494 2022 645 2072 aliquid
688 2026 859 2074 putabat.
922 2027 1049 2063 oraeci
1096 2027 1325 2076 philosophi
1375 2027 1566 2075 praefere-

212 2081 286 2117 sed
307 2082 502 2129 potentior
515 2081 663 2116 dictum
684 2082 750 2117 hic
770 2082 861 2131 phi·
918 2054 1033 2124 gant,
1064 2084 1284 2120 studiorum
1310 2095 1420 2119 more
1448 2095 1566 2131 quam

212 2136 416 2186 Iosophico
448 2137 577 2179 sensu;
634 2137 724 2187 plus
755 2140 860 2174 enim

920 1856 1111 1893 [tionibus
1125 1869 1282 1906 operam
1296 1857 1385 1892 dare
1403 1856 1565 1897 debere3

918 2140 1163 2176 subtiliss'ime
1202 2141 1349 2188 semper
1389 2149 1564 2175 tractatas

211 2194 317 2230 valet
363 2193 554 2242 generalis
602 2196 772 2243 quaestio
824 2206 861 2231 et

210 2250 324 2301 plura
355 2251 497 2292 efficit,
530 2264 575 2286 eo
607 2252 716 2299 quod
745 2252 859 2300 plura

212 2307 499 2356 complectitur.
568 2307 676 2343 Illud
715 2321 858 2356 porro,

211 2365 318 2414 quod
338 2365 381 2400 in
400 2377 551 2412 quaque
575 2365 735 2400 materia
769 2365 858 2399 uni-

210 2422 363 2458 versum
388 2421 456 2460 est,
495 2434 577 2457 non
597 2422 734 2470 utique
757 2435 856 2457 acce-

210 2479 267 2514 dic
289 2476 438 2523 (ἕπεται,
462 2478 511 2513 sic
537 2478 686 2527 optime
708 2477 856 2515 Boeck—

210 2534 327 2580 hius)
362 2535 476 2584 parti.
545 2537 650 2583 Quae
683 2549 770 2571 cum
800 2535 854 2569 ita

211 2591 294 2627 sint,
323 2590 435 2626 facile
455 2591 636 2634 efficitur,
661 2606 761 2633 eum,
786 2592 856 2640 qui

210 2647 254 2681 in
276 2647 438 2683 dicendo
471 2649 506 2683 se
527 2662 728 2696 nunquam
750 2650 860 2685 desti-

212 2705 272 2742 tui
298 2704 426 2746 volet,
471 2705 719 2755 generalibus
742 2719 860 2756 quae·

919 2197 1002 2232 effe.
1061 2199 1117 2232 Ita
1140 2196 1233 2231 haec
1259 2196 1287 2230 si
1311 2193 1563 2244 explicamus,

916 2266 996 2289 non
1020 2252 1144 2288 solum
1174 2253 1215 2287 in
1233 2251 1306 2287 illo
1327 2264 1427 2286 moro
1460 2253 1562 2299 (pro

917 2322 996 2358 quo
1013 2323 1060 2345 ne
1074 2310 1161 2357 quis
1176 2319 1297 2344 tentet
1314 2321 1459 2356 genere,
1474 2320 1563 2343 cau·

915 2376 999 2401 tum
1019 2365 1135 2406 volo)
1156 2377 1272 2401 nemo
1292 2364 1478 2405 haerebit,
1500 2363 1562 2400 sed

916 2434 952 2458 et
971 2423 1187 2472 perfectum
1209 2420 1374 2470 versatas
1388 2434 1468 2457 non
1481 2421 1560 2456 fine

913 2481 1065 2515 ratione
1116 2479 1339 2514 adhibitum
1385 2478 1562 2526 agnosce·

913 2549 1012 2576 mus,
1029 2537 1136 2584 quod
1149 2548 1220 2585 pro
1236 2533 1373 2582 versari
1389 2535 1558 2583 positum

915 2604 952 2627 et
981 2593 1058 2641 ipse
1082 2605 1169 2628 cum
1183 2590 1427 2639 Spaldingio,
1453 2603 1556 2627 ante·

919 2662 1033 2696 quam
1046 2647 1338 2684 cumBoeekhio
1351 2647 1442 2682 haec
1454 2660 1560 2683 com-

917 2706 1171 2748 municarem,
1188 2703 1369 2755 mirabar.
1383 2705 1556 2741 Bnmrm.
