<?xml version="1.0" encoding="UTF-8"?>
<!DOCTYPE html PUBLIC "-//W3C//DTD XHTML 1.0 Transitional//EN"
    "http://www.w3.org/TR/xhtml1/DTD/xhtml1-transitional.dtd">
<html xmlns="http://www.w3.org/1999/xhtml" xml:lang="en" lang="en">
 <head>
  <title>
</title>
<meta http-equiv="Content-Type" content="text/html;charset=utf-8" />
  <meta name='ocr-system' content='tesseract 3.04.00' />
  <meta name='ocr-capabilities' content='ocr_page ocr_carea ocr_par ocr_line ocrx_word'/>
</head>
<body>
  <div class='ocr_page' id='page_1' title='image "./deinstitutioneor04quinuoft_0232.png"; bbox 0 0 1779 3062; ppageno 0'>
   <div class='ocr_carea' id='block_1_1' title="bbox 248 181 1270 243">
    <p class='ocr_par' dir='ltr' id='par_1_1' title="bbox 248 181 1270 243">
     <span class='ocr_line' id='line_1_1' title="bbox 248 181 1270 243; baseline -0.001 -16"><span class='ocrx_word' id='word_1_1' title='bbox 248 183 345 228; x_wconf 72' lang='lat'>206</span> <span class='ocrx_word' id='word_1_2' title='bbox 572 181 647 226; x_wconf 85' lang='lat' dir='ltr'>M.</span> <span class='ocrx_word' id='word_1_3' title='bbox 682 181 816 225; x_wconf 84' lang='lat' dir='ltr'>FAB.</span> <span class='ocrx_word' id='word_1_4' title='bbox 853 182 1270 243; x_wconf 74' lang='lat' dir='ltr'>QuthLIANi</span> 
     </span>
    </p>
   </div>
   <div class='ocr_carea' id='block_1_2' title="bbox 175 306 1600 450">
    <p class='ocr_par' dir='ltr' id='par_1_2' title="bbox 175 306 1600 450">
     <span class='ocr_line' id='line_1_2' title="bbox 175 306 1600 374; baseline 0.004 -20"><span class='ocrx_word' id='word_1_5' title='bbox 175 329 227 365; x_wconf 83' lang='lat'>¹7</span> <span class='ocrx_word' id='word_1_6' title='bbox 250 307 518 355; x_wconf 84' lang='lat' dir='ltr'>excitatur.</span> <span class='ocrx_word' id='word_1_7' title='bbox 599 308 849 372; x_wconf 84' lang='lat' dir='ltr'>Namque</span> <span class='ocrx_word' id='word_1_8' title='bbox 871 317 922 355; x_wconf 86' lang='lat' dir='ltr'>et</span> <span class='ocrx_word' id='word_1_9' title='bbox 947 306 1299 357; x_wconf 82' lang='lat' dir='ltr'>difficiliorem</span> <span class='ocrx_word' id='word_1_10' title='bbox 1323 310 1600 374; x_wconf 81' lang='lat' dir='ltr'>cogitatio-</span> 
     </span>
     <span class='ocr_line' id='line_1_3' title="bbox 244 383 1596 450; baseline 0.003 -19"><span class='ocrx_word' id='word_1_11' title='bbox 244 401 369 432; x_wconf 86' lang='lat' dir='ltr'>nem</span> <span class='ocrx_word' id='word_1_12' title='bbox 395 385 644 448; x_wconf 82' lang='lat' dir='ltr'>exprimit</span> <span class='ocrx_word' id='word_1_13' title='bbox 668 395 720 432; x_wconf 89' lang='lat' dir='ltr'>et</span> <span class='ocrx_word' id='word_1_14' title='bbox 745 385 960 450; x_wconf 80' lang='lat' dir='ltr'>expellit</span> <span class='ocrx_word' id='word_1_15' title='bbox 985 383 1200 432; x_wconf 85' lang='lat' dir='ltr'>dicendi</span> <span class='ocrx_word' id='word_1_16' title='bbox 1221 386 1504 444; x_wconf 80' lang='lat' dir='ltr'>neceffitas‚</span> <span class='ocrx_word' id='word_1_17' title='bbox 1545 397 1596 435; x_wconf 82' lang='lat' dir='ltr'>et</span> 
     </span>
    </p>
   </div>
   <div class='ocr_carea' id='block_1_3' title="bbox 242 459 1598 757">
    <p class='ocr_par' dir='ltr' id='par_1_3' title="bbox 242 459 1598 757">
     <span class='ocr_line' id='line_1_4' title="bbox 243 459 1595 527; baseline 0.003 -19"><span class='ocrx_word' id='word_1_18' title='bbox 243 459 503 510; x_wconf 81' lang='lat' dir='ltr'>secundos</span> <span class='ocrx_word' id='word_1_19' title='bbox 566 462 797 526; x_wconf 88' lang='lat' dir='ltr'>impetus</span> <span class='ocrx_word' id='word_1_20' title='bbox 855 471 1010 525; x_wconf 73' lang='lat' dir='ltr'>auget</span> <span class='ocrx_word' id='word_1_21' title='bbox 1070 460 1315 525; x_wconf 81' lang='lat' dir='ltr'>placendi</span> <span class='ocrx_word' id='word_1_22' title='bbox 1380 463 1595 527; x_wconf 87' lang='lat' dir='ltr'>cupido.</span> 
     </span>
     <span class='ocr_line' id='line_1_5' title="bbox 243 524 1598 604; baseline 0.001 -19"><span class='ocrx_word' id='word_1_23' title='bbox 243 537 393 587; x_wconf 87' lang='lat' dir='ltr'>Adeo</span> <span class='ocrx_word' id='word_1_24' title='bbox 419 524 716 603; x_wconf 66' lang='lat' dir='ltr'>praemium</span> <span class='ocrx_word' id='word_1_25' title='bbox 738 539 914 588; x_wconf 86' lang='lat' dir='ltr'>omnia</span> <span class='ocrx_word' id='word_1_26' title='bbox 937 536 1181 602; x_wconf 79' lang='lat' dir='ltr'>spectant,</span> <span class='ocrx_word' id='word_1_27' title='bbox 1209 548 1270 587; x_wconf 87' lang='lat' dir='ltr'>ut</span> <span class='ocrx_word' id='word_1_28' title='bbox 1293 539 1598 604; x_wconf 82' lang='lat' dir='ltr'>eloquentia</span> 
     </span>
     <span class='ocr_line' id='line_1_6' title="bbox 245 614 1596 679; baseline 0.001 -18"><span class='ocrx_word' id='word_1_29' title='bbox 245 631 490 679; x_wconf 85' lang='lat' dir='ltr'>quoque,</span> <span class='ocrx_word' id='word_1_30' title='bbox 545 631 851 679; x_wconf 75' lang='lat' dir='ltr'>quanquam</span> <span class='ocrx_word' id='word_1_31' title='bbox 891 615 1190 679; x_wconf 89' lang='lat' dir='ltr'>plurimum</span> <span class='ocrx_word' id='word_1_32' title='bbox 1232 614 1424 663; x_wconf 80' lang='lat' dir='ltr'>habeat</span> <span class='ocrx_word' id='word_1_33' title='bbox 1453 617 1510 663; x_wconf 87' lang='lat' dir='ltr'>in</span> <span class='ocrx_word' id='word_1_34' title='bbox 1543 614 1596 663; x_wconf 88' lang='lat' dir='ltr'>se</span> 
     </span>
     <span class='ocr_line' id='line_1_7' title="bbox 242 689 1595 757; baseline 0.002 -19"><span class='ocrx_word' id='word_1_35' title='bbox 242 691 563 757; x_wconf 85' lang='lat' dir='ltr'>voluptatis,</span> <span class='ocrx_word' id='word_1_36' title='bbox 617 694 846 740; x_wconf 79' lang='lat' dir='ltr'>maxime</span> <span class='ocrx_word' id='word_1_37' title='bbox 888 702 1063 738; x_wconf 80' lang='lat' dir='ltr'>tamen</span> <span class='ocrx_word' id='word_1_38' title='bbox 1110 689 1369 755; x_wconf 77' lang='lat' dir='ltr'>praesenti</span> <span class='ocrx_word' id='word_1_39' title='bbox 1412 690 1595 742; x_wconf 65' lang='lat' dir='ltr'>fruct-u</span> 
     </span>
    </p>
   </div>
   <div class='ocr_carea' id='block_1_4' title="bbox 171 766 1596 834">
    <p class='ocr_par' dir='ltr' id='par_1_4' title="bbox 171 766 1596 834">
     <span class='ocr_line' id='line_1_8' title="bbox 171 766 1596 834; baseline 0.001 -18"><span class='ocrx_word' id='word_1_40' title='bbox 171 781 224 821; x_wconf 64' lang='lat'>&#39;13</span> <span class='ocrx_word' id='word_1_41' title='bbox 247 767 421 818; x_wconf 82' lang='lat' dir='ltr'>laudis</span> <span class='ocrx_word' id='word_1_42' title='bbox 443 769 827 834; x_wconf 79' lang='lat' dir='ltr'>opinionisque</span> <span class='ocrx_word' id='word_1_43' title='bbox 849 766 1086 817; x_wconf 77' lang='lat' dir='ltr'>ducatur.</span> <span class='ocrx_word' id='word_1_44' title='bbox 1165 769 1282 816; x_wconf 83' lang='lat' dir='ltr'>Nec</span> <span class='ocrx_word' id='word_1_45' title='bbox 1311 769 1596 834; x_wconf 82' lang='lat' dir='ltr'>quisquam</span> 
     </span>
    </p>
   </div>
   <div class='ocr_carea' id='block_1_5' title="bbox 218 911 1630 2075">
    <p class='ocr_par' dir='ltr' id='par_1_5' title="bbox 225 911 1613 1466">
     <span class='ocr_line' id='line_1_9' title="bbox 238 911 1613 960; baseline 0.001 -13"><span class='ocrx_word' id='word_1_46' title='bbox 238 911 405 953; x_wconf 85' lang='lat' dir='ltr'>Badius,</span> <span class='ocrx_word' id='word_1_47' title='bbox 464 912 585 948; x_wconf 82' lang='lat' dir='ltr'>aliena</span> <span class='ocrx_word' id='word_1_48' title='bbox 618 913 711 949; x_wconf 87' lang='lat' dir='ltr'>hinc</span> <span class='ocrx_word' id='word_1_49' title='bbox 756 913 877 949; x_wconf 80' lang='lat' dir='ltr'>fuerit</span> <span class='ocrx_word' id='word_1_50' title='bbox 924 913 1245 948; x_wconf 83' lang='lat' dir='ltr'>commemoratio</span> <span class='ocrx_word' id='word_1_51' title='bbox 1277 924 1435 953; x_wconf 83' lang='lat' dir='ltr'>eorum,</span> <span class='ocrx_word' id='word_1_52' title='bbox 1496 926 1613 960; x_wconf 56' lang='lat' dir='ltr'>quae*</span> 
     </span>
     <span class='ocr_line' id='line_1_10' title="bbox 239 969 1595 1017; baseline 0 -14"><span class='ocrx_word' id='word_1_53' title='bbox 239 969 415 1003; x_wconf 81' lang='lat' dir='ltr'>auditum</span> <span class='ocrx_word' id='word_1_54' title='bbox 444 969 603 1011; x_wconf 76' lang='lat' dir='ltr'>feriunt,</span> <span class='ocrx_word' id='word_1_55' title='bbox 634 983 712 1005; x_wconf 89' lang='lat' dir='ltr'>non</span> <span class='ocrx_word' id='word_1_56' title='bbox 737 969 884 1005; x_wconf 84' lang='lat' dir='ltr'>oculos.</span> <span class='ocrx_word' id='word_1_57' title='bbox 932 969 1049 1017; x_wconf 79' lang='lat' dir='ltr'>Signa</span> <span class='ocrx_word' id='word_1_58' title='bbox 1069 971 1129 1004; x_wconf 86' lang='lat' dir='ltr'>sua</span> <span class='ocrx_word' id='word_1_59' title='bbox 1150 969 1289 1017; x_wconf 82' lang='lat' dir='ltr'>singuli</span> <span class='ocrx_word' id='word_1_60' title='bbox 1310 969 1454 1004; x_wconf 75' lang='lat' dir='ltr'>habent</span> <span class='ocrx_word' id='word_1_61' title='bbox 1471 969 1595 1004; x_wconf 87' lang='lat' dir='ltr'>mani-</span> 
     </span>
     <span class='ocr_line' id='line_1_11' title="bbox 236 1024 1593 1074; baseline 0.002 -15"><span class='ocrx_word' id='word_1_62' title='bbox 236 1024 326 1073; x_wconf 85' lang='lat' dir='ltr'>puli</span> <span class='ocrx_word' id='word_1_63' title='bbox 343 1025 409 1069; x_wconf 85' lang='lat' dir='ltr'>(cf.</span> <span class='ocrx_word' id='word_1_64' title='bbox 437 1025 588 1061; x_wconf 77' lang='lat' dir='ltr'>Duker.</span> <span class='ocrx_word' id='word_1_65' title='bbox 613 1027 658 1060; x_wconf 85' lang='lat' dir='ltr'>ad</span> <span class='ocrx_word' id='word_1_66' title='bbox 680 1027 769 1061; x_wconf 84' lang='lat' dir='ltr'>Liv.</span> <span class='ocrx_word' id='word_1_67' title='bbox 796 1035 861 1069; x_wconf 79' lang='lat'>55,</span> <span class='ocrx_word' id='word_1_68' title='bbox 896 1037 931 1072; x_wconf 83' lang='lat'>9,</span> <span class='ocrx_word' id='word_1_69' title='bbox 963 1032 1001 1069; x_wconf 83' lang='grc'>8.</span> <span class='ocrx_word' id='word_1_70' title='bbox 1040 1026 1083 1061; x_wconf 89' lang='lat' dir='ltr'>it.</span> <span class='ocrx_word' id='word_1_71' title='bbox 1111 1026 1213 1074; x_wconf 86' lang='lat' dir='ltr'>Lips.</span> <span class='ocrx_word' id='word_1_72' title='bbox 1247 1026 1293 1060; x_wconf 83' lang='lat' dir='ltr'>de</span> <span class='ocrx_word' id='word_1_73' title='bbox 1317 1024 1460 1060; x_wconf 84' lang='lat' dir='ltr'>militia</span> <span class='ocrx_word' id='word_1_74' title='bbox 1485 1035 1521 1067; x_wconf 86' lang='lat'>2,</span> <span class='ocrx_word' id='word_1_75' title='bbox 1555 1031 1593 1070; x_wconf 89' lang='lat'>8.</span> 
     </span>
     <span class='ocr_line' id='line_1_12' title="bbox 237 1081 1594 1130; baseline 0.001 -15"><span class='ocrx_word' id='word_1_76' title='bbox 237 1095 275 1130; x_wconf 86' lang='lat' dir='ltr'>p.</span> <span class='ocrx_word' id='word_1_77' title='bbox 301 1081 417 1125; x_wconf 78' lang='lat'>36.);</span> <span class='ocrx_word' id='word_1_78' title='bbox 452 1095 531 1129; x_wconf 90' lang='lat' dir='ltr'>quo</span> <span class='ocrx_word' id='word_1_79' title='bbox 555 1082 668 1130; x_wconf 82' lang='lat' dir='ltr'>plura</span> <span class='ocrx_word' id='word_1_80' title='bbox 689 1095 780 1129; x_wconf 85' lang='lat' dir='ltr'>ergo</span> <span class='ocrx_word' id='word_1_81' title='bbox 807 1082 922 1129; x_wconf 78' lang='lat' dir='ltr'>signa,</span> <span class='ocrx_word' id='word_1_82' title='bbox 957 1094 1002 1116; x_wconf 84' lang='lat' dir='ltr'>eo</span> <span class='ocrx_word' id='word_1_83' title='bbox 1033 1082 1277 1130; x_wconf 73' lang='lat' dir='ltr'>frequentior</span> <span class='ocrx_word' id='word_1_84' title='bbox 1308 1081 1481 1117; x_wconf 82' lang='lat' dir='ltr'>militum</span> <span class='ocrx_word' id='word_1_85' title='bbox 1502 1094 1594 1117; x_wconf 88' lang='lat' dir='ltr'>con-</span> 
     </span>
     <span class='ocr_line' id='line_1_13' title="bbox 237 1137 1593 1187; baseline 0.002 -16"><span class='ocrx_word' id='word_1_86' title='bbox 237 1137 380 1172; x_wconf 83' lang='lat' dir='ltr'>cursus.</span> <span class='ocrx_word' id='word_1_87' title='bbox 422 1139 649 1174; x_wconf 82' lang='lat' dir='ltr'>Burmanno</span> <span class='ocrx_word' id='word_1_88' title='bbox 699 1149 826 1172; x_wconf 84' lang='lat' dir='ltr'>tamen</span> <span class='ocrx_word' id='word_1_89' title='bbox 870 1138 1023 1171; x_wconf 78' lang='lat' dir='ltr'>militem</span> <span class='ocrx_word' id='word_1_90' title='bbox 1060 1138 1126 1173; x_wconf 85' lang='lat' dir='ltr'>hic</span> <span class='ocrx_word' id='word_1_91' title='bbox 1169 1138 1378 1187; x_wconf 82' lang='lat' dir='ltr'>accipienti</span> <span class='ocrx_word' id='word_1_92' title='bbox 1418 1138 1463 1174; x_wconf 90' lang='lat' dir='ltr'>de</span> <span class='ocrx_word' id='word_1_93' title='bbox 1496 1138 1593 1174; x_wconf 81' lang='lat' dir='ltr'>duee</span> 
     </span>
     <span class='ocr_line' id='line_1_14' title="bbox 237 1193 1594 1241; baseline 0.001 -14"><span class='ocrx_word' id='word_1_94' title='bbox 237 1194 452 1228; x_wconf 81' lang='lat' dir='ltr'>exercitum</span> <span class='ocrx_word' id='word_1_95' title='bbox 487 1193 722 1241; x_wconf 79' lang='lat' dir='ltr'>alloquente,</span> <span class='ocrx_word' id='word_1_96' title='bbox 755 1193 979 1239; x_wconf 83' lang='lat' dir='ltr'>cujusmodi</span> <span class='ocrx_word' id='word_1_97' title='bbox 1009 1194 1206 1229; x_wconf 85' lang='lat' dir='ltr'>exhibitos</span> <span class='ocrx_word' id='word_1_98' title='bbox 1237 1195 1320 1229; x_wconf 84' lang='lat' dir='ltr'>sane</span> <span class='ocrx_word' id='word_1_99' title='bbox 1348 1195 1390 1229; x_wconf 87' lang='lat' dir='ltr'>in</span> <span class='ocrx_word' id='word_1_100' title='bbox 1421 1195 1594 1230; x_wconf 85' lang='lat' dir='ltr'>nummis</span> 
     </span>
     <span class='ocr_line' id='line_1_15' title="bbox 234 1249 1589 1297; baseline 0.002 -14"><span class='ocrx_word' id='word_1_101' title='bbox 234 1260 337 1284; x_wconf 72' lang='lat' dir='ltr'>recte</span> <span class='ocrx_word' id='word_1_102' title='bbox 383 1249 451 1284; x_wconf 84' lang='lat' dir='ltr'>ille</span> <span class='ocrx_word' id='word_1_103' title='bbox 497 1250 730 1284; x_wconf 83' lang='lat' dir='ltr'>demonstrat</span> <span class='ocrx_word' id='word_1_104' title='bbox 769 1249 873 1297; x_wconf 82' lang='lat' dir='ltr'>apud</span> <span class='ocrx_word' id='word_1_105' title='bbox 910 1249 1190 1295; x_wconf 79' lang='lat' dir='ltr'>Spanhemium</span> <span class='ocrx_word' id='word_1_106' title='bbox 1238 1251 1283 1285; x_wconf 85' lang='lat' dir='ltr'>de</span> <span class='ocrx_word' id='word_1_107' title='bbox 1322 1252 1370 1285; x_wconf 86' lang='lat' dir='ltr'>U.</span> <span class='ocrx_word' id='word_1_108' title='bbox 1402 1263 1433 1284; x_wconf 81' lang='lat' dir='ltr'>e.</span> <span class='ocrx_word' id='word_1_109' title='bbox 1461 1252 1501 1287; x_wconf 83' lang='lat' dir='ltr'>P.</span> <span class='ocrx_word' id='word_1_110' title='bbox 1536 1252 1589 1286; x_wconf 88' lang='lat' dir='ltr'>N.</span> 
     </span>
     <span class='ocr_line' id='line_1_16' title="bbox 233 1305 1593 1354; baseline 0.002 -15"><span class='ocrx_word' id='word_1_111' title='bbox 233 1305 394 1340; x_wconf 71' lang='lat' dir='ltr'>Diss&#39;ert.</span> <span class='ocrx_word' id='word_1_112' title='bbox 438 1317 473 1353; x_wconf 85' lang='lat'>9.</span> <span class='ocrx_word' id='word_1_113' title='bbox 535 1305 872 1340; x_wconf 75' lang='lat' dir='ltr'>circumstantibus</span> <span class='ocrx_word' id='word_1_114' title='bbox 929 1305 1066 1351; x_wconf 82' lang='lat' dir='ltr'>signis,</span> <span class='ocrx_word' id='word_1_115' title='bbox 1133 1319 1378 1354; x_wconf 85' lang='lat' dir='ltr'>nequaquam</span> <span class='ocrx_word' id='word_1_116' title='bbox 1438 1308 1593 1342; x_wconf 84' lang='lat' dir='ltr'>accedo.</span> 
     </span>
     <span class='ocr_line' id='line_1_17' title="bbox 231 1361 1588 1412; baseline 0.004 -18"><span class='ocrx_word' id='word_1_117' title='bbox 231 1361 414 1397; x_wconf 85' lang='lat' dir='ltr'>Nimium</span> <span class='ocrx_word' id='word_1_118' title='bbox 446 1362 546 1407; x_wconf 78' lang='lat' dir='ltr'>jacet</span> <span class='ocrx_word' id='word_1_119' title='bbox 577 1361 794 1397; x_wconf 79' lang='lat' dir='ltr'>similitudo</span> <span class='ocrx_word' id='word_1_120' title='bbox 828 1361 977 1395; x_wconf 80' lang='lat' dir='ltr'>oratori</span> <span class='ocrx_word' id='word_1_121' title='bbox 1006 1361 1128 1409; x_wconf 83' lang='lat' dir='ltr'>petita</span> <span class='ocrx_word' id='word_1_122' title='bbox 1158 1362 1203 1397; x_wconf 80' lang='lat' dir='ltr'>ab</span> <span class='ocrx_word' id='word_1_123' title='bbox 1238 1373 1391 1398; x_wconf 79' lang='lat' dir='ltr'>oratore</span> <span class='ocrx_word' id='word_1_124' title='bbox 1422 1373 1461 1398; x_wconf 89' lang='lat' dir='ltr'>et</span> <span class='ocrx_word' id='word_1_125' title='bbox 1491 1363 1588 1412; x_wconf 80' lang='lat' dir='ltr'>ipso,</span> 
     </span>
     <span class='ocr_line' id='line_1_18' title="bbox 225 1416 652 1466; baseline 0.005 -15"><span class='ocrx_word' id='word_1_126' title='bbox 225 1430 445 1466; x_wconf 75' lang='lat' dir='ltr'>quanquam</span> <span class='ocrx_word' id='word_1_127' title='bbox 476 1416 652 1454; x_wconf 76' lang='lat' dir='ltr'>militari.</span> 
     </span>
    </p>

    <p class='ocr_par' dir='ltr' id='par_1_6' title="bbox 218 1471 1630 2075">
     <span class='ocr_line' id='line_1_19' title="bbox 318 1471 1587 1524; baseline 0.003 -16"><span class='ocrx_word' id='word_1_128' title='bbox 318 1483 379 1516; x_wconf 85' lang='lat'>17.</span> <span class='ocrx_word' id='word_1_129' title='bbox 414 1471 669 1522; x_wconf 72' lang='lat' dir='ltr'>dffciliorcm</span> <span class='ocrx_word' id='word_1_130' title='bbox 692 1475 972 1522; x_wconf 70' lang='lat' dir='ltr'>cogitationem.</span> <span class='ocrx_word' id='word_1_131' title='bbox 1004 1473 1135 1510; x_wconf 79' lang='lat' dir='ltr'>Turio.</span> <span class='ocrx_word' id='word_1_132' title='bbox 1158 1473 1262 1510; x_wconf 83' lang='lat' dir='ltr'>Flor.</span> <span class='ocrx_word' id='word_1_133' title='bbox 1287 1474 1371 1519; x_wconf 85' lang='lat' dir='ltr'>(hic</span> <span class='ocrx_word' id='word_1_134' title='bbox 1390 1489 1408 1509; x_wconf 83' lang='lat' dir='ltr'>a</span> <span class='ocrx_word' id='word_1_135' title='bbox 1431 1488 1490 1524; x_wconf 82' lang='lat' dir='ltr'>pr.</span> <span class='ocrx_word' id='word_1_136' title='bbox 1512 1474 1587 1524; x_wconf 83' lang='lat' dir='ltr'>m.)</span> 
     </span>
     <span class='ocr_line' id='line_1_20' title="bbox 223 1529 1585 1581; baseline 0.001 -16"><span class='ocrx_word' id='word_1_137' title='bbox 223 1531 399 1566; x_wconf 83' lang='lat' dir='ltr'>inserunt</span> <span class='ocrx_word' id='word_1_138' title='bbox 431 1529 511 1579; x_wconf 82' lang='lat' dir='ltr'>effe.</span> <span class='ocrx_word' id='word_1_139' title='bbox 754 1532 920 1577; x_wconf 72' lang='lat' dir='ltr'>expellit.</span> <span class='ocrx_word' id='word_1_140' title='bbox 956 1531 1089 1566; x_wconf 70' lang='lat' dir='ltr'>Turic.</span> <span class='ocrx_word' id='word_1_141' title='bbox 1122 1532 1296 1577; x_wconf 69' lang='lat' dir='ltr'>explevit.</span> <span class='ocrx_word' id='word_1_142' title='bbox 1329 1532 1433 1566; x_wconf 82' lang='lat' dir='ltr'>Flor.</span> <span class='ocrx_word' id='word_1_143' title='bbox 1468 1535 1585 1581; x_wconf 81' lang='lat' dir='ltr'>(apr.</span> 
     </span>
     <span class='ocr_line' id='line_1_21' title="bbox 223 1585 1585 1636; baseline 0.002 -15"><span class='ocrx_word' id='word_1_144' title='bbox 223 1590 297 1629; x_wconf 68' lang='lat' dir='ltr'>rm.)</span> <span class='ocrx_word' id='word_1_145' title='bbox 349 1587 522 1633; x_wconf 78' lang='lat' dir='ltr'>explebit.</span> <span class='ocrx_word' id='word_1_146' title='bbox 582 1587 630 1619; x_wconf 89' lang='lat' dir='ltr'>In</span> <span class='ocrx_word' id='word_1_147' title='bbox 676 1585 777 1621; x_wconf 84' lang='lat' dir='ltr'>Alm.</span> <span class='ocrx_word' id='word_1_148' title='bbox 825 1587 974 1622; x_wconf 80' lang='lat' dir='ltr'>turbari</span> <span class='ocrx_word' id='word_1_149' title='bbox 1006 1587 1156 1633; x_wconf 77' lang='lat' dir='ltr'>aliquid</span> <span class='ocrx_word' id='word_1_150' title='bbox 1196 1598 1383 1623; x_wconf 79' lang='lat' dir='ltr'>narratur.</span> <span class='ocrx_word' id='word_1_151' title='bbox 1440 1589 1585 1636; x_wconf 70' lang='lat' dir='ltr'>expolit</span> 
     </span>
     <span class='ocr_line' id='line_1_22' title="bbox 226 1641 1582 1693; baseline 0.002 -16"><span class='ocrx_word' id='word_1_152' title='bbox 226 1641 400 1690; x_wconf 76' lang='lat' dir='ltr'>Gryphii</span> <span class='ocrx_word' id='word_1_153' title='bbox 433 1642 597 1686; x_wconf 67' lang='lat'>(1544.)</span> <span class='ocrx_word' id='word_1_154' title='bbox 632 1654 780 1690; x_wconf 80' lang='lat' dir='ltr'>margo,</span> <span class='ocrx_word' id='word_1_155' title='bbox 814 1644 938 1678; x_wconf 86' lang='lat' dir='ltr'>Stoer.</span> <span class='ocrx_word' id='word_1_156' title='bbox 971 1643 1137 1679; x_wconf 85' lang='lat' dir='ltr'>Chouet.</span> <span class='ocrx_word' id='word_1_157' title='bbox 1170 1644 1280 1678; x_wconf 67' lang='lat' dir='ltr'>Leid.</span> <span class='ocrx_word' id='word_1_158' title='bbox 1309 1655 1412 1679; x_wconf 84' lang='lat' dir='ltr'>recte</span> <span class='ocrx_word' id='word_1_159' title='bbox 1431 1644 1582 1693; x_wconf 85' lang='lat' dir='ltr'>impro-</span> 
     </span>
     <span class='ocr_line' id='line_1_23' title="bbox 222 1698 1581 1746; baseline 0.002 -12"><span class='ocrx_word' id='word_1_160' title='bbox 222 1698 356 1734; x_wconf 77' lang='lat' dir='ltr'>batum</span> <span class='ocrx_word' id='word_1_161' title='bbox 385 1699 571 1734; x_wconf 73' lang='lat' dir='ltr'>Gibsono.</span> <span class='ocrx_word' id='word_1_162' title='bbox 854 1703 1076 1746; x_wconf 78' lang='lat' dir='ltr'>praemium.</span> <span class='ocrx_word' id='word_1_163' title='bbox 1133 1700 1265 1734; x_wconf 85' lang='lat' dir='ltr'>Turio.</span> <span class='ocrx_word' id='word_1_164' title='bbox 1306 1699 1411 1735; x_wconf 74' lang='lat' dir='ltr'>flor.</span> <span class='ocrx_word' id='word_1_165' title='bbox 1450 1700 1581 1737; x_wconf 75' lang='lat' dir='ltr'>Guelf-</span> 
     </span>
     <span class='ocr_line' id='line_1_24' title="bbox 223 1753 1580 1804; baseline 0.003 -15"><span class='ocrx_word' id='word_1_166' title='bbox 223 1756 357 1803; x_wconf 85' lang='lat' dir='ltr'>Camp.</span> <span class='ocrx_word' id='word_1_167' title='bbox 388 1757 548 1804; x_wconf 59' lang='lat' dir='ltr'>pretium</span> <span class='ocrx_word' id='word_1_168' title='bbox 579 1766 667 1788; x_wconf 85' lang='lat' dir='ltr'>cum</span> <span class='ocrx_word' id='word_1_169' title='bbox 691 1753 810 1790; x_wconf 87' lang='lat' dir='ltr'>Goth.</span> <span class='ocrx_word' id='word_1_170' title='bbox 845 1757 949 1793; x_wconf 65' lang='lat' dir='ltr'>Voss‘.</span> <span class='ocrx_word' id='word_1_171' title='bbox 974 1767 1010 1792; x_wconf 80' lang='lat'>2.</span> <span class='ocrx_word' id='word_1_172' title='bbox 1043 1755 1143 1794; x_wconf 81' lang='lat' dir='ltr'>Vall.</span> <span class='ocrx_word' id='word_1_173' title='bbox 1176 1757 1291 1792; x_wconf 84' lang='lat' dir='ltr'>Bern.</span> <span class='ocrx_word' id='word_1_174' title='bbox 1325 1767 1361 1791; x_wconf 91' lang='lat' dir='ltr'>et</span> <span class='ocrx_word' id='word_1_175' title='bbox 1382 1756 1467 1792; x_wconf 87' lang='lat' dir='ltr'>edd.</span> <span class='ocrx_word' id='word_1_176' title='bbox 1493 1769 1580 1793; x_wconf 83' lang='lat' dir='ltr'>ante</span> 
     </span>
     <span class='ocr_line' id='line_1_25' title="bbox 218 1809 1580 1860; baseline 0.001 -13"><span class='ocrx_word' id='word_1_177' title='bbox 218 1810 308 1847; x_wconf 86' lang='lat' dir='ltr'>Ald.</span> <span class='ocrx_word' id='word_1_178' title='bbox 341 1824 415 1846; x_wconf 86' lang='lat' dir='ltr'>acc.</span> <span class='ocrx_word' id='word_1_179' title='bbox 461 1809 573 1846; x_wconf 82' lang='lat' dir='ltr'>Basil.</span> <span class='ocrx_word' id='word_1_180' title='bbox 618 1811 800 1846; x_wconf 77' lang='lat' dir='ltr'>Correxit</span> <span class='ocrx_word' id='word_1_181' title='bbox 834 1813 1001 1860; x_wconf 79' lang='lat' dir='ltr'>Regius,</span> <span class='ocrx_word' id='word_1_182' title='bbox 1032 1812 1236 1847; x_wconf 81' lang='lat' dir='ltr'>rectiffime</span> <span class='ocrx_word' id='word_1_183' title='bbox 1269 1823 1304 1847; x_wconf 84' lang='lat' dir='ltr'>et</span> <span class='ocrx_word' id='word_1_184' title='bbox 1330 1812 1580 1848; x_wconf 79' lang='lat' dir='ltr'>laudabiliter</span> 
     </span>
     <span class='ocr_line' id='line_1_26' title="bbox 218 1867 1630 1914; baseline 0.001 -11"><span class='ocrx_word' id='word_1_185' title='bbox 218 1868 285 1903; x_wconf 83' lang='lat' dir='ltr'>ista</span> <span class='ocrx_word' id='word_1_186' title='bbox 308 1878 442 1903; x_wconf 83' lang='lat' dir='ltr'>aetate.</span> <span class='ocrx_word' id='word_1_187' title='bbox 477 1867 524 1902; x_wconf 88' lang='lat' dir='ltr'>cf.</span> <span class='ocrx_word' id='word_1_188' title='bbox 553 1880 669 1914; x_wconf 85' lang='lat' dir='ltr'>quem</span> <span class='ocrx_word' id='word_1_189' title='bbox 709 1867 941 1903; x_wconf 76' lang='lat' dir='ltr'>demonstrat</span> <span class='ocrx_word' id='word_1_190' title='bbox 978 1871 1112 1904; x_wconf 79' lang='lat' dir='ltr'>Burm.</span> <span class='ocrx_word' id='word_1_191' title='bbox 1147 1868 1395 1904; x_wconf 82' lang='lat' dir='ltr'>Gronovium</span> <span class='ocrx_word' id='word_1_192' title='bbox 1417 1868 1579 1905; x_wconf 82' lang='lat' dir='ltr'>Observ.</span> <span class='ocrx_word' id='word_1_193' title='bbox 1627 1888 1630 1892; x_wconf 60' lang='lat'><em>&lt;</em></span> 
     </span>
     <span class='ocr_line' id='line_1_27' title="bbox 220 1921 1579 1974; baseline 0 -14"><span class='ocrx_word' id='word_1_194' title='bbox 220 1935 270 1964; x_wconf 81' lang='lat'>2,</span> <span class='ocrx_word' id='word_1_195' title='bbox 303 1932 366 1967; x_wconf 85' lang='lat'>25.</span> <span class='ocrx_word' id='word_1_196' title='bbox 402 1924 498 1958; x_wconf 87' lang='lat' dir='ltr'>item</span> <span class='ocrx_word' id='word_1_197' title='bbox 533 1921 734 1959; x_wconf 77' lang='lat' dir='ltr'>Drakenb.</span> <span class='ocrx_word' id='word_1_198' title='bbox 776 1924 823 1959; x_wconf 80' lang='lat' dir='ltr'>ad</span> <span class='ocrx_word' id='word_1_199' title='bbox 850 1925 940 1960; x_wconf 83' lang='lat' dir='ltr'>Liv.</span> <span class='ocrx_word' id='word_1_200' title='bbox 978 1926 1053 1965; x_wconf 88' lang='lat'>26,</span> <span class='ocrx_word' id='word_1_201' title='bbox 1089 1931 1164 1967; x_wconf 79' lang='grc'>40,</span> <span class='ocrx_word' id='word_1_202' title='bbox 1202 1931 1263 1968; x_wconf 85' lang='lat'>15.</span> <span class='ocrx_word' id='word_1_203' title='bbox 1309 1924 1498 1974; x_wconf 43' lang='lat' dir='ltr'>et&#39;Bentl.</span> <span class='ocrx_word' id='word_1_204' title='bbox 1531 1925 1579 1961; x_wconf 84' lang='lat' dir='ltr'>ad</span> 
     </span>
     <span class='ocr_line' id='line_1_28' title="bbox 220 1980 1576 2030; baseline 0.001 -15"><span class='ocrx_word' id='word_1_205' title='bbox 220 1981 375 2015; x_wconf 79' lang='lat' dir='ltr'>Terent.</span> <span class='ocrx_word' id='word_1_206' title='bbox 407 1980 526 2015; x_wconf 88' lang='lat' dir='ltr'>Andr.</span> <span class='ocrx_word' id='word_1_207' title='bbox 551 1990 588 2019; x_wconf 87' lang='lat'>2,</span> <span class='ocrx_word' id='word_1_208' title='bbox 625 1992 657 2019; x_wconf 77' lang='grc' dir='ltr'>ι,</span> <span class='ocrx_word' id='word_1_209' title='bbox 691 1992 755 2016; x_wconf 82' lang='lat'>20.</span> <span class='ocrx_word' id='word_1_210' title='bbox 996 1980 1183 2030; x_wconf 77' lang='lat' dir='ltr'>spectant.</span> <span class='ocrx_word' id='word_1_211' title='bbox 1218 1981 1352 2030; x_wconf 80' lang='lat' dir='ltr'>Camp.</span> <span class='ocrx_word' id='word_1_212' title='bbox 1380 1990 1576 2030; x_wconf 73' lang='lat' dir='ltr'>expectant</span> 
     </span>
     <span class='ocr_line' id='line_1_29' title="bbox 219 2034 1572 2075; baseline 0.001 -4"><span class='ocrx_word' id='word_1_213' title='bbox 219 2050 309 2071; x_wconf 87' lang='lat' dir='ltr'>cum</span> <span class='ocrx_word' id='word_1_214' title='bbox 329 2036 432 2074; x_wconf 71' lang='lat' dir='ltr'>Voss&#39;.</span> <span class='ocrx_word' id='word_1_215' title='bbox 460 2047 496 2072; x_wconf 82' lang='lat'>2.</span> <span class='ocrx_word' id='word_1_216' title='bbox 529 2034 629 2074; x_wconf 81' lang='lat' dir='ltr'>Vall.</span> <span class='ocrx_word' id='word_1_217' title='bbox 663 2036 781 2074; x_wconf 85' lang='lat' dir='ltr'>Goth.</span> <span class='ocrx_word' id='word_1_218' title='bbox 815 2048 852 2073; x_wconf 87' lang='lat' dir='ltr'>et</span> <span class='ocrx_word' id='word_1_219' title='bbox 875 2037 958 2075; x_wconf 88' lang='lat' dir='ltr'>edd.</span> <span class='ocrx_word' id='word_1_220' title='bbox 984 2049 1069 2074; x_wconf 83' lang='lat' dir='ltr'>ante</span> <span class='ocrx_word' id='word_1_221' title='bbox 1090 2036 1202 2074; x_wconf 80' lang='lat' dir='ltr'>Bafss.</span> <span class='ocrx_word' id='word_1_222' title='bbox 1426 2037 1572 2073; x_wconf 75' lang='lat' dir='ltr'>habeat.</span> 
     </span>
    </p>
   </div>
   <div class='ocr_carea' id='block_1_6' title="bbox 216 2092 767 2141">
    <p class='ocr_par' dir='ltr' id='par_1_7' title="bbox 216 2092 767 2141">
     <span class='ocr_line' id='line_1_30' title="bbox 216 2092 767 2141; baseline 0.004 -14"><span class='ocrx_word' id='word_1_223' title='bbox 216 2092 319 2130; x_wconf 79' lang='lat' dir='ltr'>Flor.</span> <span class='ocrx_word' id='word_1_224' title='bbox 355 2095 392 2138; x_wconf 84' lang='lat' dir='ltr'>(a</span> <span class='ocrx_word' id='word_1_225' title='bbox 412 2106 470 2141; x_wconf 87' lang='lat' dir='ltr'>pr.</span> <span class='ocrx_word' id='word_1_226' title='bbox 495 2092 569 2139; x_wconf 64' lang='grc' dir='ltr'>ΧΓ.)</span> <span class='ocrx_word' id='word_1_227' title='bbox 608 2094 767 2129; x_wconf 85' lang='lat' dir='ltr'>omittit.</span> 
     </span>
    </p>
   </div>
   <div class='ocr_carea' id='block_1_7' title="bbox 198 2201 1574 2706">
    <p class='ocr_par' dir='ltr' id='par_1_8' title="bbox 198 2201 1574 2706">
     <span class='ocr_line' id='line_1_31' title="bbox 278 2201 1572 2254; baseline 0.002 -13"><span class='ocrx_word' id='word_1_228' title='bbox 278 2217 342 2249; x_wconf 85' lang='lat'>17.</span> <span class='ocrx_word' id='word_1_229' title='bbox 388 2206 551 2254; x_wconf 80' lang='lat' dir='ltr'>expellit.</span> <span class='ocrx_word' id='word_1_230' title='bbox 613 2206 741 2254; x_wconf 86' lang='lat' dir='ltr'>Auget</span> <span class='ocrx_word' id='word_1_231' title='bbox 789 2207 867 2243; x_wconf 87' lang='lat' dir='ltr'>hoc</span> <span class='ocrx_word' id='word_1_232' title='bbox 926 2208 1077 2244; x_wconf 68' lang='lat' dir='ltr'>ducitur,</span> <span class='ocrx_word' id='word_1_233' title='bbox 1107 2217 1152 2242; x_wconf 86' lang='lat' dir='ltr'>ut</span> <span class='ocrx_word' id='word_1_234' title='bbox 1182 2206 1255 2241; x_wconf 83' lang='lat' dir='ltr'>sint</span> <span class='ocrx_word' id='word_1_235' title='bbox 1284 2206 1379 2241; x_wconf 81' lang='lat' dir='ltr'>haec</span> <span class='ocrx_word' id='word_1_236' title='bbox 1409 2201 1572 2254; x_wconf 72' lang='lat' dir='ltr'>epipho-</span> 
     </span>
     <span class='ocr_line' id='line_1_32' title="bbox 213 2261 1574 2310; baseline 0 -12"><span class='ocrx_word' id='word_1_237' title='bbox 213 2274 251 2298; x_wconf 85' lang='lat' dir='ltr'>et</span> <span class='ocrx_word' id='word_1_238' title='bbox 287 2263 457 2298; x_wconf 81' lang='lat' dir='ltr'>intendit</span> <span class='ocrx_word' id='word_1_239' title='bbox 486 2262 528 2302; x_wconf 76' lang='lat' dir='ltr'>id</span> <span class='ocrx_word' id='word_1_240' title='bbox 561 2263 667 2310; x_wconf 86' lang='lat' dir='ltr'>quod</span> <span class='ocrx_word' id='word_1_241' title='bbox 698 2265 865 2310; x_wconf 78' lang='lat' dir='ltr'>praeces-</span> <span class='ocrx_word' id='word_1_242' title='bbox 923 2263 1087 2298; x_wconf 66' lang='lat' dir='ltr'>neniatis</span> <span class='ocrx_word' id='word_1_243' title='bbox 1111 2261 1222 2303; x_wconf 87' lang='lat' dir='ltr'>loco,</span> <span class='ocrx_word' id='word_1_244' title='bbox 1254 2276 1334 2298; x_wconf 90' lang='lat' dir='ltr'>non</span> <span class='ocrx_word' id='word_1_245' title='bbox 1356 2263 1470 2309; x_wconf 83' lang='lat' dir='ltr'>justae</span> <span class='ocrx_word' id='word_1_246' title='bbox 1496 2274 1532 2298; x_wconf 85' lang='lat' dir='ltr'>et</span> <span class='ocrx_word' id='word_1_247' title='bbox 1553 2277 1574 2298; x_wconf 83' lang='lat' dir='ltr'>a</span> 
     </span>
     <span class='ocr_line' id='line_1_33' title="bbox 212 2318 1572 2367; baseline 0 -13"><span class='ocrx_word' id='word_1_248' title='bbox 212 2321 304 2354; x_wconf 81' lang='lat' dir='ltr'>serat</span> <span class='ocrx_word' id='word_1_249' title='bbox 340 2320 569 2367; x_wconf 64' lang='lat' dir='ltr'>exprimendi</span> <span class='ocrx_word' id='word_1_250' title='bbox 605 2318 795 2361; x_wconf 77' lang='lat' dir='ltr'>verbum,</span> <span class='ocrx_word' id='word_1_251' title='bbox 829 2331 865 2355; x_wconf 86' lang='lat' dir='ltr'>et</span> <span class='ocrx_word' id='word_1_252' title='bbox 922 2319 1085 2367; x_wconf 80' lang='lat' dir='ltr'>reliquis</span> <span class='ocrx_word' id='word_1_253' title='bbox 1134 2319 1317 2354; x_wconf 80' lang='lat' dir='ltr'>diremtae</span> <span class='ocrx_word' id='word_1_254' title='bbox 1354 2319 1572 2361; x_wconf 80' lang='lat' dir='ltr'>sententiae,</span> 
     </span>
     <span class='ocr_line' id='line_1_34' title="bbox 208 2375 1572 2423; baseline 0 -12"><span class='ocrx_word' id='word_1_255' title='bbox 208 2377 250 2411; x_wconf 86' lang='lat' dir='ltr'>in</span> <span class='ocrx_word' id='word_1_256' title='bbox 272 2386 440 2423; x_wconf 81' lang='lat' dir='ltr'>utroque</span> <span class='ocrx_word' id='word_1_257' title='bbox 464 2376 513 2410; x_wconf 84' lang='lat' dir='ltr'>est</span> <span class='ocrx_word' id='word_1_258' title='bbox 535 2375 803 2411; x_wconf 81' lang='lat' dir='ltr'>vehementiae</span> <span class='ocrx_word' id='word_1_259' title='bbox 827 2387 863 2410; x_wconf 90' lang='lat' dir='ltr'>et</span> <span class='ocrx_word' id='word_1_260' title='bbox 922 2389 1018 2423; x_wconf 85' lang='lat' dir='ltr'>quae</span> <span class='ocrx_word' id='word_1_261' title='bbox 1065 2376 1228 2423; x_wconf 84' lang='lat' dir='ltr'>abrupte</span> <span class='ocrx_word' id='word_1_262' title='bbox 1287 2376 1406 2411; x_wconf 86' lang='lat' dir='ltr'>nimis</span> <span class='ocrx_word' id='word_1_263' title='bbox 1454 2376 1572 2411; x_wconf 88' lang='lat' dir='ltr'>indu-</span> 
     </span>
     <span class='ocr_line' id='line_1_35' title="bbox 207 2431 1566 2480; baseline 0.001 -13"><span class='ocrx_word' id='word_1_264' title='bbox 207 2433 331 2471; x_wconf 74' lang='lat' dir='ltr'>nisus,</span> <span class='ocrx_word' id='word_1_265' title='bbox 364 2445 435 2480; x_wconf 88' lang='lat' dir='ltr'>per</span> <span class='ocrx_word' id='word_1_266' title='bbox 456 2445 572 2480; x_wconf 85' lang='lat' dir='ltr'>quem</span> <span class='ocrx_word' id='word_1_267' title='bbox 607 2432 758 2480; x_wconf 83' lang='lat' dir='ltr'>aliquid</span> <span class='ocrx_word' id='word_1_268' title='bbox 782 2431 861 2467; x_wconf 87' lang='lat' dir='ltr'>elu-</span> <span class='ocrx_word' id='word_1_269' title='bbox 921 2432 1033 2467; x_wconf 80' lang='lat' dir='ltr'>citur.</span> <span class='ocrx_word' id='word_1_270' title='bbox 1079 2432 1126 2467; x_wconf 82' lang='lat' dir='ltr'>cf.</span> <span class='ocrx_word' id='word_1_271' title='bbox 1156 2431 1356 2467; x_wconf 78' lang='lat' dir='ltr'>Drakenb.</span> <span class='ocrx_word' id='word_1_272' title='bbox 1399 2432 1446 2466; x_wconf 85' lang='lat' dir='ltr'>ad</span> <span class='ocrx_word' id='word_1_273' title='bbox 1476 2432 1566 2468; x_wconf 85' lang='lat' dir='ltr'>Liv.</span> 
     </span>
     <span class='ocr_line' id='line_1_36' title="bbox 207 2486 1570 2536; baseline 0 -14"><span class='ocrx_word' id='word_1_274' title='bbox 207 2500 354 2523; x_wconf 80' lang='lat' dir='ltr'>ctaxnur</span> <span class='ocrx_word' id='word_1_275' title='bbox 375 2514 385 2528; x_wconf 86' lang='lat'><strong>,</strong></span> <span class='ocrx_word' id='word_1_276' title='bbox 453 2488 699 2536; x_wconf 70' lang='lat' dir='ltr'>significatio.</span> <span class='ocrx_word' id='word_1_277' title='bbox 796 2488 859 2523; x_wconf 84' lang='lat' dir='ltr'>Sic</span> <span class='ocrx_word' id='word_1_278' title='bbox 918 2497 954 2527; x_wconf 78' lang='lat'>2,</span> <span class='ocrx_word' id='word_1_279' title='bbox 971 2494 1034 2531; x_wconf 78' lang='lat'>45,</span> <span class='ocrx_word' id='word_1_280' title='bbox 1052 2500 1112 2523; x_wconf 91' lang='lat'>10.</span> <span class='ocrx_word' id='word_1_281' title='bbox 1135 2489 1265 2524; x_wconf 89' lang='lat' dir='ltr'>Locus</span> <span class='ocrx_word' id='word_1_282' title='bbox 1278 2486 1443 2536; x_wconf 82' lang='lat' dir='ltr'>Virgilii</span> <span class='ocrx_word' id='word_1_283' title='bbox 1465 2488 1570 2522; x_wconf 86' lang='lat' dir='ltr'>simi·</span> 
     </span>
     <span class='ocr_line' id='line_1_37' title="bbox 206 2542 1563 2592; baseline -0.001 -14"><span class='ocrx_word' id='word_1_284' title='bbox 206 2555 313 2578; x_wconf 81' lang='lat' dir='ltr'>erant</span> <span class='ocrx_word' id='word_1_285' title='bbox 348 2557 423 2583; x_wconf 88' lang='lat'>10,</span> <span class='ocrx_word' id='word_1_286' title='bbox 457 2554 503 2587; x_wconf 77' lang='lat'>5,</span> <span class='ocrx_word' id='word_1_287' title='bbox 546 2544 582 2580; x_wconf 85' lang='grc'>6.</span> <span class='ocrx_word' id='word_1_288' title='bbox 640 2544 858 2592; x_wconf 76' lang='lat' dir='ltr'>„expulsuri</span> <span class='ocrx_word' id='word_1_289' title='bbox 915 2542 962 2578; x_wconf 86' lang='lat' dir='ltr'>lis</span> <span class='ocrx_word' id='word_1_290' title='bbox 987 2545 1036 2579; x_wconf 83' lang='lat' dir='ltr'>est</span> <span class='ocrx_word' id='word_1_291' title='bbox 1060 2545 1201 2592; x_wconf 83' lang='lat' dir='ltr'>Georg.</span> <span class='ocrx_word' id='word_1_292' title='bbox 1225 2553 1262 2587; x_wconf 81' lang='grc'>5,</span> <span class='ocrx_word' id='word_1_293' title='bbox 1292 2556 1380 2580; x_wconf 83' lang='lat'>112.</span> <span class='ocrx_word' id='word_1_294' title='bbox 1423 2545 1563 2580; x_wconf 73' lang='lat' dir='ltr'>Tantus</span> 
     </span>
     <span class='ocr_line' id='line_1_38' title="bbox 201 2599 1560 2649; baseline -0.001 -14"><span class='ocrx_word' id='word_1_295' title='bbox 201 2599 346 2640; x_wconf 84' lang='lat' dir='ltr'>‚,tela.“</span> <span class='ocrx_word' id='word_1_296' title='bbox 390 2601 636 2649; x_wconf 84' lang='lat' dir='ltr'>Respondent</span> <span class='ocrx_word' id='word_1_297' title='bbox 660 2602 696 2636; x_wconf 89' lang='lat' dir='ltr'>ei</span> <span class='ocrx_word' id='word_1_298' title='bbox 719 2612 853 2636; x_wconf 89' lang='lat' dir='ltr'>contra</span> <span class='ocrx_word' id='word_1_299' title='bbox 913 2614 1017 2635; x_wconf 85' lang='lat' dir='ltr'>amor</span> <span class='ocrx_word' id='word_1_300' title='bbox 1061 2601 1192 2640; x_wconf 72' lang='lat' dir='ltr'>laudis.</span> <span class='ocrx_word' id='word_1_301' title='bbox 1240 2610 1369 2635; x_wconf 77' lang='lat' dir='ltr'>tantae</span> <span class='ocrx_word' id='word_1_302' title='bbox 1402 2602 1560 2635; x_wconf 78' lang='lat' dir='ltr'>victoria</span> 
     </span>
     <span class='ocr_line' id='line_1_39' title="bbox 198 2655 1558 2706; baseline 0.001 -17"><span class='ocrx_word' id='word_1_303' title='bbox 198 2655 376 2705; x_wconf 72' lang='lat' dir='ltr'>„secundi</span> <span class='ocrx_word' id='word_1_304' title='bbox 397 2657 606 2706; x_wconf 82' lang='lat' dir='ltr'>impetus.“</span> <span class='ocrx_word' id='word_1_305' title='bbox 911 2661 1044 2691; x_wconf 73' lang='lat' dir='ltr'>curae!</span> <span class='ocrx_word' id='word_1_306' title='bbox 1075 2657 1120 2693; x_wconf 82' lang='lat' dir='ltr'>cf.</span> <span class='ocrx_word' id='word_1_307' title='bbox 1142 2657 1257 2692; x_wconf 83' lang='lat' dir='ltr'>nostr.</span> <span class='ocrx_word' id='word_1_308' title='bbox 1285 2670 1317 2696; x_wconf 85' lang='lat'>1,</span> <span class='ocrx_word' id='word_1_309' title='bbox 1347 2667 1410 2697; x_wconf 81' lang='lat'>12,</span> <span class='ocrx_word' id='word_1_310' title='bbox 1433 2666 1469 2700; x_wconf 80' lang='grc'>7.</span> <span class='ocrx_word' id='word_1_311' title='bbox 1495 2656 1558 2692; x_wconf 81' lang='lat' dir='ltr'>De</span> 
     </span>
    </p>
   </div>
   <div class='ocr_carea' id='block_1_8' title="bbox 257 2713 1424 2760">
    <p class='ocr_par' dir='ltr' id='par_1_9' title="bbox 257 2713 1424 2760">
     <span class='ocr_line' id='line_1_40' title="bbox 257 2713 1424 2760; baseline 0.001 -13"><span class='ocrx_word' id='word_1_312' title='bbox 257 2713 536 2749; x_wconf 64' lang='lat' dir='ltr'>zat—ducatur.</span> <span class='ocrx_word' id='word_1_313' title='bbox 572 2713 714 2749; x_wconf 83' lang='lat' dir='ltr'>Malim</span> <span class='ocrx_word' id='word_1_314' title='bbox 739 2722 775 2750; x_wconf 81' lang='lat' dir='ltr'>et</span> <span class='ocrx_word' id='word_1_315' title='bbox 794 2731 850 2741; x_wconf 94' lang='lat'>—</span> <span class='ocrx_word' id='word_1_316' title='bbox 909 2715 1086 2760; x_wconf 75' lang='lat' dir='ltr'>opinione</span> <span class='ocrx_word' id='word_1_317' title='bbox 1105 2713 1196 2750; x_wconf 84' lang='lat' dir='ltr'>vide</span> <span class='ocrx_word' id='word_1_318' title='bbox 1218 2724 1257 2755; x_wconf 86' lang='lat'>2,</span> <span class='ocrx_word' id='word_1_319' title='bbox 1295 2723 1356 2753; x_wconf 83' lang='lat'>12,</span> <span class='ocrx_word' id='word_1_320' title='bbox 1387 2719 1424 2757; x_wconf 85' lang='grc'>5.</span> 
     </span>
    </p>
   </div>
  </div>
 </body>
</html>
