1779 3062
401 127 568 174 INST.
604 126 886 174 ORATOR.
924 130 1045 174 ΜΒ.
1081 129 1180 183 XI,
1230 141 1273 173 1.
1414 139 1515 183 231-

151 257 309 310 brevi
379 253 702 303 detrimento
766 255 869 314 jam
947 254 1183 302 ultimae·
1238 252 1519 303 senectutis

155 352 352 385 aevum
375 331 679 381 seculorum
706 331 953 380 omnium
979 330 1308 380 consecutus.
1335 334 1519 396 Itaque
1545 348 1592 374 ιι

156 411 405 476 quamvis
432 408 632 476 Lysias,
664 408 761 473 qui
787 410 982 456 tum-in
1009 408 1237 458 dicendo
1258 408 1522 475 praestan·-

154 487 373 537 tiffimus
397 487 716 542 habebatur,
759 482 1123 533 defensionem
1158 486 1241 533 illi
1280 485 1521 551 scriptam

156 561 441 621 obtulisset,
478 563 559 612 uti
579 578 635 609 ea
665 561 873 609 noluit:
918 579 1039 608 cum
1063 562 1258 611 bonam
1282 563 1522 627 quidem,

160 642 252 691 sed
275 658 468 709 parum
494 638 596 687 sibi
621 638 1049 695 convenientem,
1074 638 1355 699 judicasset.
1397 644 1518 709 Quo

156 721 247 766 vel
281 717 396 765 solo
433 726 607 781 patet,
677 732 789 764 non
821 713 1205 780 persuadendi,
1265 715 1356 765 sed
1385 718 1523 766 bene

159 794 376 843 dicendi
416 792 587 841 finem
631 793 691 841 in
737 803 945 841 oratore
978 790 1330 852 servandum,
1398 811 1523 844 cum

157 873 375 922 interim
400 869 715 936 persuadere
742 868 983 919 deforme
1003 869 1080 918 sit.
1137 872 1270 919 Non
1289 869 1393 919 fuit
1417 871 1525 920 hoc

158 949 295 998 utile
320 946 674 997 absolutioni:
717 946 823 1005 sed,
844 947 992 1013 quod
1015 946 1086 996 est
1107 951 1292 1010 majus,
1312 948 1527 1007 homini

152 1024 274 1078 fuit.
356 1029 422 1076 Et
465 1043 564 1074 nos
613 1023 906 1074 secundum
959 1043 1300 1075 communem
1340 1024 1524 1092 potius

1551 1043 1604 1072 12

153 1102 418 1169 loquendi
445 1101 909 1161 consuetudinem,
951 1120 1113 1167 quam
1145 1102 1309 1169 ipsam
1332 1105 1553 1164 verita-¹

154 1183 222 1230 tis
263 1182 519 1246 regulam,
560 1179 826 1230 divisione
862 1181 961 1228 hac
998 1182 1219 1239 utimur,
1259 1192 1320 1230 ut
1359 1181 1421 1229 ab
1443 1199 1526 1239 eo,

158 1258 310 1324 quod
338 1258 534 1314 deceat,
574 1259 859 1305 utilitatem
889 1257 1202 1324 separemus.
1242 1256 1365 1306 Nisi
1385 1257 1525 1308 forte

156 1337 308 1402 prior
338 1336 431 1382 ille
453 1333 751 1393 Africanus,
793 1336 888 1400 qui
926 1336 1097 1401 patria
1123 1335 1326 1394 cedere,
1363 1353 1526 1401 quam

245 1493 308 1514 11.
350 1480 414 1529 qui
444 1479 764 1514 tum.Inse1·unt
796 1493 887 1514 unus
917 1493 1038 1528 marg
1070 1479 1183 1516 Basil
1218 1492 1256 1516 et
1282 1480 1341 1517 ed.
1374 1481 1529 1530 G1·.yph

158 1536 304 1584 (1556.
309 1539 326 1583 )
349 1535 456 1584 quod
485 1535 682 1570 collaudat
702 1538 836 1571 Βι11·1ι1.
868 1537 941 1571 Sed
965 1538 1194 1572 auctoritate
1215 1549 1327 1573 caisset

246 1591 447 1641 obtulffet.
488 1592 552 1627 Sic
577 1592 1057 1641 Turic.Fl01.(hicpe1
1084 1597 1128 1642 p)
1164 1594 1301 1630 Ambr.
1325 1604 1362 1630 2.
1397 1564 1529 1638 Gtielf.

159 1652 294 1699 Camp.
338 1661 427 1685 cum
471 1648 592 1684 Goth.
631 1649 738 1684 Voff.
774 1660 810 1684 2.
856 1660 893 1684 ct
932 1649 1017 1685 edd.
1058 1660 1144 1685 ante
1175 1651 1327 1699 G1y.ph
1369 1650 1533 1699 Reliqui

159 1705 355 1757 attuliſj‘ec.
581 1720 661 1740 cum
683 1706 830 1741 bonam.
862 1706 966 1742 Flor.
990 1707 1124 1755 Camp.
1144 1707 1316 1743 inserunt
1337 1722 1419 1744 eam
1441 1721 1531 1743 cum

158 1764 249 1811 Ald.
281 1763 445 1799 Dicitur
469 1777 514 1799 ea
531 1762 699 1798 inserere
721 1762 824 1798 Alm.
850 1757 916 1814 (cf.
950 1767 984 1810 ᾖ.
1010 1766 1068 1807 8.)
1271 1764 1531 1814 persuadendi.

163 1821 298 1857 Turio.
320 1818 628 1868 persuadendum.
857 1822 1016 1856 interim.
1049 1821 1183 1870 Camp.
1215 1823 1414 1857 interdum.

251 1876 492 1926 absolutioni.
523 1875 629 1910 Flor.
660 1875 909 1924 absolutione.

251 1944 314 1970 12.
343 1932 400 1968 Ec
431 1945 512 1967 nos.
545 1932 673 1968 Guelf.
703 1933 835 1968 Etiam
865 1948 902 1968 n.
936 1947 1025 1969 cum
1054 1935 1154 1973 Jens.
1185 1945 1222 1970 et
1251 1936 1337 1971 edd.
1366 1935 1528 1985 posterr.

162 2001 251 2027 ante
273 1989 361 2026 Ald.
396 1989 487 2036 (qui
512 1989 661 2025 omittit
680 1990 944 2038 particulam.)
974 1992 1068 2027 Non
1101 1991 1295 2041 displicet.

254 2061 376 2096 quam.
415 2046 549 2081 Turio.
582 2046 744 2082 omittit.
769 2047 887 2083 Goth.
919 2061 991 2097 pro
1014 2063 1125 2098 quam
1149 2064 1229 2084 cum
1257 2050 1321 2085 dat
1341 2058 1530 2098 quantum.

215 2174 298 2218 jam
336 2171 502 2207 ultimae.
560 2170 648 2207 Nisi
696 2170 818 2207 abess‘e

162 2231 287 2279 prius,
308 2228 510 2275 transponi
532 2238 659 2263 tamen
680 2227 818 2267 velim,

227 2301 292 2322 11.
326 2298 400 2320 non
432 2283 680 2333 persuadendi
703 2305 756 2311 —
782 2287 821 2319 in

168 2353 317 2379 oratore
333 2340 571 2390 servandum.
607 2342 822 2378 Conferen-

168 2401 256 2435 dam
278 2399 348 2434 effe
367 2398 489 2433 nostri
515 2398 822 2446 disputationem

168 2456 238 2491 lib.
274 2467 309 2491 2.
377 2467 455 2503 cap.
496 2462 559 2498 15.
642 2456 819 2492 certatim

168 2522 331 2548 monent
350 2513 436 2548 VV.
459 2511 552 2548 DD.
587 2513 669 2551 Vix
692 2524 821 2548 tamen

168 2570 235 2606 hic
257 2569 457 2616 acquiesco
480 2568 524 2603 in
554 2579 715 2611 oratore,
748 2582 821 2617 pro

171 2639 252 2675 quo
285 2625 554 2674 reponendum
583 2626 686 2661 mihi
714 2627 824 2662 vide-

172 2694 237 2719 tur
284 2684 477 2723 oratione,
521 2682 826 2732 frequentissima

880 2171 1118 2208 confusione.
1153 2173 1199 2208 cf.
1226 2174 1330 2210 inter
1359 2173 1533 2222 plurima

884 2241 932 2277 9,
975 2239 1021 2273 4,
1068 2242 1157 2265 ιοι.
1218 2231 1362 2266 Saltem
1407 2233 1530 2266 oracio

879 2286 1004 2335 magis
1026 2300 1140 2335 quam
1165 2298 1291 2323 orator
1316 2288 1465 2324 accedit
1484 2287 1532 2322 ad

880 2341 982 2379 illud
1031 2344 1225 2379 rhetorices
1277 2343 1532 2386 vocabulum,

881 2413 960 2447 quo
991 2401 1151 2448 proprie
1190 2401 1395 2450 indigebat
1422 2400 1533 2438 locus

878 2457 1018 2493 noster.

937 2514 1027 2550 Non
1046 2533 1099 2540 —-
1123 2512 1372 2563 absolutioni.-
1391 2513 1532 2564 sed-

882 2571 1036 2608 homini.
1118 2573 1163 2606 In
1207 2572 1356 2608 homine
1413 2572 1460 2608 cf.
1495 2571 1534 2612 6,

884 2638 922 2673 δι
955 2633 1021 2675 54-

949 2695 1012 2722 12.
1042 2684 1263 2734 Africanus,
1295 2687 1357 2738 qui
1397 2689 1539 2738 patrias
