1779 3062
370 153 532 199 INST.
572 152 851 199 ORATOR.
896 154 1017 198 Lm.
1053 153 1152 209 XI,
1191 164 1237 195 2.
1379 162 1478 210 ‘5¹9

127 279 364 330 subirent
399 279 552 327 velut
599 277 831 327 otiosum
870 281 1111 328 animum
1159 279 1478 344 plerumque

88 358 257 405 ‘aliae
301 358 671 420 cogitationes,
735 367 954 421 propter
1001 373 1130 419 quas
1165 355 1476 406 excitandus

128 432 201 482 est
229 450 388 491 voce,
434 444 496 481 ut
531 432 735 498 duplici
767 443 922 481 motu
954 437 1172 494 juvetur
1201 434 1477 491 memoria,

129 509 344 559 dicendi
375 521 426 559 et
469 509 741 562 audiendi.
822 509 923 557 Sed
953 511 1083 557 haec
1120 527 1229 559 vox
1263 509 1329 558 sit
1359 528 1480 559 mo-

128 587 271 646 dica,
311 598 362 635 et
394 589 558 653 magis
588 603 850 636 murmur.
919 587 1023 655 Qui
1059 597 1235 635 autem
1268 588 1475 652 legente
1500 592 1555 636 54

128 667 233 715 alio
257 664 466 724 ediscit,
502 667 560 713 in
579 675 724 730 parte
750 663 1001 721 tardatur,
1039 664 1189 729 quod
1216 665 1385 712 acrior
1405 662 1480 711 est

129 744 431 800 oculorum,
475 760 635 807 quam
659 743 873 803 aurium
895 739 1102 789 sensus:
1143 742 1202 788 in
1230 751 1375 805 parte
1397 744 1481 800 ju.-

131 823 245 869 vari
265 819 450 886 potest,
491 819 653 884 quod,
686 837 808 868 cum
830 817 992 866 semel
1013 828 1103 865 aut
1123 819 1205 866 bis
1233 816 1482 875 audierit,

129 899 389 947 continuo
421 899 505 945 illi
533 898 855 946 memoriam
890 894 1040 944 suam
1075 895 1306 960 experiri
1340 895 1481 952 licet,

40 993 119 1032 992
133 986 183 1023 et
208 993 330 1024 cum
361 976 569 1040 legente
599 972 934 1023 contendere.
1014 972 1159 1020 Nam
1191 983 1242 1019 et
1276 972 1483 1036 alioqui

129 1051 189 1101 id
207 1052 434 1100 maxime
456 1050 766 1100 faciendum
793 1049 880 1108 est,
908 1061 970 1099 ut
990 1067 1092 1098 nos
1118 1040 1345 1098 subinde
1368 1059 1484 1098 ten-

129 1140 332 1179 temus:
377 1128 502 1194 duia
542 1132 797 1178 continua
827 1130 1014 1184 lectio,
1054 1137 1105 1175 et
1140 1143 1277 1191 quae
1300 1128 1483 1191 magis,

132 1218 184 1256 et
207 1224 341 1271 quae
365 1209 546 1256 minus
565 1207 801 1263 haerent,
830 1205 1120 1270 aequaliter
1137 1206 1339 1253 transit.
1419 1208 1484 1253 In
1506 1212 1559 1252 55

133 1285 482 1350 experiendo,
523 1295 792 1341 teneasne,
833 1293 884 1330 et
922 1285 1090 1342 major
1129 1283 1360 1332 intentio
1394 1281 1485 1340 est,

133 1373 185 1411 et
204 1362 345 1411 nihil
367 1360 682 1429 supervacui
702 1361 958 1426 temporis
982 1360 1133 1424 perit,
1168 1377 1277 1424 quo
1307 1361 1485 1417 etiam,

134 1457 267 1505 quae
296 1449 564 1501 tenemus,
612 1440 783 1504 repeti
810 1436 1006 1486 solent:
1056 1437 1127 1484 ita
1162 1436 1301 1494 sola,
1349 1454 1486 1501 quae

133 1515 468 1575 exciderunt,
509 1525 885 1573 retractantur,
921 1524 984 1563 ut
1006 1514 1185 1563 crebra
1205 1515 1486 1563 iteratione

133 1673 263 1710 Tui-ic.
294 1672 398 1709 Flor.
434 1673 563 1710 Guelf.
596 1673 783 1709 omittunt
802 1670 841 1721 si
871 1684 958 1706 cum
985 1670 1088 1708 Alm.
1121 1672 1281 1708 Omittit
1306 1671 1346 1706 id
1367 1671 1489 1707 modo

133 1741 219 1766 ante
243 1744 386 1778 quoque
415 1731 544 1766 Guelf.
565 1731 659 1766 item
683 1743 777 1765 mox
800 1730 864 1764 dat
882 1731 965 1765 voci
988 1742 1078 1763 cum
1100 1730 1193 1764 Exc.
1215 1731 1368 1764 Santen.
1391 1728 1490 1764 item

134 1789 332 1822 decuerunt
363 1787 481 1822 Goth.
514 1789 613 1831 (tac.
638 1788 777 1830 Gesn.)
815 1782 905 1821 cuni
927 1785 1032 1822 Voff.
1057 1794 1093 1820 2.
1361 1795 1397 1820 et
1424 1800 1491 1820 au-

135 1844 274 1879 diendi.
305 1844 435 1878 Turio.
459 1844 608 1879 omittit
631 1856 720 1879 cum
742 1843 843 1877 Alm.
874 1855 955 1876 non
977 1840 1082 1876 Flor.
1106 1841 1169 1885 (cf.
1191 1841 1344 1888 modo.)
1367 1842 1487 1880 Goth.

135 1900 201 1934 hic
222 1901 332 1935 modo
355 1913 426 1947 pro
449 1910 566 1941 motu,
599 1900 704 1948 quod
733 1900 859 1948 ipsum
883 1898 1039 1947 optabat
1059 1898 1257 1938 Francius,
1279 1897 1392 1932 male.

220 1997 287 2035 54.
320 1993 440 2026 acrior
461 1988 521 2038 est.
554 1991 684 2026 Turic.
710 1989 870 2029 omittit,
895 1988 1008 2024 solus.
1247 1998 1283 2022 et
1309 2002 1402 2037 quae
1425 1990 1490 2024 mi-

136 2061 216 2090 nus.
231 2049 366 2084 Ambr.
384 2059 419 2083 2.
442 2047 604 2083 omittit.
631 2046 757 2084 Guelf.
783 2057 816 2081 et
840 2047 971 2081 minus.
1013 2044 1138 2080 Modo
1163 2044 1202 2079 id
1223 2045 1373 2080 omittit
1384 2044 1490 2082 Flor.

137 2115 175 2140 et
198 2104 315 2154 paulo
340 2116 424 2139 ante
449 2105 534 2139 licet
562 2104 662 2139 abest
692 2104 737 2139 ab
762 2103 867 2141 Voss‘.
898 2118 930 2137 1.
957 2111 994 2144 5.
1232 2102 1394 2141 haerent,
1430 2116 1491 2136 ae-

137 2163 307 2212 qualiter.
337 2161 444 2197 Flor.·
472 2162 602 2196 harent
623 2175 678 2197 ae.
711 2161 851 2196 Ambr.
880 2169 917 2193 2.
951 2159 1126 2194 haerente
1155 2158 1323 2214 qualiter.
1355 2158 1490 2206 Camp.

136 2219 238 2261 (nisi
276 2219 383 2266 quod
413 2231 485 2268 per
516 2219 576 2262 E)
607 2220 732 2254 haeret
762 2231 820 2253 ae.
858 2229 948 2252 cum
981 2214 1101 2251 Goth.
1131 2215 1237 2255 Voff.
1262 2225 1299 2251 2.
1333 2225 1370 2250 et
1401 2215 1489 2252 edd.

137 2285 223 2310 ante
243 2273 336 2312 Bad.

230 2374 295 2409 55.
327 2368 459 2413 repeti.
488 2364 594 2402 Flor.
624 2364 754 2401 Guelf.
782 2365 878 2399 Exc.
901 2366 1053 2401 Santen.
1077 2364 1209 2412 Camp.
1231 2364 1384 2411 reperiri
1403 2375 1495 2399 cum

141 2422 262 2458 Goth.
294 2423 399 2459 Voss'.
429 2437 464 2459 1.
489 2434 526 2459 2.
555 2431 592 2466 5.
625 2421 739 2458 Bodl.
771 2424 905 2456 Ioann.
939 2431 977 2455 et
1006 2420 1091 2456 edd.
1125 2431 1210 2455 ante
1230 2419 1318 2455 Ald.
1344 2422 1496 2469 repet-iti

139 2480 276 2515 Ambr.
310 2490 346 2514 2.
404 2480 530 2514 Modo
568 2480 701 2527 Camp.
722 2477 990 2527 supervacanei
1022 2490 1109 2512 cum
1140 2476 1262 2511 Andr.
1289 2476 1377 2513 Ald.
1422 2478 1498 2513 Sed

141 2535 263 2571 Goth.
292 2537 390 2583 petit
412 2548 483 2583 pro
510 2537 618 2583 perit.
650 2535 779 2571 Guelf.
812 2548 884 2584 quo
915 2546 1088 2569 tenemus.
1139 2532 1231 2573 Illa,
1265 2547 1361 2582 quae
1382 2534 1497 2569 estin

142 2592 247 2631 Voff.
270 2602 306 2630 2,
339 2591 541 2628 omiffione
563 2592 728 2628 horum:
764 2594 819 2626 ita
833 2591 920 2640 sola
939 2611 997 2618 —-
1019 2604 1232 2639 quanquam
1244 2590 1372 2638 solent
1393 2600 1496 2626 caret

139 2649 262 2686 Goth.
296 2649 441 2684 Contra
461 2649 504 2684 in
519 2649 648 2686 Guelf.
663 2649 926 2685 desiderantur
941 2649 1056 2683 haec:
1079 2660 1289 2696 quanquam
1302 2646 1497 2696 solent-—

144 2706 243 2755 quod
270 2706 495 2742 exciderunt,
719 2707 932 2743 iteratione.
965 2705 1029 2741 Sic
1041 2703 1173 2740 Turio.
1189 2703 1441 2742 Flor.Ambr.
1457 2713 1497 2741 2.
