1779 3062
273 162 333 208 5‘7
341 161 369 204 8

272 292 432 341 quam
469 276 609 325 veris
651 277 874 326 moveri.

554 151 657 196 ‘M
695 153 830 198 FAB.
869 152 1288 213 QUiNTILtANt

949 278 1030 326 Sic
1072 278 1224 328 velut
1271 279 1449 330 media
1485 283 1610 340 vox,'

217 386 219 389 -
269 369 429 418 quem
451 353 694 401 habitum
719 372 747 402 a
764 353 954 404 nostris
976 357 1232 422 acceperit
1247 393 1260 414 ,
1299 358 1445 406 hunc
1468 357 1611 419 judi-

267 447 392 479 cum
413 431 601 479 animis
623 429 782 478 dabit.
840 429 926 480 Est
946 433 1090 480 enim
1115 434 1306 482 mentis
1325 435 1511 492 index,
1551 452 1611 482 ac

189 516 241 562 65
267 507 514 565 totidem,
548 518 681 572 quot
710 509 817 566 illa,
847 504 1168 558 mutationes
1199 509 1370 559 habet.
1422 514 1613 575 Itaque.
1678 576 1683 579 ,

266 585 418 634 laetis
452 586 511 633 in
536 585 696 633 rebus
731 585 888 649 plena,
918 596 969 634 et
982 582 1217 657 simplex
1248 597 1299 634 et
1331 587 1440 653 ipsa
1471 603 1616 658 quo-s

262 661 550 711 dammodo
594 661 773 710 hilaris
805 661 952 711 fluit:

259 740 384 789 totis
421 739 652 796 viribus,
689 749 739 786 et
764 740 915 788 velut
949 739 1200 788 omnibus
1229 742 1408 789 nervis
1427 742 1693 791 inten-1022

258 816 420 865 ditur.
498 815 680 866 Aerox
707 817 766 864 in
797 817 899 875 ira,

253 998 364 1032 quam
382 983 516 1019 Ambr.
534 992 568 1019 2.
594 994 679 1018 tam.
702 982 806 1017 Flor.
823 983 1005 1028 judicium
1024 996 1096 1031 pro
1113 984 1292 1028 judicum.

1006 664 1065 710 in
1106 665 1388 711 certamine
1431 675 1602 712 erecta

946 827 997 865 et
1027 812 1218 887 cispera
1252 835 1309 866 ac
1339 813 1515 890 densa,
1549 829 1602 867 et

1545 990 1601 1022 in-

252 1041 335 1081 dex,
359 1054 412 1076 ac.
444 1040 506 1074 Sic
518 1040 649 1075 Turio.
673 1040 762 1084 (nisi
786 1040 891 1086 quod
908 1040 1037 1083 judex,
1071 1051 1114 1075 ut
1135 1051 1171 1075 et
1185 1040 1313 1076 Guelf.
1329 1042 1600 1091 Camp.)Flo1-.

250 1096 386 1131 Ambr.
412 1107 447 1132 2.
485 1095 611 1132 Gueif.
637 1109 725 1130 cum
742 1095 844 1131 Alm.
859 1096 960 1133 Voff.
989 1111 1021 1132 1.
1044 1105 1080 1138 5.
1099 1097 1201 1131 velut
1220 1099 1407 1146 exemplar
1423 1114 1465 1133 uc
1478 1100 1600 1136 Goth.

249 1153 339 1199 (nisi
361 1153 468 1200 quod
489 1167 531 1187 ac
549 1153 706 1186 videtur
727 1152 927 1198 omittere)
945 1152 1042 1190 Jens.
1066 1163 1104 1187 et
1123 1153 1207 1188 edd.
1232 1155 1389 1201 posterr.
1412 1166 1497 1191 ante
1508 1155 1596 1193 Ald.

248 1208 411 1257 Reliqui
449 1211 473 1243 i.
509 1217 545 1243 et:
576 1208 676 1243 velut
707 1208 895 1254 exemplar
921 1222 983 1247 ac,
1016 1218 1060 1242 ut
1080 1218 1116 1242 et
1139 1209 1267 1258 Camp.
1292 1211 1361 1258 qui
1381 1224 1477 1246 mox
1498 1212 1596 1260 quod

248 1265 319 1299 illa
349 1279 438 1300 cum
459 1263 562 1300 Flor.
595 1263 730 1299 Ambr.
756 1275 793 1299 2.
825 1263 962 1298 habens
987 1263 1106 1300 Goth.
1132 1266 1232 1310 (tac.
1253 1266 1395 1314 Gesn.)
1418 1270 1596 1304 mutatio·

246 1334 294 1355 ne
322 1321 427 1357 Flor.

1327 1370 1332 1390 Χ

333 1411 396 1455 65.
408 1413 521 1460 plena
533 1420 568 1446 ec
577 1409 705 1460 simpl.
719 1421 764 1446 et.
780 1411 910 1447 Turio.
925 1410 1028 1446 Flor.
1043 1410 1188 1461 plenefi
1202 1426 1232 1447 e.
1251 1413 1379 1452 Guelf.
1393 1414 1505 1462 plena
1518 1413 1592 1464 ets.

246 1467 407 1516 Reliqui
425 1468 574 1518 plenas.
590 1483 618 1504 e.
657 1469 842 1504 Nostrum
864 1481 882 1503 e
905 1469 1137 1515 conjectura.
1188 1470 1349 1520 Ideoque
1365 1484 1437 1519 pro
1461 1474 1594 1520 Itaque

246 1524 375 1560 Guelf.
404 1539 492 1560 cum
514 1539 635 1573 marg.
660 1525 771 1560 Baffl.

1021 1524 1136 1570 fluit.-
1169 1528 1217 1561 in.
1253 1528 1316 1562 Sic
1336 1528 1468 1564 Turio.
1486 1529 1592 1566 Flor.

244 1578 378 1628 Camp,
409 1581 571 1630 Reliqui
588 1583 762 1617 inserunt
783 1589 834 1616 at.
869 1582 1001 1630 Camp.
1019 1581 1167 1630 accensa
1187 1596 1260 1631 pro
1283 1598 1326 1619 ac
1345 1583 1470 1632 densa.
1491 1585 1588 1622 Obr.

239 1741 370 1763 rerum.
403 1728 450 1763 cf.
476 1740 539 1769 10,
563 1738 598 1770 7,
626 1734 685 1770 15.
705 1728 796 1763 bene
819 1742 885 1764 au-

238 1793 316 1817 tem
349 1784 494 1819 dicitur
521 1796 594 1832 pro
632 1785 772 1832 probe,
819 1800 885 1820 na-

236 1848 343 1884 vlterg

293 1897 395 1931 velut
415 1896 548 1932 media.
580 1897 627 1932 cf.
657 1911 717 1940 11,
743 1909 779 1940 2,
803 1907 841 1942 5.

293 2010 359 2054 63.
389 2010 512 2057 plena.
558 2010 637 2045 Etsi
673 2024 753 2047 non
777 2010 879 2046 mul-

234 2078 317 2103 tum
350 2068 415 2102 hic
441 2067 580 2106 video,
622 2068 723 2103 subit
752 2078 879 2102 tamen

233 2137 430 2172 quaerere,
453 2137 499 2158 an
512 2122 611 2158 forte
633 2124 749 2170 plana
768 2137 878 2171 repo-

232 2179 435 2215 nendum?
468 2180 515 2215 cf.
541 2191 578 2226 9,
612 2185 651 2224 4,
677 2186 741 2224 54.
803 2179 878 2215 Sed

231 2235 337 2271 nihil
350 2236 514 2272 solicito.
538 2235 629 2272 vide
646 2236 747 2270 enim
760 2240 792 2284 ᾗ.
814 2243 876 2279 15.

238 2292 332 2334 167.
508 2335 511 2336 ⁷

289 2348 410 2398 densa.
439 2349 626 2387 Videntur
648 2348 689 2383 in
712 2347 787 2382 hoc
807 2360 876 2383 vo-

230 2405 285 2439 cis
305 2406 478 2453 apposito
512 2405 665 2456 haesisse
685 2403 875 2453 plerique.

230 2461 338 2508 quod
359 2462 563 2497 ostendunt
577 2461 768 2500 ,variantes
789 2461 874 2495 scri-

226 2512 378 2564 pturhe.
439 2517 556 2557 Mihi,
586 2528 629 2553 ut
648 2519 758 2566 supra
779 2529 873 2564 quo-

227 2585 303 2619 que
341 2574 479 2609 monui
513 2575 559 2608 ad
591 2578 623 2621 ᾗ.
647 2580 712 2620 4ο.
742 2584 872 2608 tenen-

228 2628 320 2662 dum
342 2630 522 2671 videtur,
554 2631 621 2666 has
644 2628 870 2679 appellatio·

227 2696 294 2718 nes
315 2698 396 2721 non
411 2685 534 2735 vulgo
557 2688 703 2737 agnitas
723 2687 869 2734 usuque

943 1727 1103 1776 publico
1136 1728 1243 1764 tritas
1269 1728 1403 1769 fuiffe,
1444 1731 1507 1766 sed
1528 1732 1589 1768 lu-

944 1785 1040 1819 ctari
1086 1784 1378 1831 quodammodo
1416 1784 1591 1824 nostrurri

944 1853 1031 1874 cum
1054 1839 1189 1888 lingua
1209 1838 1347 1881 latina,
1380 1853 1424 1877 ut
1444 1844 1504 1878 rei
1523 1858 1590 1894 pa-

940 1910 1029 1931 rum
1049 1897 1266 1932 manifestae
1294 1911 1364 1933 nec
1383 1899 1455 1933 nisi
1475 1914 1588 1949 aegre

923 1964 1050 1989 ‘notas
1080 1953 1339 1995 admittentis,
1382 1955 1506 2002 qualis
1538 1959 1589 1993 est

937 2022 1037 2049 vox,
1092 2010 1283 2044 vocabula
1319 2011 1391 2046 [ibi
1426 2013 1587 2060 praestet

937 2065 1193 2113 significantia
1208 2079 1217 2106 3
1231 2074 1337 2113 'quae
1357 2068 1440 2102 sane
1463 2078 1584 2106 trans-

935 2121 1010 2157 lata
1042 2121 1114 2155 effe
1144 2133 1323 2169 oportet,
1357 2135 1445 2157 cum
1473 2138 1582 2173 prae-

934 2177 1075 2213 sertim·
1095 2176 1199 2212 leves
1233 2179 1349 2213 etiam
1379 2180 1462 2225 ejus
1495 2195 1583 2216 um-

935 2235 1025 2269 brae
1046 2233 1247 2282 signandae
1275 2235 1359 2271 [int.
1421 2236 1582 2286 Densum

933 2290 1059 2338 igitur
1070 2301 1209 2325 vocem
1225 2302 1383 2339 oppono
1408 2292 1456 2334 ei,
1482 2307 1580 2341 quae

934 2347 1127 2381 hilar-state
1147 2347 1252 2393 quafi
1267 2347 1495 2394 diffunditur,
1508 2364 1580 2386 neo

933 2402 1067 2441 valde,
1099 2412 1142 2437 ut
1170 2402 1356 2438 diversam
1379 2404 1424 2440 ab
1447 2405 1580 2454 aspera
1611 2426 1613 2429 ·

935 2459 1153 2499 ostendam,
1212 2458 1362 2496 laboro.
1442 2461 1578 2499 Solent

933 2516 1037 2550 enim
1070 2514 1164 2550 haec
1192 2516 1350 2550 nomina
1373 2518 1576 2566 conjungi,

930 2585 1077 2619 neque,
1109 2571 1152 2605 id
1175 2572 1281 2619 quod
1301 2572 1420 2612 dixi,v
1436 2573 1574 2609 herba-

928 2641 1015 2663 rum
1058 2628 1162 2675 quasi
1190 2627 1361 2675 peritum
1397 2629 1464 2664 hic
1494 2630 1575 2678 agit

929 2685 1004 2732 Qu.
1041 2684 1111 2733 qui
1139 2693 1260 2720 cenas
1290 2696 1338 2719 ex
1366 2695 1444 2720 arte
1460 2696 1576 2723 notas
