1779 3062
235 190 300 238 92

550 175 627 221 M.
671 175 806 222 ΕΑΒ.
854 175 1271 243 ῼὈἸΝΤῌᾸΑΝῘ

233 301 405 352 Habet
433 310 691 350 amatores
709 337 723 359 ‚
741 312 858 349 ‘nec
898 300 1214 359 imitatores;
1255 310 1317 349 ut
1346 299 1673 358 libe1·tas‚915

235 395 544 445 quanquam

321 511 456 548 Habet.
513 510 647 546 Turio.
685 510 830 545 habent.

237 570 408 604 inmerito
439 569 585 602 remitti.
615 567 718 602 ΠΟΥ.
748 569 786 609 (a
807 578 866 614 pr.
889 567 960 611 m.)
1001 568 1169 601 imnerico
1200 567 1341 600 remnti.

891 623 953 656 Ex
984 622 1089 658 Voss.
1132 634 1164 657 1.

935 679 1063 714 Guelf.
1103 680 1307 714 imitatores
1337 679 1411 717 uti,

235 625 393 660 affertur
440 625 618 658 immerito
667 624 815 658 remitti.

233 682 296 715 Ex
321 679 427 717 Voss'.
462 688 498 722 5.

556 681 797 715 immeritor&
824 687 875 714 ut.

629 376 942 427 circumcisis

1010 394 1144 442 quae
1218 375 1420 425 dixiffet
1432 415 1446 436 ‚
1510 417 1516 421 .
1534 393 1586 424 ei

1450 508 1585 544 Turic-

1399 566 1459 599 Ex
1479 564 1583 601 Alm-

1227 623 1486 656 immeritorem
1530 628 1584 657 ut·

1465 687 1503 711 et
1535 677 1586 711 fic

1062 511 1287 549 imitatorem
1338 518 1389 545 ut.

234 736 339 772 Flos.
365 735 403 783 (a
438 736 505 772 sec.
525 737 596 780 m.)
628 736 760 783 Camp.
782 754 837 762 ——
869 746 905 770 et
931 737 984 769 uti
1006 735 1122 770 Goth.
1147 747 1303 782 quoque
1339 735 1426 777 (tac.
1456 732 1584 776 Gesn.)

235 806 325 828 cuju
357 792 459 830 Voff.
483 801 519 826 2.
549 811 603 819 --
635 793 816 826 immerito
850 800 890 825 ul:
934 790 1046 826 Bodl.
1075 790 1162 841 ᾼῙᾶ.
1195 791 1290 824 item
1320 802 1441 837 marg.
1473 784 1583 823 Bafil.

237 848 358 893 (unde
387 861 455 896 pei·
478 861 648 884 errorem
671 848 788 882 refert
812 850 943 883 ssurm.
985 849 1033 882 H.
1054 849 1260 881 imitatores
1289 860 1351 880 nec
1385 843 1586 886 immerito)

236 916 274 942 et
295 904 445 953 Gryph.
468 918 556 941 cum
581 904 734 953 aliquot
757 904 860 952 apud
879 905 1014 938 Burni.

235 1018 418 1053 assensum
451 1016 633 1056 cohibet,
667 1016 774 1065 quod
807 1029 886 1050 am-

233 1074 361 1123 pliora
394 1074 473 1109 fere
502 1075 599 1114 sunt,
632 1086 727 1121 quae
761 1072 827 1107 hic
844 1073 886 1107 in

233 1131 440 1166 hominem
497 1139 763 1177 congeruntur
819 1142 885 1163 en-

236 1187 377 1228 comia,
412 1199 527 1234 quam
553 1199 648 1232 quae
680 1186 815 1219 cadant
841 1184 884 1218 in

235 1243 406 1290 aliquem
442 1241 681 1277 conditionis
717 1251 754 1275 et
779 1240 885 1274 ordi-

234 1299 296 1334 nis
327 1299 428 1344 ejus,
460 1298 572 1342 cujus
609 1297 685 1331 fuit
712 1296 883 1331 Tacitus.

234 1355 354 1390 Dicas
384 1353 575 1403 principis
607 1352 769 1387 domum
794 1364 885 1385 con-

233 1412 384 1458 tingere
403 1423 491 1445 eum
511 1408 578 1444 vel
596 1421 733 1455 magna
752 1421 883 1442 rerum

232 1468 422 1516 gestarum
443 1465 569 1514 gl0]·ia
589 1464 741 1505 florere,
768 1477 884 1511 quem

233 1526 283 1560 fic
331 1523 464 1558 laudat
511 1521 649 1556 noster.
717 1519 885 1566 Alioqui

234 1591 409 1628 tempora
426 1577 526 1614 belle
543 1586 777 1623 congruunt,
793 1588 882 1609 cum

233 1648 282 1671 ex
323 1633 615 1670 Dodwellianis
663 1632 881 1666 xationibus

232 1691 428 1728 scribendi
467 1690 586 1736 hujus
623 1687 719 1724 libri
760 1687 883 1734 Quin-

232 1747 386 1783 tilianei
457 1759 575 1781 annus
635 1744 784 1779 incidat
840 1744 885 1778 in

234 1815 414 1851 quartum
438 1814 476 1839 et
509 1803 746 1850 trigesimum
780 1801 884 1836 vitae

233 1861 372 1898 Taciti.
436 1860 476 1895 si
499 1860 586 1908 quis
609 1858 751 1893 lentam
773 1856 883 1891 illam

234 1930 272 1954 et
291 1918 371 1953 fere
392 1917 570 1953 timidam
587 1914 742 1949 dicendi
763 1913 883 1948 ratio-

231 1988 345 2014 nem,
385 1987 501 2023 quam
540 1972 709 2006 maxime
745 1970 886 2017 probat

231 2031 391 2073 Fabius,
425 2027 667 2065 abhorruisse
692 2026 840 2072 judicet
865 2039 883 2061 a

231 2087 481 2124 vehementia
502 2095 539 2121 et
555 2084 730 2119 novitate
743 2082 882 2122 Taciti,

234 2158 324 2181 eum
340 2140 539 2179 recordari
554 2139 688 2181 velim,
700 2139 889 2186 insignem

232 2202 279 2237 in
310 2201 443 2249 aliquo
480 2210 646 2247 genere,
708 2195 887 2242 quamvis

232 2257 487 2307 improbato,
528 2251 792 2303 praestantiam
817 2251 889 2286 vix

235 2313 439 2364 repudiari
460 2311 506 2347 ab
533 2306 886 2354 intelligentiffinio

234 2370 476 2421 pulchrique
507 2378 544 2403 et
571 2363 722 2400 honesti
743 2362 886 2398 studio-

236 2427 374 2464 fiffimo
403 2424 554 2472 judice,
586 2419 740 2470 qualem
769 2431 886 2454 nemo

236 2493 352 2532 neget
407 2481 592 2516 nostrum.
674 2478 887 2517 Praeterea,

237 2550 460 2588 quanquam
494 2537 555 2572 rei
588 2531 783 2583 manifesta
806 2545 889 2567 non

236 2595 392 2643 reperio
455 2591 698 2630 testimonia,
785 2586 890 2623 nihil

237 2651 355 2687 habet
391 2649 563 2685 alienum
595 2662 613 2682 a
643 2645 731 2683 veri
756 2644 888 2681 simili-

238 2708 400 2749 tudine,
469 2703 674 2755 disciplina
730 2713 890 2752 quoque

1248 905 1292 938 ei.
1326 902 1459 937 Turio.
1481 899 1588 936 Flor.

946 1015 1210 1062 Quintilianea
1228 1015 1337 1050 fuisse
1359 1014 1467 1049 usum
1479 1012 1588 1048 Taci-

944 1083 1050 1114 tum,
1102 1073 1165 1107 cui
1197 1085 1284 1107 cum
1313 1070 1443 1105 Plinio
1476 1068 1590 1104 Fabii

944 1128 1133 1177 discipulo
1185 1127 1487 1164 familiaritatem
1532 1125 1591 1159 in·

943 1185 1142 1220 terceffiffe
1190 1184 1388 1219 novimus.
1448 1180 1592 1216 Saltem

943 1240 1196 1276 conciliatum
1219 1239 1393 1286 magistri
1415 1238 1591 1272 animum

944 1306 981 1330 et
1003 1298 1192 1344 generosis
1224 1294 1459 1343 quibusdam
1479 1292 1598 1328 vitiis·

942 1352 1073 1387 minus
1118 1352 1311 1388 infensum
1352 1349 1453 1385 mihi
1481 1347 1589 1397 fingo

941 1408 985 1443 in
1015 1421 1060 1444 eo
1078 1434 1087 1448 ‚
1118 1423 1236 1457 quem
1265 1407 1415 1443 fortasse
1440 1405 1591 1441 Plinius

943 1465 1236 1500 commendarit.
1298 1465 1396 1499 Cum
1416 1462 1591 1511 primum

942 1530 1072 1556 autem
1104 1522 1255 1556 victum
1287 1520 1377 1555 esset
1400 1518 1503 1554 illud
1524 1531 1590 1565 pe-‚

939 1577 1125 1612 riculosae
1157 1577 1401 1625 eloquentiae
1440 1574 1592 1619 odium,

941 1645 1021 1668 non
1047 1644 1202 1681 poterat
1237 1646 1317 1669 non
1337 1632 1591 1668 vehementer

942 1688 1127 1738 amplecti
1166 1700 1203 1725 et
1249 1689 1432 1724 admirari
1465 1689 1592 1724 noster

942 1746 1139 1794 impressas
1164 1746 1326 1794 ingenio
1353 1744 1590 1781 Corneliano

942 1801 1139 1837 altissimae
1169 1802 1374 1851 sapientiae
1400 1803 1593 1850 etmagni

942 1858 1065 1893 animi
1109 1869 1230 1894 notas.
1292 1858 1355 1893 Sic
1406 1859 1592 1907 equidem

943 1928 1023 1963 quo
1068 1916 1192 1964 magis
1239 1916 1345 1951 hunc
1392 1915 1591 1963 scriptoris

942 1971 1023 2006 mei
1058 1971 1192 2007 locum
1234 1974 1365 2008 animo
1409 1970 1590 2012 revolvo,

944 2038 1049 2062 tanto
1070 2027 1223 2063 facilius
1244 2030 1285 2064 in
1309 2041 1392 2063 eam
1418 2028 1591 2064 concedo

942 2084 1189 2125 sententiam,
1238 2095 1283 2119 ut
1311 2085 1490 2119 Tacitum
1524 2084 1593 2119 hio

945 2140 1048 2187 quasi
1082 2140 1242 2188 posteris
1283 2140 1514 2189 promissum
1551 2151 1591 2177 et

944 2195 1221 2231 annunciatum
1269 2205 1415 2245 putem.
1486 2196 1593 2231 Mul-

944 2262 1029 2285 tum
1061 2263 1189 2287 tamen
1222 2251 1342 2293 abest,
1398 2262 1442 2287 ut
1472 2253 1593 2289 verba

942 2306 1022 2355 ipsa
1058 2308 1293 2354 Quintiliani
1321 2319 1425 2344 recte
1460 2308 1591 2357 plane-

945 2376 1020 2410 que
1049 2363 1296 2413 interpretari
1324 2364 1428 2400 mihi
1444 2365 1592 2407 videar,

944 2419 1015 2466 qui
1062 2434 1110 2456 ne
1169 2421 1252 2456 sana
1317 2421 1477 2469 quidem
1526 2432 1594 2458 aut

945 2477 1144 2512 emendata
1175 2477 1240 2512 hic
1259 2478 1390 2513 omnia
1411 2478 1591 2515 censeam.

1003 2534 1124 2569 Habet:
1144 2543 1329 2570 amatores
1343 2554 1399 2562 --
1415 2537 1591 2569 nocuerit.

947 2589 1098 2624 Mirum
1138 2590 1246 2625 dictu
1284 2591 1354 2630 est,
1384 2603 1497 2639 quam
1531 2591 1591 2625 in-

946 2645 1056 2680 solita
1116 2648 1179 2682 etfl
1234 2647 1379 2682 diversa
1441 2645 1592 2682 ratione

945 2703 1064 2738 verba
1100 2712 1141 2738 ut
1165 2721 1220 2730 —
1249 2704 1414 2739 nocuerit
1442 2703 1485 2737 in
1514 2702 1592 2738 hoc
