1779 3062
435 135 602 183 INST.
639 136 921 185 ORATOR.
959 137 1081 182 LIB.
1117 135 1229 193 XII,
1261 146 1307 191 8.
1450 144 1549 189 575

119 283 135 292 “·
197 265 323 315 suos
364 263 578 325 jubent:
632 280 942 329 quanquam
980 264 1162 313 minus
1198 262 1327 312 mali
1362 260 1460 322 est,
1508 259 1554 310 si

197 343 283 392 illi
321 340 504 390 saltem
541 351 683 390 recte
723 340 952 400 discant,
1022 352 1271 405 recteque
1312 341 1552 391 doceant.

196 419 302 471 Sed
342 420 464 485 quis
506 417 667 468 discet
704 428 813 467 tam
851 419 1020 478 bene,
1057 436 1220 484 quam
1259 419 1551 485 patronus?

194 496 490 568 Quomodo
531 506 712 546 autem
749 493 1014 559 sequester
1048 497 1159 554 ille,
1198 507 1250 544 et
1290 494 1468 545 media
1487 496 1554 544 li-

197 576 338 625 tium
376 591 593 632 manus,
647 583 699 622 et
740 572 962 637 quidam
1003 576 1291 639 interpres,
1345 575 1554 639 impen-

196 652 291 702 det
330 669 502 718 aequo
545 653 724 700 animo
765 649 1006 699 laborem
1055 653 1115 700 in
1155 652 1350 701 alienas
1393 653 1555 700 actio-

198 742 324 789 nes,
364 747 489 780 cum
523 729 749 778 dicturis
777 728 910 776 tanti
946 726 1068 776 suae
1099 746 1214 778 non
1248 727 1389 777 sint?
1439 727 1553 776 Pes·
1585 751 1610 790 5

199 807 360 857 simae
393 824 522 857 vero
563 804 992 862 consuetudinis,
1052 806 1249 855 libellis
1293 804 1391 854 effe
1430 824 1557 855 con-

199 896 438 942 tentum,
506 901 643 948 quos
690 883 968 949 componit
1006 893 1096 931 aut
1128 884 1405 948 litigator,
1462 883 1558 948 qui

199 961 449 1028 confugit
473 961 540 1009 ad
566 971 873 1028 patronum,
898 961 1025 1025 quia
1052 960 1138 1008 liti
1171 959 1281 1025 ipse
1308 979 1421 1010 non
1449 959 1558 1009 suf-

199 1039 342 1089 ficit:
385 1049 477 1089 aut
507 1039 700 1104 aliquis
730 1055 794 1085 ex
827 1054 890 1085 eo
930 1055 1123 1103 genere
1156 1029 1560 1096 advocatorum,

198 1118 299 1183 qui
331 1115 383 1165 se
419 1134 533 1166 non
562 1113 705 1182 poffe
743 1133 896 1181 agere
931 1114 1291 1174 confitentur,
1361 1115 1560 1164 deinde

199 1194 407 1244 faciunt
434 1195 494 1243 id
524 1192 676 1259 quod
711 1191 784 1241 est
814 1195 872 1241 in
909 1194 1115 1258 agendo
1151 1190 1558 1242 difficillimum.

199 1273 344 1322 Nam
377 1273 474 1338 qui
505 1271 757 1332 judicare,
795 1269 931 1335 quid
963 1272 1247 1329 dicendum,
1289 1270 1425 1335 quid
1458 1266 1563 1343 dis-

108 1346 564 1424 ⁸0753sl'mulandzmz,
604 1347 738 1414 quid
765 1347 1140 1408 declinandum,
1175 1350 1565 1407 mutandumve,

312 1533 351 1575 4.
375 1525 414 1577 si
443 1529 524 1575 quis
553 1524 668 1575 discet
690 1526 826 1562 Turio.
873 1526 1062 1577 quomodo
1089 1534 1154 1561 aut
1170 1525 1251 1575 seq.
1285 1527 1420 1562 Turio.
1450 1527 1563 1562 Loco

197 1585 311 1623 vocis
343 1587 524 1631 interpres
550 1584 783 1632 compendia
816 1585 1005 1632 quaedam
1039 1584 1198 1620 obscura
1228 1584 1271 1618 in
1302 1583 1407 1627 Flor-

312 1656 392 1678 cum
439 1641 592 1676 dicturis
640 1642 738 1676 tanti
765 1640 863 1689 suae
905 1655 981 1676 non
1006 1639 1099 1689 sint.
1171 1641 1284 1676 Hanc
1323 1640 1564 1675 vex-immam

198 1693 651 1748 scripturamdederunt
681 1698 825 1746 optimi
861 1698 975 1733 codd.
1012 1698 1148 1733 Turio.
1182 1696 1289 1733 Flor.
1330 1709 1420 1731 cum
1453 1697 1559 1733 Alm.

197 1758 317 1792 Bern.
361 1756 437 1790 nisi
479 1754 587 1803 quod
625 1755 669 1789 in
701 1754 887 1791 omnibus
921 1755 970 1789 est
993 1753 1060 1803 sit,
1094 1764 1132 1789 et
1164 1767 1211 1789 ex
1241 1753 1344 1788 Alm.
1380 1764 1418 1789 et
1445 1756 1563 1790 Bern-

202 1813 363 1848 affertur
393 1812 568 1846 dicturus.
604 1812 636 1845 E
667 1811 771 1848 Voff.
803 1821 840 1854 5.
876 1826 906 1846 c.
940 1812 1101 1845 dicturus
1128 1812 1244 1845 tantis
1264 1809 1330 1858 sit.
1375 1809 1562 1846 Aliorum

201 1869 408 1905 librorum>
432 1869 584 1916 (Camp.
608 1866 727 1903 Goth.
751 1867 858 1905 Voff.
884 1868 941 1914 2.)
972 1868 1158 1916 scriptura
1190 1881 1270 1901 cum
1294 1867 1456 1902 dicturus
1478 1882 1563 1902 vere

202 1940 277 1962 non
301 1924 356 1974 sit
386 1936 472 1961 nata
508 1925 556 1960 est
580 1924 683 1959 vinde
718 1924 824 1958 haud
858 1924 998 1965 dubie,
1055 1925 1162 1972 quod
1196 1926 1294 1958 tanti
1312 1922 1382 1971 sue
1413 1925 1563 1960 abierat

202 1983 246 2018 in
277 1986 448 2021 tantisve,
480 1992 519 2017 et
552 1995 648 2017 mox
681 1980 786 2016 illud
813 1981 930 2016 etiarn
962 1983 1076 2017 tantis
1111 1981 1194 2030 post
1227 1982 1378 2015 dicturis
1409 1982 1458 2016 ob
1488 1981 1563 2017 ho-

157 2069 160 2073 .
203 2039 502 2075 moeotelcuton
534 2039 719 2074 omiffum
751 2049 842 2073 erat.
886 2039 1060 2074 Tandem
1084 2037 1316 2074 adverbium
1340 2038 1455 2072 etiam
1478 2052 1564 2074 vere

203 2111 224 2132 a
247 2107 468 2132 correctore
501 2096 673 2143 quodam
700 2105 896 2131 mutatum
921 2095 990 2131 est:
1029 2095 1175 2144 reliqui
1203 2095 1308 2130 enim
1331 2107 1465 2131 omnes
1484 2096 1561 2131 ita:

202 2168 285 2189 cum
317 2155 482 2189 dicturus
507 2152 584 2201 ipse
611 2167 687 2188 non
711 2151 792 2200 sit:
841 2152 987 2201 quibus
1018 2153 1150 2188 verbis
1183 2152 1314 2199 inepta
1347 2153 1564 2188 admodum

202 2211 300 2246 inest
329 2210 517 2260 repetitio
553 2210 659 2256 ejus,
691 2209 800 2258 quod
834 2223 910 2245 una
947 2223 1029 2245 vox
1054 2211 1198 2245 alienas
1225 2210 1304 2256 jam
1335 2208 1562 2247 absolverat.

199 2267 332 2304 Nemo
357 2278 502 2308 autem,
535 2267 691 2315 opinor,
723 2267 879 2303 haereat
905 2267 947 2303 in
974 2266 1121 2316 plurali
1147 2267 1311 2306 dicturis,
1341 2278 1430 2300 cum
1452 2280 1562 2316 prae-

203 2324 314 2360 cedat
341 2324 484 2359 alienas
519 2326 695 2359 acciones.

319 2388 358 2425 5.
387 2381 488 2431 quod
515 2381 710 2417 dicendum
730 2382 863 2419 Turio.
986 2382 1202 2418 mutandum
1225 2381 1339 2416 etiam
1352 2379 1407 2429 sit
1425 2381 1558 2418 Turio.

235 2534 272 2573 4.
297 2528 619 2564 media—manus.
630 2543 667 2566 v.
687 2543 703 2564 1
717 2543 750 2571 1,
766 2541 802 2571 2,
817 2540 854 2574 3.
911 2529 1044 2578 letque
1076 2539 1223 2569 tamen,
1272 2528 1390 2564 nihilo
1419 2531 1564 2566 minus.-

235 2593 272 2629 5.
350 2585 496 2622 deinde.
544 2589 661 2623 Recte
699 2588 853 2627 Gesner,
910 2587 992 2622 vid.
1015 2588 1062 2622 ad
1084 2592 1121 2630 8,
1150 2586 1188 2633 6,
1212 2594 1278 2629 32.

202 2642 271 2678 hio
305 2642 421 2678 etiam
451 2644 635 2679 admonet
653 2644 782 2693 graeci
803 2639 852 2678 εἴ·
967 2643 1238 2678 declinandum.
1271 2642 1299 2679 i.
1327 2641 1491 2680 mollius
1517 2645 1564 2681 si-

201 2714 259 2742 τα,
293 2699 402 2749 quod
432 2700 675 2747 objurgantis
709 2701 760 2736 est
787 2714 853 2737 va·
908 2700 1198 2748 gnificandum,
1238 2699 1290 2736 ob
1320 2700 1561 2750 asperitatem
