1789 3068
638 140 1093 190 PRAEFATIO.
1424 152 1535 185 xnr

181 284 479 331 memoriam
509 276 822 354 sequuntur.
910 278 1156 329 Haeserat
1192 279 1252 327 in
1286 278 1534 329 extremis

178 371 356 419 verbis
387 369 727 436 Spaldingius
756 363 964 417 diffisus
990 385 1145 418 verae
1169 367 1420 434 Gedoyni
1442 385 1531 416 ex-

177 459 472 525 plicationi,
503 475 663 523 quam
693 459 752 506 in
780 455 962 506 nostro
997 456 1217 507 demum
1245 458 1530 507 volumine

178 545 247 595 ad.
275 565 356 605 10,
399 562 448 609 7,
496 565 578 597 10.
624 547 857 612 agnovit.
936 530 1188 594 Haerenti
1216 546 1305 594 hic
1338 547 1531 596 itidem

178 637 362 701 Sarpio
399 637 520 701 quis
553 634 612 684 id
657 635 788 684 vitio
827 635 1033 682 vertat?
1110 634 1212 684 Sed
1244 636 1364 699 quis
1397 635 1533 684 ferat

178 724 548 774 emendantem
585 724 707 772 dum
751 724 1129 772 antecedentem
1168 727 1416 772 memoria
1438 720 1534 796 se-

179 822 425 877 quantur,
464 823 515 861 et
547 814 674 861 haec
703 813 774 860 ita
805 814 1156 878 explicantem
1195 812 1362 871 „dum
1389 823 1534 860 ante-

179 899 488 958 „cedentem
520 902 752 950 litteram
777 902 1052 959 memoria,
1092 917 1190 949 nec
1222 899 1536 966 sequentem

180 989 419 1047 „intuitu
443 989 744 1055 sequuntur
756 992 820 1039 “2
900 989 1060 1059 Quod
1094 990 1226 1055 quid
1256 988 1336 1048 sit,
1361 1001 1464 1048 aut,
1491 988 1536 1039 si

182 1077 317 1141 quid
350 1077 450 1137 est,
503 1079 780 1144 quomodo
820 1095 883 1127 ex
911 1096 1062 1128 more
1098 1080 1195 1128 illo
1233 1080 1536 1131 litterarum

178 1168 400 1219 nomina
443 1169 594 1233 prius
636 1186 797 1233 quam
845 1166 1043 1216 formas
1084 1166 1322 1217 discendi
1361 1168 1534 1218 enasci

180 1252 352 1320 queat,
378 1273 492 1305 non
513 1256 666 1304 facile
691 1257 883 1321 aliquis
899 1238 1122 1315 'dixerit3
1164 1274 1357 1322 neque,
1384 1260 1534 1324 quic-

178 1344 312 1411 quid
336 1343 424 1402 est,
465 1344 721 1393 deteriori
754 1344 896 1392 illud
921 1348 1162 1395 oratione
1178 1346 1405 1412 proferri
1435 1365 1533 1412 po-

178 1435 296 1483 tuit.
378 1434 548 1502 Quale
594 1442 774 1502 autem
814 1432 958 1482 istud
996 1435 1103 1483 viri
1141 1435 1409 1497 judicium
1441 1435 1535 1495 est,

179 1538 305 1570 cum
336 1521 395 1569 in
431 1519 808 1586 perversiffima
840 1521 934 1569 illa
969 1522 1233 1587 loquendi
1273 1522 1448 1574 forma
1484 1543 1533 1583 1,

178 1617 232 1676 4,
275 1624 322 1669 5.
366 1628 502 1673 quae
541 1607 792 1678 (musica)
833 1606 1054 1682 velsola
1081 1615 1215 1661 omni
1232 1609 1534 1682 studiorum

178 1716 372 1771 genere
395 1698 518 1763 plus
546 1696 737 1746 habeat
766 1702 938 1762 operis
967 1719 1124 1765 quam
1162 1698 1533 1770 ostentationis,

177 1788 489 1839 facillimam
520 1785 952 1853 certiffimamque
991 1791 1043 1837 in
1070 1800 1190 1837 ante
1230 1795 1365 1839 omni
1396 1789 1535 1840 inse-

179 1878 415 1929 rentium
443 1875 703 1925 medelam
734 1874 949 1942 respuit,
987 1889 1039 1926 et
1067 1879 1358 1929 ablativum
1388 1898 1535 1931 com-
1567 1891 1569 1894 ⁴

177 1964 429 2035 parandi,
502 1965 747 2031 quamvis
789 1963 960 2015 statim
997 1965 1307 2029 subjiciatur
1347 1988 1533 2034 quam,

119 2043 122 2046 Δ
179 2053 462 2122 agnoscens
508 2053 655 2102 hunc
701 2055 993 2120 approbare
1026 2068 1249 2106 conatur
1287 2056 1531 2109 adhibito

180 2145 411 2194 ablativo
441 2141 765 2200 aestimandi,
793 2144 964 2208 qualis
992 2143 1064 2193 est
1092 2146 1150 2194 in
1182 2146 1353 2195 hisce:
1392 2165 1531 2205 „lma

179 2235 325 2302 „(um
355 2233 513 2297 Eine)
548 2232 731 2298 plures
763 2233 937 2284 tribus
969 2235 1333 2300 antiquarunt,
1368 2253 1532 2301 quam

178 2321 516 2386 ‚,ju[serunt“‚
554 2331 606 2369 et
628 2338 761 2379 „uno
792 2322 874 2371 die
906 2322 1019 2388 (um
1039 2324 1206 2372 Elnen
1236 2325 1287 2372 T
1283 2327 1382 2392 ag)
1407 2325 1532 2391 plus

180 2413 341 2471 „vixi,
381 2428 541 2477 quam
570 2409 870 2460 vivendum
906 2409 1079 2470 fujt‘g
1117 2411 1531 2479 similibusque?

179 2500 328 2570 Quid
359 2517 523 2566 porro
553 2499 944 2550 intolerabilius
979 2518 1141 2566 quam
1170 2501 1317 2566 quod
1340 2503 1399 2551 in
1426 2500 1532 2551 dif-

178 2587 316 2638 ficili
345 2590 442 2638 illo
475 2588 541 2638 de
572 2590 959 2654 cognominum
994 2591 1200 2655 origine
1229 2590 1351 2641 loco
1395 2609 1441 2650 1,
1476 2605 1530 2658 4,

181 2691 296 2739 25„
337 2694 500 2746 quem
541 2688 855 2746 corruptum
882 2679 1049 2745 magis
1080 2679 1237 2729 etiam
1272 2681 1529 2747 corrupit,
