1779 3062
376 145 542 188 INST.
592 144 873 202 ORATOR.
924 147 1046 192 LIB.
1095 148 1187 203 X,‚‘
1215 159 1256 192 1.
1451 157 1515 230 Z5

149 283 204 321 et
231 271 555 328 concitatus,
595 280 646 318 et
669 269 938 321 sententiis
966 273 1292 333 clariffimus5
1335 284 1413 334 et,
1452 285 1518 325 ut

153 348 329 399 dicam
375 348 524 413 quod
554 346 751 405 sentio,
816 350 980 414 magis
1016 353 1316 401 oratoribus
1353 369 1517 418 quam

151 427 325 494 poetis
382 425 828 474 annumerandus.
932 430 1043 475 Hos
1093 431 1596 489 nominavimus,9i

154 506 281 567 quia
347 503 722 550 Germanicum
788 502 1088 566 Augustum
1138 506 1201 553 ab
1260 505 1516 556 institutis

153 578 342 629 studiis
369 578 583 628 deflexit
610 596 734 627 cura
759 589 1045 638 terrarum,
1089 598 1388 649 parumque
1410 584 1518 648 diis

63 656 330 714 903visum
384 655 491 715 est,
549 654 645 704 effe
694 674 820 704 eum
869 659 1164 707 maximum
1220 665 1515 726 poetarum.

154 733 299 804 Quid
331 744 507 782 tamen
541 733 625 782 his
659 732 780 802 ipsis
814 738 928 796 ejus
964 737 1242 802 operibus,
1282 738 1340 785 in
1365 755 1519 803 quae,

153 887 272 937 Epist.
305 888 352 924 ad
380 886 529 937 Tryph.
566 901 601 926 1.
632 902 705 938 pro
735 887 949 939 maturuiffe
978 889 1083 926 Flor.
1116 893 1166 936 (a
1192 904 1251 939 pr.
1272 892 1354 935 m.)
1387 890 1519 929 Guelf-

154 946 254 984 Jens.
278 948 376 988 (tac.
398 946 539 994 Gesn.)
570 947 684 981 Tarv.
708 946 794 981 Ald.
819 945 1066 996 macuraviffe.
1209 949 1520 984 annumerandus.

155 1002 290 1037 Turio.
324 1003 530 1044 mitandus,
578 1017 597 1037 a
629 1003 696 1038 fec.
731 1017 782 1039 m.
839 1004 1061 1044 imitandus,
1106 1015 1142 1039 et
1171 1006 1219 1039 fic
1249 1005 1354 1040 Flor.
1388 1004 1518 1042 Guelf.

156 1058 276 1093 Goth.
301 1061 397 1102 (tac.
422 1059 561 1102 Gesn.)
592 1061 725 1108 Camp.
751 1073 839 1096 cum
863 1060 967 1095 Alm.
989 1060 1104 1095 Bodl.
1127 1060 1208 1096 Bal.
1229 1062 1336 1098 Voss.
1365 1076 1398 1097 1.
1422 1072 1458 1097 2.
1479 1070 1518 1104 3.

153 1113 258 1158 Vall.
292 1115 382 1150 Bad.
413 1116 521 1152 Bafil.
552 1117 702 1165 Gryph.
726 1131 847 1166 marg.
873 1117 968 1152 item
989 1118 1094 1153 Vase.
1118 1131 1240 1166 marg.
1265 1117 1396 1167 Steph.
1420 1117 1520 1155 Obr.

155 1174 402 1208 numerandus
442 1175 540 1211 Jens.
572 1171 675 1217 (tac.
705 1175 844 1219 Gesn.)
878 1187 965 1208 cum
998 1174 1082 1209 edd.
1122 1175 1216 1223 post.
1252 1185 1336 1209 ante
1366 1175 1520 1222 Gryph.

158 1228 284 1274 Quam
317 1230 542 1278 scripturam
576 1231 700 1278 Regio
727 1231 929 1279 probatam
948 1231 1093 1266 Badius
1112 1231 1208 1277 (cui
1229 1231 1408 1266 accedere
1431 1231 1521 1266 Gal·

157 1282 286 1319 laeum
319 1297 446 1320 narrat
478 1288 750 1328 Burmannus)
781 1298 883 1322 recte
914 1286 1111 1321 ferendam
1139 1299 1275 1335 negat,
1316 1286 1383 1323 vel
1413 1288 1522 1323 enim

158 1341 256 1375 inter
286 1351 452 1376 oratores
479 1342 545 1378 vel
567 1345 779 1384 oratoribus
803 1344 1102 1379 annumerandus
1126 1343 1369 1379 scribendum
1395 1344 1524 1380 fuiffe-

126 1434 129 1437 ,
157 1398 329 1433 Praefert
349 1399 474 1447 igitur
498 1400 605 1447 quod
634 1399 724 1435 dant
748 1401 829 1434 Mff.
859 1399 923 1434 cui
943 1398 1133 1436 firmando
1158 1400 1318 1436 adhibet
1341 1400 1523 1437 Gallaeus

157 1452 292 1489 locum
326 1468 397 1495 10,
422 1466 467 1495 2,
492 1466 568 1497 213
601 1469 681 1491 non
712 1456 811 1496 male
840 1456 921 1491 ille.
983 1457 1238 1504 Quanquam,
1268 1457 1415 1498 fateor,
1447 1468 1523 1492 ter-

158 1511 233 1545 fius
280 1510 480 1560 aliquanto
519 1513 722 1561 magisque
766 1513 922 1561 explere
955 1512 1130 1546 animum
1158 1511 1318 1547 lectoris
1349 1514 1524 1554 videtur,

160 1568 269 1615 quod
307 1581 412 1603 nunc
442 1568 632 1617 legimus,
674 1569 727 1604 ita
762 1581 888 1605 tamen
920 1580 964 1604 ut
993 1569 1035 1603 in
1066 1568 1137 1603 hac
1172 1569 1323 1604 ratione
1358 1570 1526 1606 scribere

157 1623 295 1658 malim
324 1622 435 1672 „sed‚
471 1637 512 1661 ut
533 1626 657 1660 dicam
681 1627 788 1674 quod
807 1625 941 1661 sentio.
955 1631 980 1645 ‘⁶
1041 1625 1253 1672 Quomodo
1278 1635 1407 1662 autem
1428 1627 1526 1662 haec

158 1680 358 1729 scriptura,
385 1683 411 1716 fi
431 1681 509 1730 ipsa
529 1682 606 1718 fuit
627 1682 878 1729 Quintiliani,
901 1682 1008 1718 abire
1028 1683 1206 1730 potuerit
1225 1683 1267 1717 in
1290 1696 1385 1724 eam,
1408 1695 1527 1733 quam

158 1738 385 1785 praeferunt
408 1738 662 1787 antiquissimi
681 1740 827 1788 quique
850 1738 959 1778 libri,
990 1752 1071 1774 non
1092 1751 1252 1787 exputo.
1312 1740 1376 1775 Est
1397 1752 1527 1776 tamen

159 1805 376 1842 praeterea,
425 1796 531 1844 quod
564 1807 712 1831 avertat
746 1811 765 1830 a
794 1795 973 1843 vulgata:
1008 1794 1051 1830 fit
1083 1797 1186 1831 enim
1215 1795 1380 1831 clausula
1408 1797 1526 1832 hexa-

159 1851 279 1885 metri
299 1851 413 1900 plena
433 1852 477 1887 in
498 1852 591 1893 hac;
622 1854 729 1901 quod
753 1854 855 1889 secus
879 1852 929 1888 est
946 1853 990 1887 in
1014 1854 1225 1888 imitandus.
1267 1848 1528 1892 Ac'utioribus

0 1897 4 1959 l
161 1906 293 1955 itaque
314 1907 447 1943 locum
473 1908 578 1944 hunc
602 1908 801 1958 relinquo.

256 2009 319 2045 91.
349 2012 553 2048 parumque
588 1999 669 2035 diis.
729 2000 863 2036 Turio.
896 1999 1000 2037 Flor.
1032 2000 1126 2046 (hic
1150 2015 1169 2035 a
1191 2013 1250 2051 pr.
1276 1997 1362 2049 m.)
1394 2014 1529 2049 parum

164 2068 259 2104 quae
288 2055 352 2090 his.
421 2055 522 2090 Alm.
556 2070 762 2107 parumque
801 2057 879 2097 his,
932 2067 970 2092 et
999 2059 1048 2092 fic
1084 2059 1218 2106 Camp.
1289 2057 1363 2092 Sed
1397 2057 1529 2094 Guelf-

165 2112 317 2147 omittit
357 2111 578 2147 encliticam
623 2126 714 2149 cum
748 2113 852 2151 Voff.
885 2122 923 2157 3.
993 2114 1252 2150 Scribendum
1293 2114 1425 2149 censeo
1460 2114 1530 2154 dis,

163 2167 449 2216 monosyllabo.
686 2179 811 2206 tamen
841 2171 911 2209 his.
979 2171 1049 2222 Sic·
1078 2171 1212 2208 Turio.
1250 2170 1356 2208 Flor.
1393 2171 1529 2219 Camp-

165 2225 330 2274 Reliqui
350 2234 376 2262 t.
405 2228 462 2262 iis.
522 2225 651 2264 Guelf.
675 2228 730 2263 his
759 2240 837 2265 om.

228 2372 292 2408 91.
328 2360 588 2398 Germanicum
600 2360 815 2412 Augustum.
879 2369 902 2408 4
924 2366 1014 2399 Pro.
1039 2371 1075 2406 5.
1138 2364 1298 2401 Poetas‚
1330 2361 1402 2410 qui
1439 2374 1532 2398 eum

166 2417 252 2452 Diu
270 2417 320 2452 est
331 2430 419 2452 cum
430 2419 816 2459 videruntVV.DD.
878 2420 1026 2456 adulati
1055 2420 1127 2454 [int
1156 2418 1234 2453 hoc
1258 2418 1442 2460 nornine,
1473 2432 1531 2454 re-

170 2474 216 2509 de
247 2475 471 2509 Germanici
489 2477 641 2512 Arateis
669 2476 733 2512 hic
753 2491 819 2512 ne·
878 2477 954 2512 fert
980 2474 1219 2512 Dodwellus
1244 2474 1382 2510 Annal.
1406 2475 1531 2522 Quin·

169 2543 363 2579 quaquam
422 2532 493 2567 effe
553 2533 818 2581 cogitandum,
879 2533 937 2569 til.
961 2537 994 2581 §.
1022 2538 1084 2575 14.
1110 2531 1248 2566 hosce:
1281 2530 1348 2567 Sil.
1377 2531 1459 2567 Ital.
1491 2540 1531 2576 3,

169 2587 231 2622 sed
256 2585 379 2621 solum
404 2588 656 2625 demonstrari
676 2590 820 2626 Domi·
881 2589 962 2634 618
985 2608 1042 2616 —-
1065 2597 1130 2623 20.
1173 2586 1304 2624 Valer.
1333 2587 1456 2625 Flacc.
1496 2602 1533 2631 ι,

169 2644 321 2679 tianum
355 2644 654 2694 imperatorem,
688 2647 733 2682 de
757 2660 822 2682 cu-
886 2657 949 2683 12.
983 2643 1154 2682 Martial.
1180 2650 1217 2690 8,
1246 2650 1311 2690 82.

168 2701 231 2747 jus
258 2701 414 2750 poetica
435 2701 548 2746 laude
569 2702 662 2739 vide
680 2716 754 2741 nos
773 2703 822 2740 ad
