1779 3062
262 195 359 247 594

581 185 658 262 Μ.
694 186 830 233 FAB.
870 185 1289 257 QU1NTmAN1

263 323 410 371 neat,
466 313 710 379 petulans
765 309 865 361 effe
914 310 981 361 ad
1022 313 1240 363 alteriub
1289 315 1609 366 arbitrium?

191 409 232 435 n
266 391 432 457 Atqui
495 391 652 439 etiam
700 392 759 439 in
809 388 1091 441 advocatos
1147 391 1308 457 partis
1363 392 1609 442 adversae

266 469 495 518 libenter
534 468 788 517 nonnulli
822 467 1182 517 invehuntur:
1224 469 1387 532 quod,
1426 469 1529 533 nifi
1564 469 1608 519 fi

267 546 407 597 sorte
447 554 787 604 meruerunt,
842 555 894 593 et
931 545 1292 595 inhumanum
1330 544 1404 594 est
1439 546 1611 613 respe-

270 635 361 673 ctu
401 623 777 674 communium
824 618 1158 679 officiorum,
1227 633 1280 670 et
1322 639 1445 672 cum
1483 623 1612 691 ipfi,

196 740 197 743 η
269 703 366 765 qui
407 700 561 758 dicit,
609 701 801 750 inutile
841 701 999 764 (nam
1039 698 1184 748 idem
1222 701 1355 760 iuris
1396 698 1613 767 respon-

270 777 406 830 suris
449 773 661 848 datur),
711 788 840 828 tum⁴
871 774 1049 827 causae
1091 776 1450 836 contrarium,
1483 779 1612 843 quia

385 971 450 995 ιι.
489 955 561 1007 nisi
585 955 690 1005 forte
721 955 849 993 Guelf.
881 956 1001 993 Goth.
1033 956 1168 1004 Camp.
1202 965 1241 991 et
1270 955 1356 993 edd.
1387 965 1473 992 ante
1505 955 1609 993 Gibf.

267 1029 351 1053 exc.
376 1014 465 1052 Ald.
489 1013 639 1063 Gryph.
665 1013 757 1052 Vid.
786 1025 868 1050 not.
892 1026 1000 1062 exeg.
1063 1014 1258 1048 meruerint
1289 1013 1425 1061 Camp.
1457 1023 1494 1048 et
1523 1013 1610 1051 edd.

265 1083 354 1108 ante
386 1070 536 1120 Gryph.

263 1185 384 1222 Goth.
403 1182 495 1233 (tac.
511 1182 643 1228 Gesn.)

260 1333 406 1385 quidem
425 1349 482 1357 —·
494 1356 503 1365 .

258 1389 428 1440 juvanda
450 1387 498 1424 est
527 1384 689 1428 relatio,
732 1400 829 1435 quae
858 1385 907 1422 est

257 1448 362 1484 inter
389 1446 484 1481 haec
517 1444 596 1479 duo
627 1442 822 1485 membra,
862 1443 906 1478 in

257 1503 364 1541 hunc
387 1502 552 1538 sensum:
593 1501 695 1540 „Sed
716 1500 812 1535 sicut
832 1498 906 1534 alia

257 1561 406 1604 „etiam
426 1557 549 1593 multa
568 1556 615 1591 ad
645 1569 782 1591 eorum
805 1556 906 1592 arbi-

258 1617 409 1659 „trium
430 1626 511 1650 non
532 1612 704 1648 facienda
726 1611 823 1653 sunt,
849 1612 905 1648 ita

254 1672 365 1715 „hoc
385 1679 479 1706 certe
499 1668 696 1717 (quidem)
716 1669 901 1704 minime:

258 1742 376 1771 „nam
398 1727 554 1776 quis——
566 1724 739 1760 sustineat
752 1723 770 1759 ?
786 1730 811 1746 “

316 1784 488 1833 petulans
507 1780 588 1831 effe.
618 1781 712 1816 Non
735 1781 784 1816 est
796 1783 905 1830 quod

256 1844 448 1880 rariorem
479 1839 578 1874 hane
606 1837 648 1871 in
677 1836 800 1873 soluta
821 1851 906 1874 ora-

258 1901 367 1936 tione
389 1894 714 1933 constructionem
729 1908 904 1944 pronun·

257 1957 335 1993 ciet
351 1956 616 1990 Burmannus,
649 1964 764 1999 quam
794 1953 905 2001 supra

258 2020 419 2063 quoque
442 2019 480 2054 5,
506 2009 543 2050 6,
567 2008 632 2053 64.
680 2008 904 2048 habuimus,

261 2081 438 2119 quaeque
480 2067 523 2101 in
560 2064 683 2101 verbo
715 2062 904 2113 sustinere,

261 2125 418 2174 quoties
452 2123 589 2159 eodem
626 2121 705 2156 fere
737 2134 814 2169 quo
840 2137 906 2157 au·

259 2184 347 2218 dere
380 2181 486 2217 sensu
519 2178 742 2227 usurpatur,
791 2177 904 2227 plane

259 2237 466 2275 neceffaria
488 2235 548 2273 est.

324 2307 389 2330 11.
422 2291 540 2342 nisisi
552 2290 662 2338 forte.
697 2290 755 2328 Cf.
777 2290 904 2340 Spald.

260 2351 305 2387 in
323 2361 406 2387 not.
429 2351 514 2385 crit.
535 2349 582 2384 ad
603 2357 641 2392 5,
667 2361 727 2387 ιο,
752 2357 788 2383 2.
810 2348 905 2383 Non

260 2407 410 2456 ubique
440 2417 569 2442 tamen
597 2403 789 2454 duplicata
810 2402 904 2439 haec

257 2463 387 2500 torma
407 2463 540 2498 locum
559 2461 696 2497 habet:
730 2471 830 2496 certe
850 2459 903 2494 fa-

261 2519 338 2555 cile
367 2519 528 2555 sentitur
557 2517 774 2559 differentia
801 2517 903 2551 inter

256 2575 302 2610 id
327 2576 433 2624 quod
456 2575 523 2611 hic
543 2574 593 2610 est
609 2571 728 2621 nisisi
744 2571 846 2621 forte
867 2583 903 2608 et

254 2631 452 2668 ironicum
471 2631 574 2667 illud
586 2628 766 2677 nisiforte
781 2642 816 2670 ι,
836 2641 899 2670 10,

256 2687 294 2722 6.
327 2698 392 2731 25.
451 2698 489 2729 α,
522 2696 567 2731 3,
602 2686 638 2721 6.
699 2695 745 2729 3,
780 2693 824 2729 5,
856 2694 894 2728 5.

246 2742 327 2779 secl
352 2750 388 2787 4,
416 2756 449 2785 ι,
471 2755 538 2789 7ο.
573 2742 702 2785 etiam,
734 2741 806 2779 ubi
827 2740 897 2793 mJi

605 1068 804 1119 respectum
840 1070 945 1106 Flos.

1019 1071 1207 1105 eriminum
1240 1068 1340 1117 offic.
1375 1068 1504 1106 Guelf.
1575 1078 1616 1106 ec

267 1138 344 1164 tum
375 1126 446 1177 ipsi
472 1126 568 1166 Jens.
601 1129 701 1171 (tac.
725 1127 867 1174 Gesn.)
900 1138 936 1162 et
962 1126 1046 1162 edd.
1078 1125 1170 1172 post.
1198 1135 1285 1161 ante
1308 1126 1400 1161 Bad.

758 1186 821 1234 qui
839 1184 953 1232 plane
976 1182 1105 1218 Guelf.
1134 1194 1164 1218 c.
1181 1181 1284 1221 Voss'.
1311 1195 1346 1217 ι.
1364 1184 1479 1219 Bern.
1505 1183 1611 1219 Tum

1519 1126 1612 1162 utile

575 1329 905 1365 Pronunciatione
956 1328 996 1380 si
1021 1329 1073 1365 est
1091 1329 1132 1365 in
1154 1329 1305 1370 ironia,
1338 1327 1378 1378 si
1399 1327 1611 1365 delendum

966 1398 1057 1423 erat.
1116 1386 1218 1423 Nam
1244 1399 1333 1422 cum
1352 1385 1450 1422 libri
1473 1397 1610 1423 omne·

965 1455 1116 1480 careant
1135 1442 1195 1479 ibi
1214 1455 1312 1479 voce
1331 1441 1412 1492 rusi,
1429 1441 1529 1478 male
1547 1442 1608 1479 in-

965 1512 1071 1549 tegra
1091 1501 1163 1535 hac
1184 1499 1375 1548 particula
1394 1499 1512 1535 fartus
1532 1499 1609 1536 fuit

964 1558 1157 1597 defectus;
1190 1569 1278 1590 cum
1307 1555 1382 1591 sola
1405 1555 1545 1604 syllaba
1566 1557 1608 1591 ηἱ

961 1627 1054 1649 vere
1075 1614 1255 1650 videatur
1273 1612 1448 1661 absorpta
1469 1625 1606 1662 aprae-

963 1670 1121 1705 cedente
1148 1671 1209 1704 im.
1270 1670 1415 1705 Contra
1447 1675 1482 1712 4,
1506 1677 1544 1712 3,
1569 1675 1607 1712 5.

961 1725 1183 1774 legitimum
1217 1725 1267 1760 est
1297 1722 1447 1774 nisisi,
1477 1738 1606 1773 neque

963 1781 1043 1818 ulla
1053 1782 1113 1818 ibi
1129 1782 1306 1817 varietas.
1329 1780 1464 1816 Alium
1480 1781 1604 1822 usum,

963 1851 1043 1887 quo
1071 1837 1283 1888 particulae
1318 1836 1388 1886 nisi
1419 1836 1527 1886 sorte
1558 1837 1607 1873 ad

960 1895 1157 1931 vitandam
1186 1895 1339 1930 ironiae
1367 1894 1530 1943 speciem
1555 1895 1606 1930 se-

960 1963 1158 2001 parantur,
1175 1951 1278 2001 apud
1292 1951 1522 1987 Ciceronem
1534 1963 1604 1986 no·

962 2009 1061 2044 tax-it
1088 2008 1329 2044 Goerenzius
1359 2007 1407 2042 ad
1433 2008 1517 2044 Fin.
1556 2021 1604 2051 ι.

967 2075 1031 2110 ²72
1065 2065 1130 2108 56·

1019 2123 1106 2170 quia
1135 2121 1475 2169 plane—inimici·
1538 2121 1602 2155 In-

960 2177 1095 2215 solitus
1140 2178 1251 2213 vocis
1294 2178 1406 2226 plane
1442 2176 1602 2225 pofitus.

960 2236 1063 2271 Nam
1095 2246 1182 2270 cum
1211 2244 1429 2284 expectares
1460 2232 1514 2267 ita
1544 2231 1604 2266 di-

962 2301 1067 2327 ctum
1107 2291 1234 2339 „quia
1268 2289 1474 2338 adversagii
1501 2289 1605 2325 fiunt

960 2346 1100 2396 „plane
1122 2347 1328 2388 inimici‚“
1360 2357 1464 2380 nunc
1490 2345 1606 2395 plane

962 2405 1008 2439 ad
1038 2413 1159 2438 totam
1193 2405 1410 2440 orationem
1444 2402 1605 2450 spectat,

958 2473 1032 2509 pro
1053 2472 1098 2495 eo
1114 2461 1221 2508 quod
1233 2459 1386 2509 plenius
1405 2457 1459 2494 ita
1475 2456 1605 2493 efferri

957 2517 1076 2565 poffis
1096 2518 1217 2565 „quia
1230 2517 1271 2551 id
1292 2516 1404 2565 plane
1420 2514 1600 2553 efficitur.

955 2584 1029 2614 „ut
1049 2573 1253 2608 adversarii
1284 2574 1380 2608 fiant
1411 2581 1448 2606 et
1468 2569 1600 2605 inimi-

955 2629 1062 2670 „ci.“
1120 2631 1236 2665 Recte
1255 2640 1381 2665 autem
1404 2626 1598 2662 distinctio

954 2685 1000 2721 ab
1024 2685 1222 2723 Obrechto
1242 2687 1413 2733 primum
1444 2681 1599 2716 invecta

953 2741 1013 2782 est,
1043 2755 1091 2778 ne
1126 2743 1284 2791 jungas:
1315 2732 1462 2790 ‚‚(iui)
1493 2738 1599 2775 liunt
