<?xml version="1.0" encoding="UTF-8"?>
<!DOCTYPE html PUBLIC "-//W3C//DTD XHTML 1.0 Transitional//EN"
    "http://www.w3.org/TR/xhtml1/DTD/xhtml1-transitional.dtd">
<html xmlns="http://www.w3.org/1999/xhtml" xml:lang="en" lang="en">
 <head>
  <title>
</title>
<meta http-equiv="Content-Type" content="text/html;charset=utf-8" />
  <meta name='ocr-system' content='tesseract 3.04.00' />
  <meta name='ocr-capabilities' content='ocr_page ocr_carea ocr_par ocr_line ocrx_word'/>
</head>
<body>
  <div class='ocr_page' id='page_1' title='image "./deinstitutioneor04quinuoft_0041.png"; bbox 0 0 1820 3062; ppageno 0'>
   <div class='ocr_carea' id='block_1_1' title="bbox 420 155 1542 214">
    <p class='ocr_par' dir='ltr' id='par_1_1' title="bbox 420 155 1542 214">
     <span class='ocr_line' id='line_1_1' title="bbox 420 155 1542 214; baseline -0.004 -10"><span class='ocrx_word' id='word_1_1' title='bbox 420 158 585 204; x_wconf 87' lang='lat' dir='ltr'><strong>INST.</strong></span> <span class='ocrx_word' id='word_1_2' title='bbox 625 155 918 204; x_wconf 80' lang='lat' dir='ltr'><strong>ORATOR.</strong></span> <span class='ocrx_word' id='word_1_3' title='bbox 963 157 1083 202; x_wconf 91' lang='lat' dir='ltr'><strong>LIB.</strong></span> <span class='ocrx_word' id='word_1_4' title='bbox 1130 156 1204 214; x_wconf 81' lang='lat' dir='ltr'>X,</span> <span class='ocrx_word' id='word_1_5' title='bbox 1257 168 1302 202; x_wconf 86' lang='lat'>1.</span> <span class='ocrx_word' id='word_1_6' title='bbox 1480 164 1542 209; x_wconf 82' lang='lat'>15</span> 
     </span>
    </p>
   </div>
   <div class='ocr_carea' id='block_1_2' title="bbox 176 285 1546 743">
    <p class='ocr_par' dir='ltr' id='par_1_2' title="bbox 176 285 1546 743">
     <span class='ocr_line' id='line_1_2' title="bbox 178 285 1544 355; baseline -0.004 -15"><span class='ocrx_word' id='word_1_7' title='bbox 178 291 330 341; x_wconf 81' lang='lat' dir='ltr'>locus</span> <span class='ocrx_word' id='word_1_8' title='bbox 379 285 699 355; x_wconf 83' lang='lat' dir='ltr'>postulabit,</span> <span class='ocrx_word' id='word_1_9' title='bbox 749 285 1176 352; x_wconf 84' lang='lat' dir='ltr'>pronunciandi,</span> <span class='ocrx_word' id='word_1_10' title='bbox 1224 286 1544 352; x_wconf 47' lang='lat' dir='ltr'>vel1p0ten-</span> 
     </span>
     <span class='ocr_line' id='line_1_3' title="bbox 176 362 1543 422; baseline -0.004 -5"><span class='ocrx_word' id='word_1_11' title='bbox 176 367 360 419; x_wconf 86' lang='lat' dir='ltr'>tiffima</span> <span class='ocrx_word' id='word_1_12' title='bbox 383 367 442 415; x_wconf 87' lang='lat' dir='ltr'>in</span> <span class='ocrx_word' id='word_1_13' title='bbox 469 363 726 422; x_wconf 86' lang='lat' dir='ltr'>dicendo,</span> <span class='ocrx_word' id='word_1_14' title='bbox 768 364 930 422; x_wconf 85' lang='lat' dir='ltr'>ratio,</span> <span class='ocrx_word' id='word_1_15' title='bbox 973 374 1049 421; x_wconf 82' lang='lat' dir='ltr'>et,</span> <span class='ocrx_word' id='word_1_16' title='bbox 1086 375 1146 413; x_wconf 89' lang='lat' dir='ltr'>ut</span> <span class='ocrx_word' id='word_1_17' title='bbox 1171 362 1330 412; x_wconf 83' lang='lat' dir='ltr'>semel</span> <span class='ocrx_word' id='word_1_18' title='bbox 1352 363 1543 421; x_wconf 88' lang='lat' dir='ltr'>dicam,</span> 
     </span>
     <span class='ocr_line' id='line_1_4' title="bbox 177 441 1544 512; baseline -0.002 -19"><span class='ocrx_word' id='word_1_19' title='bbox 177 446 376 512; x_wconf 83' lang='lat' dir='ltr'>pariter</span> <span class='ocrx_word' id='word_1_20' title='bbox 417 443 623 500; x_wconf 83' lang='lat' dir='ltr'>omnia,</span> <span class='ocrx_word' id='word_1_21' title='bbox 676 441 883 491; x_wconf 87' lang='lat' dir='ltr'><strong>docent.</strong></span> <span class='ocrx_word' id='word_1_22' title='bbox 976 442 1038 488; x_wconf 89' lang='lat' dir='ltr'>In</span> <span class='ocrx_word' id='word_1_23' title='bbox 1077 441 1306 491; x_wconf 86' lang='lat' dir='ltr'>lectione</span> <span class='ocrx_word' id='word_1_24' title='bbox 1349 442 1544 490; x_wconf 80' lang='lat' dir='ltr'>certius</span> 
     </span>
     <span class='ocr_line' id='line_1_5' title="bbox 176 516 1545 586; baseline -0.002 -15"><span class='ocrx_word' id='word_1_25' title='bbox 176 523 470 586; x_wconf 86' lang='lat' dir='ltr'>judicium,</span> <span class='ocrx_word' id='word_1_26' title='bbox 511 518 662 585; x_wconf 88' lang='lat' dir='ltr'>quod</span> <span class='ocrx_word' id='word_1_27' title='bbox 694 519 936 567; x_wconf 87' lang='lat' dir='ltr'>audienti</span> <span class='ocrx_word' id='word_1_28' title='bbox 965 516 1276 582; x_wconf 85' lang='lat' dir='ltr'>frequenter</span> <span class='ocrx_word' id='word_1_29' title='bbox 1303 529 1395 569; x_wconf 87' lang='lat' dir='ltr'>aut</span> <span class='ocrx_word' id='word_1_30' title='bbox 1418 516 1545 583; x_wconf 81' lang='lat' dir='ltr'>suus</span> 
     </span>
     <span class='ocr_line' id='line_1_6' title="bbox 179 594 1546 665; baseline -0.004 -16"><span class='ocrx_word' id='word_1_31' title='bbox 179 601 380 665; x_wconf 88' lang='lat' dir='ltr'>cuique</span> <span class='ocrx_word' id='word_1_32' title='bbox 429 597 628 654; x_wconf 78' lang='lat' dir='ltr'>favor,</span> <span class='ocrx_word' id='word_1_33' title='bbox 682 607 773 645; x_wconf 86' lang='lat' dir='ltr'>aut</span> <span class='ocrx_word' id='word_1_34' title='bbox 814 597 908 645; x_wconf 87' lang='lat' dir='ltr'>ille</span> <span class='ocrx_word' id='word_1_35' title='bbox 956 594 1294 644; x_wconf 79' lang='lat' dir='ltr'>laudantium</span> <span class='ocrx_word' id='word_1_36' title='bbox 1346 597 1546 645; x_wconf 86' lang='lat' dir='ltr'>clamor</span> 
     </span>
     <span class='ocr_line' id='line_1_7' title="bbox 178 670 1546 743; baseline -0.004 -16"><span class='ocrx_word' id='word_1_37' title='bbox 178 686 474 743; x_wconf 85' lang='lat' dir='ltr'>extorquet.</span> <span class='ocrx_word' id='word_1_38' title='bbox 563 674 738 724; x_wconf 84' lang='lat' dir='ltr'>Pudet</span> <span class='ocrx_word' id='word_1_39' title='bbox 777 676 924 724; x_wconf 90' lang='lat' dir='ltr'>enim</span> <span class='ocrx_word' id='word_1_40' title='bbox 961 670 1256 732; x_wconf 65' lang='lat' dir='ltr'>dissentire,</span> <span class='ocrx_word' id='word_1_41' title='bbox 1306 683 1358 722; x_wconf 90' lang='lat' dir='ltr'>et</span> <span class='ocrx_word' id='word_1_42' title='bbox 1392 674 1546 723; x_wconf 86' lang='lat' dir='ltr'>velut</span> 
     </span>
    </p>
   </div>
   <div class='ocr_carea' id='block_1_3' title="bbox 177 826 1552 1437">
    <p class='ocr_par' dir='ltr' id='par_1_3' title="bbox 262 826 1410 883">
     <span class='ocr_line' id='line_1_8' title="bbox 262 826 1410 883; baseline -0.004 -16"><span class='ocrx_word' id='word_1_43' title='bbox 262 828 478 883; x_wconf 80' lang='lat' dir='ltr'>postulabit.</span> <span class='ocrx_word' id='word_1_44' title='bbox 540 829 674 866; x_wconf 83' lang='lat' dir='ltr'>Turio.</span> <span class='ocrx_word' id='word_1_45' title='bbox 697 828 802 866; x_wconf 86' lang='lat' dir='ltr'>Flor.</span> <span class='ocrx_word' id='word_1_46' title='bbox 825 826 1031 878; x_wconf 76' lang='lat' dir='ltr'>postulavit</span> <span class='ocrx_word' id='word_1_47' title='bbox 1053 840 1143 863; x_wconf 88' lang='lat' dir='ltr'>cum</span> <span class='ocrx_word' id='word_1_48' title='bbox 1167 827 1281 863; x_wconf 85' lang='lat' dir='ltr'>Bodl.</span> <span class='ocrx_word' id='word_1_49' title='bbox 1301 827 1410 863; x_wconf 83' lang='lat' dir='ltr'>Ricc.</span> 
     </span>
    </p>

    <p class='ocr_par' dir='ltr' id='par_1_4' title="bbox 178 883 1551 1163">
     <span class='ocr_line' id='line_1_9' title="bbox 265 883 1546 936; baseline -0.005 -12"><span class='ocrx_word' id='word_1_50' title='bbox 265 899 323 928; x_wconf 75' lang='lat' dir='ltr'>et,</span> <span class='ocrx_word' id='word_1_51' title='bbox 358 898 408 923; x_wconf 79' lang='lat' dir='ltr'>uc.</span> <span class='ocrx_word' id='word_1_52' title='bbox 469 888 603 936; x_wconf 85' lang='lat' dir='ltr'>Camp.</span> <span class='ocrx_word' id='word_1_53' title='bbox 635 883 684 934; x_wconf 82' lang='lat' dir='ltr'>est</span> <span class='ocrx_word' id='word_1_54' title='bbox 713 886 852 922; x_wconf 82' lang='lat' dir='ltr'>orniffo</span> <span class='ocrx_word' id='word_1_55' title='bbox 885 896 937 922; x_wconf 79' lang='lat' dir='ltr'>ut.</span> <span class='ocrx_word' id='word_1_56' title='bbox 1197 886 1342 920; x_wconf 77' lang='lat' dir='ltr'>docent.</span> <span class='ocrx_word' id='word_1_57' title='bbox 1411 886 1546 934; x_wconf 82' lang='lat' dir='ltr'>Camp.</span> 
     </span>
     <span class='ocr_line' id='line_1_10' title="bbox 178 941 1547 989; baseline -0.004 -7"><span class='ocrx_word' id='word_1_58' title='bbox 178 946 290 982; x_wconf 70' lang='lat' dir='ltr'>docet</span> <span class='ocrx_word' id='word_1_59' title='bbox 317 958 406 981; x_wconf 85' lang='lat' dir='ltr'>cum</span> <span class='ocrx_word' id='word_1_60' title='bbox 435 944 554 982; x_wconf 86' lang='lat' dir='ltr'>Goth.</span> <span class='ocrx_word' id='word_1_61' title='bbox 588 944 720 989; x_wconf 74' lang='lat' dir='ltr'>(Voss&#39;.</span> <span class='ocrx_word' id='word_1_62' title='bbox 744 956 780 980; x_wconf 83' lang='lat'>2.</span> <span class='ocrx_word' id='word_1_63' title='bbox 813 944 1001 981; x_wconf 84' lang='lat' dir='ltr'>nostrum.</span> <span class='ocrx_word' id='word_1_64' title='bbox 1022 942 1080 978; x_wconf 73' lang='lat' dir='ltr'>ef.</span> <span class='ocrx_word' id='word_1_65' title='bbox 1104 946 1137 989; x_wconf 82' lang='lat'>§.</span> <span class='ocrx_word' id='word_1_66' title='bbox 1169 945 1263 987; x_wconf 87' lang='lat'>15.)</span> <span class='ocrx_word' id='word_1_67' title='bbox 1292 942 1428 978; x_wconf 78' lang='lat' dir='ltr'>Locat.</span> <span class='ocrx_word' id='word_1_68' title='bbox 1452 941 1547 989; x_wconf 80' lang='lat' dir='ltr'>(err.</span> 
     </span>
     <span class='ocr_line' id='line_1_11' title="bbox 178 999 1232 1050; baseline -0.005 -11"><span class='ocrx_word' id='word_1_69' title='bbox 178 1002 343 1046; x_wconf 67' lang='lat' dir='ltr'>Bur-m.)</span> <span class='ocrx_word' id='word_1_70' title='bbox 363 1015 487 1050; x_wconf 87' lang='lat' dir='ltr'>eoque</span> <span class='ocrx_word' id='word_1_71' title='bbox 507 1001 796 1039; x_wconf 83' lang='lat' dir='ltr'>recentioribus</span> <span class='ocrx_word' id='word_1_72' title='bbox 818 1012 904 1036; x_wconf 87' lang='lat' dir='ltr'>ante</span> <span class='ocrx_word' id='word_1_73' title='bbox 923 1000 1036 1036; x_wconf 83' lang='lat' dir='ltr'>Leid.</span> <span class='ocrx_word' id='word_1_74' title='bbox 1061 999 1232 1035; x_wconf 84' lang='lat' dir='ltr'>Peffime.</span> 
     </span>
     <span class='ocr_line' id='line_1_12' title="bbox 179 1057 1551 1105; baseline -0.003 -9"><span class='ocrx_word' id='word_1_75' title='bbox 179 1060 315 1096; x_wconf 82' lang='lat' dir='ltr'>Turio.</span> <span class='ocrx_word' id='word_1_76' title='bbox 334 1059 522 1094; x_wconf 78' lang='lat' dir='ltr'>audiendi.</span> <span class='ocrx_word' id='word_1_77' title='bbox 555 1059 603 1096; x_wconf 86' lang='lat' dir='ltr'>cf.</span> <span class='ocrx_word' id='word_1_78' title='bbox 627 1066 671 1102; x_wconf 78' lang='grc'>4,</span> <span class='ocrx_word' id='word_1_79' title='bbox 700 1067 745 1102; x_wconf 86' lang='grc'>5,</span> <span class='ocrx_word' id='word_1_80' title='bbox 776 1058 811 1092; x_wconf 83' lang='grc'>6.</span> <span class='ocrx_word' id='word_1_81' title='bbox 859 1058 905 1099; x_wconf 86' lang='grc'>6,</span> <span class='ocrx_word' id='word_1_82' title='bbox 930 1067 978 1101; x_wconf 80' lang='lat'>5,</span> <span class='ocrx_word' id='word_1_83' title='bbox 1000 1068 1065 1094; x_wconf 85' lang='lat'>20.</span> <span class='ocrx_word' id='word_1_84' title='bbox 1213 1057 1352 1105; x_wconf 80' lang='lat' dir='ltr'>cuique.</span> <span class='ocrx_word' id='word_1_85' title='bbox 1414 1057 1551 1105; x_wconf 76' lang='lat' dir='ltr'>Camp-</span> 
     </span>
     <span class='ocr_line' id='line_1_13' title="bbox 179 1112 1376 1163; baseline -0.004 -10"><span class='ocrx_word' id='word_1_86' title='bbox 179 1117 300 1153; x_wconf 86' lang='lat' dir='ltr'>Goth.</span> <span class='ocrx_word' id='word_1_87' title='bbox 323 1116 422 1154; x_wconf 84' lang='lat' dir='ltr'>Jens.</span> <span class='ocrx_word' id='word_1_88' title='bbox 443 1118 539 1159; x_wconf 84' lang='lat' dir='ltr'>(tac.</span> <span class='ocrx_word' id='word_1_89' title='bbox 563 1117 707 1158; x_wconf 84' lang='lat' dir='ltr'>Gesn.)</span> <span class='ocrx_word' id='word_1_90' title='bbox 738 1117 910 1163; x_wconf 75' lang='lat' dir='ltr'>cujusque</span> <span class='ocrx_word' id='word_1_91' title='bbox 936 1128 1025 1150; x_wconf 88' lang='lat' dir='ltr'>cum</span> <span class='ocrx_word' id='word_1_92' title='bbox 1051 1114 1136 1150; x_wconf 88' lang='lat' dir='ltr'>edd.</span> <span class='ocrx_word' id='word_1_93' title='bbox 1158 1125 1242 1148; x_wconf 85' lang='lat' dir='ltr'>ante</span> <span class='ocrx_word' id='word_1_94' title='bbox 1267 1112 1376 1148; x_wconf 75' lang='lat' dir='ltr'>Bafil.</span> 
     </span>
    </p>

    <p class='ocr_par' dir='ltr' id='par_1_5' title="bbox 177 1169 1552 1437">
     <span class='ocr_line' id='line_1_14' title="bbox 271 1169 1548 1220; baseline -0.004 -11"><span class='ocrx_word' id='word_1_95' title='bbox 271 1181 333 1218; x_wconf 79' lang='lat'>13.</span> <span class='ocrx_word' id='word_1_96' title='bbox 366 1172 479 1208; x_wconf 80' lang='lat' dir='ltr'>velut.</span> <span class='ocrx_word' id='word_1_97' title='bbox 547 1173 682 1208; x_wconf 81' lang='lat' dir='ltr'>Turio.</span> <span class='ocrx_word' id='word_1_98' title='bbox 714 1173 820 1208; x_wconf 81' lang='lat' dir='ltr'>Flor.</span> <span class='ocrx_word' id='word_1_99' title='bbox 852 1172 981 1208; x_wconf 84' lang='lat' dir='ltr'>Guelf.</span> <span class='ocrx_word' id='word_1_100' title='bbox 1016 1173 1149 1220; x_wconf 82' lang='lat' dir='ltr'>Camp.</span> <span class='ocrx_word' id='word_1_101' title='bbox 1184 1171 1278 1205; x_wconf 76' lang='lat' dir='ltr'>illud</span> <span class='ocrx_word' id='word_1_102' title='bbox 1307 1183 1396 1204; x_wconf 88' lang='lat' dir='ltr'>cum</span> <span class='ocrx_word' id='word_1_103' title='bbox 1426 1169 1548 1205; x_wconf 87' lang='lat' dir='ltr'>Goth.</span> 
     </span>
     <span class='ocr_line' id='line_1_15' title="bbox 178 1227 1552 1267; baseline -0.004 0"><span class='ocrx_word' id='word_1_104' title='bbox 178 1230 294 1267; x_wconf 80' lang='lat' dir='ltr'>Bodl.</span> <span class='ocrx_word' id='word_1_105' title='bbox 327 1229 431 1265; x_wconf 82' lang='lat' dir='ltr'>Alm.</span> <span class='ocrx_word' id='word_1_106' title='bbox 456 1231 561 1266; x_wconf 71' lang='lat' dir='ltr'>Voss&#39;.</span> <span class='ocrx_word' id='word_1_107' title='bbox 588 1241 624 1265; x_wconf 76' lang='lat'>2.</span> <span class='ocrx_word' id='word_1_108' title='bbox 662 1241 699 1265; x_wconf 84' lang='lat' dir='ltr'>et</span> <span class='ocrx_word' id='word_1_109' title='bbox 718 1230 803 1265; x_wconf 83' lang='lat' dir='ltr'>edd.</span> <span class='ocrx_word' id='word_1_110' title='bbox 828 1230 913 1264; x_wconf 72' lang='lat' dir='ltr'>ante</span> <span class='ocrx_word' id='word_1_111' title='bbox 934 1228 1022 1265; x_wconf 84' lang='lat' dir='ltr'><strong>Ald.</strong></span> <span class='ocrx_word' id='word_1_112' title='bbox 1046 1229 1092 1263; x_wconf 86' lang='lat' dir='ltr'>ab</span> <span class='ocrx_word' id='word_1_113' title='bbox 1118 1229 1193 1262; x_wconf 80' lang='lat' dir='ltr'>illis</span> <span class='ocrx_word' id='word_1_114' title='bbox 1215 1227 1302 1262; x_wconf 82' lang='lat' dir='ltr'>Ald.</span> <span class='ocrx_word' id='word_1_115' title='bbox 1326 1227 1419 1262; x_wconf 82' lang='lat' dir='ltr'>Bad.</span> <span class='ocrx_word' id='word_1_116' title='bbox 1447 1238 1552 1262; x_wconf 89' lang='lat' dir='ltr'>uter-</span> 
     </span>
     <span class='ocr_line' id='line_1_16' title="bbox 180 1283 1550 1336; baseline -0.004 -14"><span class='ocrx_word' id='word_1_117' title='bbox 180 1301 256 1336; x_wconf 88' lang='lat' dir='ltr'>que</span> <span class='ocrx_word' id='word_1_118' title='bbox 290 1301 336 1322; x_wconf 83' lang='lat' dir='ltr'>ex</span> <span class='ocrx_word' id='word_1_119' title='bbox 367 1287 639 1321; x_wconf 81' lang='lat' dir='ltr'>emendatione</span> <span class='ocrx_word' id='word_1_120' title='bbox 672 1286 801 1333; x_wconf 74' lang='lat' dir='ltr'>Regii.</span> <span class='ocrx_word' id='word_1_121' title='bbox 870 1286 1056 1321; x_wconf 80' lang='lat' dir='ltr'>Nostrum</span> <span class='ocrx_word' id='word_1_122' title='bbox 1088 1286 1131 1320; x_wconf 81' lang='lat' dir='ltr'>in</span> <span class='ocrx_word' id='word_1_123' title='bbox 1161 1283 1268 1319; x_wconf 79' lang='lat' dir='ltr'>Bafil.</span> <span class='ocrx_word' id='word_1_124' title='bbox 1300 1284 1450 1332; x_wconf 85' lang='lat' dir='ltr'>prima,</span> <span class='ocrx_word' id='word_1_125' title='bbox 1502 1284 1550 1318; x_wconf 86' lang='lat' dir='ltr'>de</span> 
     </span>
     <span class='ocr_line' id='line_1_17' title="bbox 179 1339 1549 1390; baseline -0.003 -12"><span class='ocrx_word' id='word_1_126' title='bbox 179 1344 408 1384; x_wconf 78' lang='lat' dir='ltr'>Philandri,</span> <span class='ocrx_word' id='word_1_127' title='bbox 448 1353 573 1390; x_wconf 77' lang='lat' dir='ltr'>puto,</span> <span class='ocrx_word' id='word_1_128' title='bbox 609 1343 834 1389; x_wconf 81' lang='lat' dir='ltr'>conjectura</span> <span class='ocrx_word' id='word_1_129' title='bbox 863 1341 1072 1379; x_wconf 77' lang='lat' dir='ltr'>veriffima.</span> <span class='ocrx_word' id='word_1_130' title='bbox 1132 1342 1234 1376; x_wconf 78' lang='lat' dir='ltr'>Nlox</span> <span class='ocrx_word' id='word_1_131' title='bbox 1264 1343 1299 1387; x_wconf 55' lang='grc' dir='ltr'>ᾗ.</span> <span class='ocrx_word' id='word_1_132' title='bbox 1337 1351 1400 1388; x_wconf 83' lang='lat'>²9·</span> <span class='ocrx_word' id='word_1_133' title='bbox 1442 1339 1549 1376; x_wconf 80' lang='lat' dir='ltr'>FIor.</span> 
     </span>
     <span class='ocr_line' id='line_1_18' title="bbox 177 1401 359 1437; baseline -0.011 0"><span class='ocrx_word' id='word_1_134' title='bbox 177 1411 216 1437; x_wconf 75' lang='lat' dir='ltr'>ec</span> <span class='ocrx_word' id='word_1_135' title='bbox 236 1401 359 1437; x_wconf 78' lang='lat' dir='ltr'>velud.</span> 
     </span>
    </p>
   </div>
   <div class='ocr_carea' id='block_1_4' title="bbox 1367 1000 1549 1034">
    <p class='ocr_par' dir='ltr' id='par_1_6' title="bbox 1367 1000 1549 1034">
     <span class='ocr_line' id='line_1_19' title="bbox 1367 1000 1549 1034; baseline 0 0"><span class='ocrx_word' id='word_1_136' title='bbox 1367 1000 1549 1034; x_wconf 70' lang='lat' dir='ltr'>audienti.</span> 
     </span>
    </p>
   </div>
   <div class='ocr_carea' id='block_1_5' title="bbox 178 1524 835 1633">
    <p class='ocr_par' dir='ltr' id='par_1_7' title="bbox 178 1524 835 1633">
     <span class='ocr_line' id='line_1_20' title="bbox 178 1524 835 1562; baseline -0.003 0"><span class='ocrx_word' id='word_1_137' title='bbox 178 1524 384 1562; x_wconf 83' lang='lat' dir='ltr'>miniculis</span> <span class='ocrx_word' id='word_1_138' title='bbox 404 1524 483 1560; x_wconf 76' lang='lat' dir='ltr'>istis</span> <span class='ocrx_word' id='word_1_139' title='bbox 506 1525 552 1561; x_wconf 79' lang='lat' dir='ltr'>ab</span> <span class='ocrx_word' id='word_1_140' title='bbox 575 1537 655 1561; x_wconf 83' lang='lat' dir='ltr'>arte</span> <span class='ocrx_word' id='word_1_141' title='bbox 674 1524 835 1561; x_wconf 77' lang='lat' dir='ltr'>libraria</span> 
     </span>
     <span class='ocr_line' id='line_1_21' title="bbox 179 1581 619 1633; baseline -0.002 -14"><span class='ocrx_word' id='word_1_142' title='bbox 179 1583 313 1633; x_wconf 76' lang='lat' dir='ltr'>petitis</span> <span class='ocrx_word' id='word_1_143' title='bbox 367 1582 427 1617; x_wconf 81' lang='lat' dir='ltr'>uti</span> <span class='ocrx_word' id='word_1_144' title='bbox 477 1581 593 1618; x_wconf 85' lang='lat' dir='ltr'>licuit</span> <span class='ocrx_word' id='word_1_145' title='bbox 609 1611 619 1624; x_wconf 94' lang='lat'><strong><em>,</em></strong></span> 
     </span>
    </p>
   </div>
   <div class='ocr_carea' id='block_1_6' title="bbox 893 1522 1555 1972">
    <p class='ocr_par' dir='ltr' id='par_1_8' title="bbox 893 1522 1555 1972">
     <span class='ocr_line' id='line_1_22' title="bbox 893 1522 1551 1575; baseline -0.008 -14"><span class='ocrx_word' id='word_1_146' title='bbox 893 1539 932 1575; x_wconf 83' lang='lat' dir='ltr'>p.</span> <span class='ocrx_word' id='word_1_147' title='bbox 978 1525 1130 1569; x_wconf 61' lang='lat' dir='ltr'>emin),</span> <span class='ocrx_word' id='word_1_148' title='bbox 1174 1522 1236 1558; x_wconf 80' lang='lat' dir='ltr'>fed</span> <span class='ocrx_word' id='word_1_149' title='bbox 1279 1534 1407 1571; x_wconf 85' lang='lat' dir='ltr'>neque</span> <span class='ocrx_word' id='word_1_150' title='bbox 1446 1522 1551 1557; x_wconf 76' lang='lat' dir='ltr'>inter</span> 
     </span>
     <span class='ocr_line' id='line_1_23' title="bbox 895 1579 1551 1626; baseline -0.008 -9"><span class='ocrx_word' id='word_1_151' title='bbox 895 1583 1030 1617; x_wconf 83' lang='lat' dir='ltr'>decora</span> <span class='ocrx_word' id='word_1_152' title='bbox 1061 1593 1097 1616; x_wconf 89' lang='lat' dir='ltr'>et</span> <span class='ocrx_word' id='word_1_153' title='bbox 1129 1580 1323 1615; x_wconf 81' lang='lat' dir='ltr'>commoda</span> <span class='ocrx_word' id='word_1_154' title='bbox 1355 1579 1454 1626; x_wconf 84' lang='lat' dir='ltr'>poni</span> <span class='ocrx_word' id='word_1_155' title='bbox 1487 1591 1551 1613; x_wconf 91' lang='lat' dir='ltr'>co·</span> 
     </span>
     <span class='ocr_line' id='line_1_24' title="bbox 895 1634 1553 1689; baseline -0.008 -15"><span class='ocrx_word' id='word_1_156' title='bbox 895 1638 986 1689; x_wconf 85' lang='lat' dir='ltr'>pula</span> <span class='ocrx_word' id='word_1_157' title='bbox 1016 1648 1191 1686; x_wconf 76' lang='lat' dir='ltr'>poterat,</span> <span class='ocrx_word' id='word_1_158' title='bbox 1243 1637 1336 1684; x_wconf 86' lang='lat' dir='ltr'>quia</span> <span class='ocrx_word' id='word_1_159' title='bbox 1372 1634 1441 1670; x_wconf 78' lang='lat' dir='ltr'>illa</span> <span class='ocrx_word' id='word_1_160' title='bbox 1477 1634 1553 1670; x_wconf 81' lang='lat' dir='ltr'>dis-</span> 
     </span>
     <span class='ocr_line' id='line_1_25' title="bbox 896 1693 1552 1744; baseline -0.009 -13"><span class='ocrx_word' id='word_1_161' title='bbox 896 1695 1084 1744; x_wconf 83' lang='lat' dir='ltr'>junxiffet</span> <span class='ocrx_word' id='word_1_162' title='bbox 1132 1707 1258 1729; x_wconf 82' lang='lat' dir='ltr'>vocem</span> <span class='ocrx_word' id='word_1_163' title='bbox 1301 1693 1348 1728; x_wconf 83' lang='lat' dir='ltr'>ab</span> <span class='ocrx_word' id='word_1_164' title='bbox 1391 1694 1552 1732; x_wconf 74' lang='lat' dir='ltr'>actione,</span> 
     </span>
     <span class='ocr_line' id='line_1_26' title="bbox 898 1748 1552 1801; baseline -0.009 -13"><span class='ocrx_word' id='word_1_165' title='bbox 898 1765 1025 1801; x_wconf 84' lang='lat' dir='ltr'>neque</span> <span class='ocrx_word' id='word_1_166' title='bbox 1061 1752 1127 1786; x_wconf 83' lang='lat' dir='ltr'>hic</span> <span class='ocrx_word' id='word_1_167' title='bbox 1160 1748 1460 1798; x_wconf 79' lang='lat' dir='ltr'>compendifieri</span> <span class='ocrx_word' id='word_1_168' title='bbox 1493 1761 1552 1783; x_wconf 87' lang='lat' dir='ltr'>ea-</span> 
     </span>
     <span class='ocr_line' id='line_1_27' title="bbox 899 1805 1554 1859; baseline -0.011 -14"><span class='ocrx_word' id='word_1_169' title='bbox 899 1811 1009 1850; x_wconf 88' lang='lat' dir='ltr'>dem,</span> <span class='ocrx_word' id='word_1_170' title='bbox 1042 1809 1133 1859; x_wconf 85' lang='lat' dir='ltr'>quia</span> <span class='ocrx_word' id='word_1_171' title='bbox 1156 1806 1320 1843; x_wconf 82' lang='lat' dir='ltr'>debebat</span> <span class='ocrx_word' id='word_1_172' title='bbox 1338 1805 1457 1841; x_wconf 87' lang='lat' dir='ltr'>finem</span> <span class='ocrx_word' id='word_1_173' title='bbox 1480 1805 1554 1839; x_wconf 82' lang='lat' dir='ltr'>im-</span> 
     </span>
     <span class='ocr_line' id='line_1_28' title="bbox 897 1862 1555 1917; baseline -0.009 -14"><span class='ocrx_word' id='word_1_174' title='bbox 897 1880 1044 1917; x_wconf 83' lang='lat' dir='ltr'>ponere</span> <span class='ocrx_word' id='word_1_175' title='bbox 1066 1877 1102 1902; x_wconf 90' lang='lat' dir='ltr'>et</span> <span class='ocrx_word' id='word_1_176' title='bbox 1118 1865 1303 1900; x_wconf 80' lang='lat' dir='ltr'>insertum</span> <span class='ocrx_word' id='word_1_177' title='bbox 1323 1862 1426 1898; x_wconf 73' lang='lat' dir='ltr'>illud</span> <span class='ocrx_word' id='word_1_178' title='bbox 1448 1872 1555 1897; x_wconf 77' lang='lat' dir='ltr'>ut—</span> 
     </span>
     <span class='ocr_line' id='line_1_29' title="bbox 898 1918 1555 1972; baseline -0.011 -13"><span class='ocrx_word' id='word_1_179' title='bbox 898 1926 1018 1959; x_wconf 79' lang='lat' dir='ltr'>dicam</span> <span class='ocrx_word' id='word_1_180' title='bbox 1041 1924 1145 1972; x_wconf 75' lang='lat' dir='ltr'>quasi</span> <span class='ocrx_word' id='word_1_181' title='bbox 1165 1933 1428 1970; x_wconf 82' lang='lat' dir='ltr'>praecurrere.</span> <span class='ocrx_word' id='word_1_182' title='bbox 1473 1918 1555 1966; x_wconf 84' lang='lat' dir='ltr'>Qui</span> 
     </span>
    </p>
   </div>
   <div class='ocr_carea' id='block_1_7' title="bbox 176 1583 840 1973">
    <p class='ocr_par' dir='ltr' id='par_1_9' title="bbox 176 1583 840 1973">
     <span class='ocr_line' id='line_1_30' title="bbox 679 1583 834 1631; baseline -0.013 -13"><span class='ocrx_word' id='word_1_183' title='bbox 679 1583 834 1631; x_wconf 81' lang='lat' dir='ltr'>opinor.</span> 
     </span>
     <span class='ocr_line' id='line_1_31' title="bbox 182 1638 836 1688; baseline -0.005 -12"><span class='ocrx_word' id='word_1_184' title='bbox 182 1639 341 1676; x_wconf 83' lang='lat' dir='ltr'>Scilicet</span> <span class='ocrx_word' id='word_1_185' title='bbox 364 1652 480 1674; x_wconf 90' lang='lat' dir='ltr'>omne</span> <span class='ocrx_word' id='word_1_186' title='bbox 501 1638 579 1675; x_wconf 85' lang='lat' dir='ltr'>hoc</span> <span class='ocrx_word' id='word_1_187' title='bbox 601 1639 836 1688; x_wconf 85' lang='lat' dir='ltr'>pronuncia-</span> 
     </span>
     <span class='ocr_line' id='line_1_32' title="bbox 180 1696 837 1736; baseline -0.003 -3"><span class='ocrx_word' id='word_1_188' title='bbox 180 1698 239 1733; x_wconf 80' lang='lat' dir='ltr'>tio</span> <span class='ocrx_word' id='word_1_189' title='bbox 270 1707 351 1732; x_wconf 85' lang='lat' dir='ltr'>erat</span> <span class='ocrx_word' id='word_1_190' title='bbox 385 1696 568 1736; x_wconf 70' lang='lat' dir='ltr'>doctum,</span> <span class='ocrx_word' id='word_1_191' title='bbox 619 1698 645 1731; x_wconf 85' lang='lat' dir='ltr'>fi</span> <span class='ocrx_word' id='word_1_192' title='bbox 675 1696 837 1732; x_wconf 81' lang='lat' dir='ltr'>audiffe·</span> 
     </span>
     <span class='ocr_line' id='line_1_33' title="bbox 176 1753 839 1803; baseline -0.005 -13"><span class='ocrx_word' id='word_1_193' title='bbox 176 1767 268 1790; x_wconf 87' lang='lat' dir='ltr'>·mus</span> <span class='ocrx_word' id='word_1_194' title='bbox 287 1753 465 1789; x_wconf 83' lang='lat' dir='ltr'>Fabium.</span> <span class='ocrx_word' id='word_1_195' title='bbox 525 1755 754 1803; x_wconf 82' lang='lat' dir='ltr'>Appofitum</span> <span class='ocrx_word' id='word_1_196' title='bbox 778 1753 839 1787; x_wconf 83' lang='lat' dir='ltr'>de-</span> 
     </span>
     <span class='ocr_line' id='line_1_34' title="bbox 178 1810 840 1859; baseline -0.006 -11"><span class='ocrx_word' id='word_1_197' title='bbox 178 1825 270 1848; x_wconf 81' lang='lat' dir='ltr'>cora</span> <span class='ocrx_word' id='word_1_198' title='bbox 292 1810 451 1859; x_wconf 80' lang='lat' dir='ltr'>utrique</span> <span class='ocrx_word' id='word_1_199' title='bbox 475 1821 512 1846; x_wconf 86' lang='lat' dir='ltr'>et</span> <span class='ocrx_word' id='word_1_200' title='bbox 535 1813 676 1846; x_wconf 76' lang='lat' dir='ltr'>actioni</span> <span class='ocrx_word' id='word_1_201' title='bbox 698 1822 734 1846; x_wconf 89' lang='lat' dir='ltr'>et</span> <span class='ocrx_word' id='word_1_202' title='bbox 757 1812 840 1846; x_wconf 85' lang='lat' dir='ltr'>voci</span> 
     </span>
     <span class='ocr_line' id='line_1_35' title="bbox 181 1867 839 1909; baseline -0.002 -5"><span class='ocrx_word' id='word_1_203' title='bbox 181 1868 385 1908; x_wconf 61' lang='lat' dir='ltr'>redditum</span> <span class='ocrx_word' id='word_1_204' title='bbox 437 1867 537 1902; x_wconf 81' lang='lat' dir='ltr'>actio</span> <span class='ocrx_word' id='word_1_205' title='bbox 593 1878 719 1903; x_wconf 84' lang='lat' dir='ltr'>autem</span> <span class='ocrx_word' id='word_1_206' title='bbox 736 1895 744 1909; x_wconf 88' lang='lat'><strong><em>,</em></strong></span> <span class='ocrx_word' id='word_1_207' title='bbox 795 1868 839 1903; x_wconf 86' lang='lat' dir='ltr'>id</span> 
     </span>
     <span class='ocr_line' id='line_1_36' title="bbox 182 1922 836 1973; baseline 0 -13"><span class='ocrx_word' id='word_1_208' title='bbox 182 1925 292 1973; x_wconf 85' lang='lat' dir='ltr'>quod</span> <span class='ocrx_word' id='word_1_209' title='bbox 331 1922 432 1957; x_wconf 82' lang='lat' dir='ltr'>male</span> <span class='ocrx_word' id='word_1_210' title='bbox 473 1935 588 1971; x_wconf 84' lang='lat' dir='ltr'>negat</span> <span class='ocrx_word' id='word_1_211' title='bbox 634 1924 836 1972; x_wconf 81' lang='lat' dir='ltr'>Stigelius,</span> 
     </span>
    </p>
   </div>
   <div class='ocr_carea' id='block_1_8' title="bbox 130 1979 840 2658">
    <p class='ocr_par' dir='ltr' id='par_1_10' title="bbox 130 1979 840 2658">
     <span class='ocr_line' id='line_1_37' title="bbox 181 1979 837 2030; baseline -0.003 -12"><span class='ocrx_word' id='word_1_212' title='bbox 181 1981 223 2018; x_wconf 84' lang='lat' dir='ltr'>h.</span> <span class='ocrx_word' id='word_1_213' title='bbox 258 1979 286 2015; x_wconf 86' lang='lat' dir='ltr'>l.</span> <span class='ocrx_word' id='word_1_214' title='bbox 333 1979 577 2028; x_wconf 79' lang='lat' dir='ltr'>disjungitur</span> <span class='ocrx_word' id='word_1_215' title='bbox 609 1994 628 2015; x_wconf 86' lang='lat' dir='ltr'>a</span> <span class='ocrx_word' id='word_1_216' title='bbox 661 1995 837 2030; x_wconf 87' lang='lat' dir='ltr'>pronun-</span> 
     </span>
     <span class='ocr_line' id='line_1_38' title="bbox 179 2036 839 2088; baseline 0 -15"><span class='ocrx_word' id='word_1_217' title='bbox 179 2038 364 2074; x_wconf 79' lang='lat' dir='ltr'>ciatione.</span> <span class='ocrx_word' id='word_1_218' title='bbox 395 2036 500 2072; x_wconf 82' lang='lat' dir='ltr'>Illud</span> <span class='ocrx_word' id='word_1_219' title='bbox 513 2037 574 2073; x_wconf 83' lang='lat' dir='ltr'>vel</span> <span class='ocrx_word' id='word_1_220' title='bbox 585 2037 839 2088; x_wconf 70' lang='lat' dir='ltr'>pocentfflma</span> 
     </span>
     <span class='ocr_line' id='line_1_39' title="bbox 183 2094 838 2143; baseline 0 -13"><span class='ocrx_word' id='word_1_221' title='bbox 183 2097 223 2131; x_wconf 78' lang='lat' dir='ltr'>in</span> <span class='ocrx_word' id='word_1_222' title='bbox 271 2094 428 2131; x_wconf 77' lang='lat' dir='ltr'>dicendo</span> <span class='ocrx_word' id='word_1_223' title='bbox 478 2095 703 2143; x_wconf 83' lang='lat' dir='ltr'>parentheti</span> <span class='ocrx_word' id='word_1_224' title='bbox 750 2096 838 2130; x_wconf 80' lang='lat' dir='ltr'>vice</span> 
     </span>
     <span class='ocr_line' id='line_1_40' title="bbox 183 2152 839 2201; baseline -0.003 -13"><span class='ocrx_word' id='word_1_225' title='bbox 183 2152 386 2201; x_wconf 85' lang='lat' dir='ltr'>fungitur,</span> <span class='ocrx_word' id='word_1_226' title='bbox 419 2163 499 2199; x_wconf 88' lang='lat' dir='ltr'>quo</span> <span class='ocrx_word' id='word_1_227' title='bbox 528 2152 711 2200; x_wconf 84' lang='lat' dir='ltr'>protinus</span> <span class='ocrx_word' id='word_1_228' title='bbox 733 2153 839 2187; x_wconf 86' lang='lat' dir='ltr'>causa</span> 
     </span>
     <span class='ocr_line' id='line_1_41' title="bbox 183 2209 840 2257; baseline 0 -13"><span class='ocrx_word' id='word_1_229' title='bbox 183 2209 405 2249; x_wconf 84' lang='lat' dir='ltr'>indicetur,</span> <span class='ocrx_word' id='word_1_230' title='bbox 457 2221 575 2257; x_wconf 79' lang='lat' dir='ltr'>quare</span> <span class='ocrx_word' id='word_1_231' title='bbox 611 2220 761 2245; x_wconf 86' lang='lat' dir='ltr'>tantum</span> <span class='ocrx_word' id='word_1_232' title='bbox 795 2211 840 2244; x_wconf 84' lang='lat' dir='ltr'>fit</span> 
     </span>
     <span class='ocr_line' id='line_1_42' title="bbox 183 2264 838 2302; baseline -0.002 -1"><span class='ocrx_word' id='word_1_233' title='bbox 183 2275 431 2301; x_wconf 87' lang='lat' dir='ltr'>momentum</span> <span class='ocrx_word' id='word_1_234' title='bbox 466 2264 514 2299; x_wconf 87' lang='lat' dir='ltr'>ad</span> <span class='ocrx_word' id='word_1_235' title='bbox 535 2266 709 2302; x_wconf 84' lang='lat' dir='ltr'>animum</span> <span class='ocrx_word' id='word_1_236' title='bbox 735 2266 838 2302; x_wconf 83' lang='lat' dir='ltr'>exci-</span> 
     </span>
     <span class='ocr_line' id='line_1_43' title="bbox 183 2322 838 2370; baseline 0 -12"><span class='ocrx_word' id='word_1_237' title='bbox 183 2323 343 2359; x_wconf 78' lang='lat' dir='ltr'>tandum</span> <span class='ocrx_word' id='word_1_238' title='bbox 375 2322 417 2356; x_wconf 86' lang='lat' dir='ltr'>in</span> <span class='ocrx_word' id='word_1_239' title='bbox 448 2322 498 2357; x_wconf 80' lang='lat' dir='ltr'>iis</span> <span class='ocrx_word' id='word_1_240' title='bbox 524 2335 620 2370; x_wconf 86' lang='lat' dir='ltr'>quae</span> <span class='ocrx_word' id='word_1_241' title='bbox 642 2324 838 2364; x_wconf 83' lang='lat' dir='ltr'>audimus,</span> 
     </span>
     <span class='ocr_line' id='line_1_44' title="bbox 130 2378 838 2429; baseline 0.003 -15"><span class='ocrx_word' id='word_1_242' title='bbox 130 2422 133 2423; x_wconf 19' lang='lat'><em>⁷</em></span> <span class='ocrx_word' id='word_1_243' title='bbox 183 2391 266 2414; x_wconf 87' lang='lat' dir='ltr'>non</span> <span class='ocrx_word' id='word_1_244' title='bbox 296 2378 488 2427; x_wconf 86' lang='lat' dir='ltr'>legimus;</span> <span class='ocrx_word' id='word_1_245' title='bbox 521 2392 601 2428; x_wconf 85' lang='lat' dir='ltr'>quo</span> <span class='ocrx_word' id='word_1_246' title='bbox 632 2380 674 2415; x_wconf 92' lang='lat' dir='ltr'>in</span> <span class='ocrx_word' id='word_1_247' title='bbox 698 2394 838 2429; x_wconf 87' lang='lat' dir='ltr'>genere</span> 
     </span>
     <span class='ocr_line' id='line_1_45' title="bbox 184 2435 838 2486; baseline 0.005 -16"><span class='ocrx_word' id='word_1_248' title='bbox 184 2447 266 2470; x_wconf 82' lang='lat' dir='ltr'>non</span> <span class='ocrx_word' id='word_1_249' title='bbox 282 2436 448 2470; x_wconf 78' lang='lat' dir='ltr'>minima</span> <span class='ocrx_word' id='word_1_250' title='bbox 472 2435 534 2471; x_wconf 84' lang='lat' dir='ltr'>vis</span> <span class='ocrx_word' id='word_1_251' title='bbox 555 2437 606 2471; x_wconf 81' lang='lat' dir='ltr'>est</span> <span class='ocrx_word' id='word_1_252' title='bbox 625 2438 838 2486; x_wconf 84' lang='lat' dir='ltr'>particulae</span> 
     </span>
     <span class='ocr_line' id='line_1_46' title="bbox 185 2491 836 2543; baseline 0.006 -16"><span class='ocrx_word' id='word_1_253' title='bbox 185 2491 257 2527; x_wconf 83' lang='lat' dir='ltr'>vel.</span> <span class='ocrx_word' id='word_1_254' title='bbox 300 2492 358 2528; x_wconf 85' lang='lat' dir='ltr'>Ad</span> <span class='ocrx_word' id='word_1_255' title='bbox 380 2492 572 2543; x_wconf 78' lang='lat' dir='ltr'>potentiffi</span> <span class='ocrx_word' id='word_1_256' title='bbox 604 2495 651 2530; x_wconf 88' lang='lat' dir='ltr'>cf.</span> <span class='ocrx_word' id='word_1_257' title='bbox 677 2502 713 2538; x_wconf 73' lang='grc'>4,</span> <span class='ocrx_word' id='word_1_258' title='bbox 740 2503 776 2538; x_wconf 90' lang='grc'>5,</span> <span class='ocrx_word' id='word_1_259' title='bbox 799 2502 836 2539; x_wconf 84' lang='grc'>8.</span> 
     </span>
     <span class='ocr_line' id='line_1_47' title="bbox 190 2549 839 2601; baseline -0.008 -10"><span class='ocrx_word' id='word_1_260' title='bbox 190 2555 227 2591; x_wconf 76' lang='lat'>52</span> <span class='ocrx_word' id='word_1_261' title='bbox 250 2558 288 2593; x_wconf 76' lang='lat'>7,</span> <span class='ocrx_word' id='word_1_262' title='bbox 314 2556 381 2592; x_wconf 78' lang='lat'>57-</span> <span class='ocrx_word' id='word_1_263' title='bbox 438 2549 499 2584; x_wconf 85' lang='lat' dir='ltr'>Ad</span> <span class='ocrx_word' id='word_1_264' title='bbox 524 2560 564 2585; x_wconf 79' lang='lat' dir='ltr'>ut</span> <span class='ocrx_word' id='word_1_265' title='bbox 577 2550 695 2601; x_wconf 82' lang='lat' dir='ltr'>semel</span> <span class='ocrx_word' id='word_1_266' title='bbox 717 2552 839 2587; x_wconf 83' lang='lat' dir='ltr'>dicam</span> 
     </span>
     <span class='ocr_line' id='line_1_48' title="bbox 189 2605 840 2658; baseline 0.008 -19"><span class='ocrx_word' id='word_1_267' title='bbox 189 2612 235 2648; x_wconf 83' lang='lat'>5,</span> <span class='ocrx_word' id='word_1_268' title='bbox 276 2613 324 2648; x_wconf 80' lang='lat'>15</span> <span class='ocrx_word' id='word_1_269' title='bbox 340 2633 350 2646; x_wconf 93' lang='lat'><strong><em>,</em></strong></span> <span class='ocrx_word' id='word_1_270' title='bbox 385 2614 422 2648; x_wconf 79' lang='lat'>3.</span> <span class='ocrx_word' id='word_1_271' title='bbox 480 2605 538 2641; x_wconf 73' lang='lat' dir='ltr'>Et</span> <span class='ocrx_word' id='word_1_272' title='bbox 561 2619 647 2643; x_wconf 89' lang='lat' dir='ltr'>ante</span> <span class='ocrx_word' id='word_1_273' title='bbox 670 2608 840 2658; x_wconf 78' lang='lat' dir='ltr'>utsemel</span> 
     </span>
    </p>
   </div>
   <div class='ocr_carea' id='block_1_9' title="bbox 187 2661 839 2701">
    <p class='ocr_par' dir='ltr' id='par_1_11' title="bbox 187 2661 839 2701">
     <span class='ocr_line' id='line_1_49' title="bbox 187 2661 839 2701; baseline 0.009 -6"><span class='ocrx_word' id='word_1_274' title='bbox 187 2661 309 2696; x_wconf 84' lang='lat' dir='ltr'>dicam</span> <span class='ocrx_word' id='word_1_275' title='bbox 343 2662 459 2698; x_wconf 82' lang='lat' dir='ltr'>tertio</span> <span class='ocrx_word' id='word_1_276' title='bbox 491 2665 575 2699; x_wconf 79' lang='lat' dir='ltr'>sane</span> <span class='ocrx_word' id='word_1_277' title='bbox 607 2664 698 2701; x_wconf 88' lang='lat' dir='ltr'>loco</span> <span class='ocrx_word' id='word_1_278' title='bbox 732 2679 839 2700; x_wconf 87' lang='lat' dir='ltr'>com-</span> 
     </span>
    </p>
   </div>
   <div class='ocr_carea' id='block_1_10' title="bbox 187 2720 839 2769">
    <p class='ocr_par' dir='ltr' id='par_1_12' title="bbox 187 2720 839 2769">
     <span class='ocr_line' id='line_1_50' title="bbox 187 2720 839 2769; baseline 0.011 -16"><span class='ocrx_word' id='word_1_279' title='bbox 187 2729 296 2767; x_wconf 77' lang='lat' dir='ltr'>paret</span> <span class='ocrx_word' id='word_1_280' title='bbox 335 2720 411 2767; x_wconf 81' lang='lat' dir='ltr'><strong>(cf.</strong></span> <span class='ocrx_word' id='word_1_281' title='bbox 453 2733 631 2769; x_wconf 84' lang='lat' dir='ltr'>prooem.</span> <span class='ocrx_word' id='word_1_282' title='bbox 677 2722 768 2763; x_wconf 78' lang='lat' dir='ltr'>Vol.</span> <span class='ocrx_word' id='word_1_283' title='bbox 801 2732 839 2767; x_wconf 80' lang='lat'>3.</span> 
     </span>
    </p>
   </div>
   <div class='ocr_carea' id='block_1_11' title="bbox 895 1976 1556 2764">
    <p class='ocr_par' dir='ltr' id='par_1_13' title="bbox 897 1976 1556 2246">
     <span class='ocr_line' id='line_1_51' title="bbox 898 1976 1554 2028; baseline -0.011 -11"><span class='ocrx_word' id='word_1_284' title='bbox 898 1982 1006 2017; x_wconf 78' lang='lat' dir='ltr'>docel:</span> <span class='ocrx_word' id='word_1_285' title='bbox 1016 1979 1200 2028; x_wconf 79' lang='lat' dir='ltr'>fingulari</span> <span class='ocrx_word' id='word_1_286' title='bbox 1221 1989 1387 2012; x_wconf 85' lang='lat' dir='ltr'>numero</span> <span class='ocrx_word' id='word_1_287' title='bbox 1397 1976 1554 2024; x_wconf 83' lang='lat' dir='ltr'>scripse-</span> 
     </span>
     <span class='ocr_line' id='line_1_52' title="bbox 897 2034 1556 2082; baseline -0.014 -8"><span class='ocrx_word' id='word_1_288' title='bbox 897 2050 1012 2079; x_wconf 85' lang='lat' dir='ltr'>runt,</span> <span class='ocrx_word' id='word_1_289' title='bbox 1053 2037 1162 2072; x_wconf 84' lang='lat' dir='ltr'>aliud</span> <span class='ocrx_word' id='word_1_290' title='bbox 1196 2034 1379 2082; x_wconf 76' lang='lat' dir='ltr'>agebant3</span> <span class='ocrx_word' id='word_1_291' title='bbox 1425 2034 1556 2068; x_wconf 85' lang='lat' dir='ltr'>omnia</span> 
     </span>
     <span class='ocr_line' id='line_1_53' title="bbox 898 2090 1555 2143; baseline -0.014 -12"><span class='ocrx_word' id='word_1_292' title='bbox 898 2109 1001 2136; x_wconf 90' lang='lat' dir='ltr'>non,</span> <span class='ocrx_word' id='word_1_293' title='bbox 1034 2094 1142 2143; x_wconf 85' lang='lat' dir='ltr'>quod</span> <span class='ocrx_word' id='word_1_294' title='bbox 1166 2093 1227 2132; x_wconf 85' lang='lat' dir='ltr'>est,</span> <span class='ocrx_word' id='word_1_295' title='bbox 1261 2090 1555 2126; x_wconf 82' lang='lat' dir='ltr'>nominativum</span> 
     </span>
     <span class='ocr_line' id='line_1_54' title="bbox 898 2144 1554 2201; baseline -0.014 -13"><span class='ocrx_word' id='word_1_296' title='bbox 898 2153 1198 2201; x_wconf 84' lang='lat' dir='ltr'>interpretantes</span> <span class='ocrx_word' id='word_1_297' title='bbox 1213 2176 1224 2190; x_wconf 94' lang='lat'><strong><em>,</em></strong></span> <span class='ocrx_word' id='word_1_298' title='bbox 1275 2148 1337 2183; x_wconf 78' lang='lat' dir='ltr'>sed</span> <span class='ocrx_word' id='word_1_299' title='bbox 1374 2144 1554 2181; x_wconf 75' lang='lat' dir='ltr'>accusati-</span> 
     </span>
     <span class='ocr_line' id='line_1_55' title="bbox 897 2222 1007 2246; baseline -0.018 0"><span class='ocrx_word' id='word_1_300' title='bbox 897 2222 1007 2246; x_wconf 83' lang='lat' dir='ltr'>vum.</span> 
     </span>
    </p>

    <p class='ocr_par' dir='ltr' id='par_1_14' title="bbox 895 2261 1556 2764">
     <span class='ocr_line' id='line_1_56' title="bbox 958 2261 1556 2316; baseline -0.012 -14"><span class='ocrx_word' id='word_1_301' title='bbox 958 2275 1151 2316; x_wconf 74' lang='lat' dir='ltr'>extorquet</span> <span class='ocrx_word' id='word_1_302' title='bbox 1172 2265 1209 2301; x_wconf 83' lang='lat' dir='ltr'>&#39;i.</span> <span class='ocrx_word' id='word_1_303' title='bbox 1245 2278 1275 2299; x_wconf 89' lang='lat' dir='ltr'>e.</span> <span class='ocrx_word' id='word_1_304' title='bbox 1317 2261 1464 2301; x_wconf 82' lang='lat' dir='ltr'>aufert,</span> <span class='ocrx_word' id='word_1_305' title='bbox 1505 2273 1556 2296; x_wconf 79' lang='lat' dir='ltr'>ne</span> 
     </span>
     <span class='ocr_line' id='line_1_57' title="bbox 899 2325 1556 2374; baseline -0.014 -14"><span class='ocrx_word' id='word_1_306' title='bbox 899 2325 987 2374; x_wconf 83' lang='lat' dir='ltr'>quis</span> <span class='ocrx_word' id='word_1_307' title='bbox 1041 2325 1321 2371; x_wconf 69' lang='lat' dir='ltr'>interpretetur</span> <span class='ocrx_word' id='word_1_308' title='bbox 1373 2328 1556 2361; x_wconf 83' lang='lat' dir='ltr'>„certum</span> 
     </span>
     <span class='ocr_line' id='line_1_58' title="bbox 898 2374 1556 2430; baseline -0.014 -13"><span class='ocrx_word' id='word_1_309' title='bbox 898 2381 1060 2430; x_wconf 81' lang='lat' dir='ltr'>aliquod</span> <span class='ocrx_word' id='word_1_310' title='bbox 1080 2380 1276 2427; x_wconf 72' lang='lat' dir='ltr'>judicium</span> <span class='ocrx_word' id='word_1_311' title='bbox 1296 2375 1457 2411; x_wconf 84' lang='lat' dir='ltr'>reddere</span> <span class='ocrx_word' id='word_1_312' title='bbox 1477 2374 1556 2409; x_wconf 85' lang='lat' dir='ltr'>adi·</span> 
     </span>
     <span class='ocr_line' id='line_1_59' title="bbox 898 2431 1556 2488; baseline -0.014 -14"><span class='ocrx_word' id='word_1_313' title='bbox 898 2440 997 2488; x_wconf 88' lang='lat' dir='ltr'>git.“</span> <span class='ocrx_word' id='word_1_314' title='bbox 1039 2439 1085 2474; x_wconf 85' lang='lat' dir='ltr'>cf.</span> <span class='ocrx_word' id='word_1_315' title='bbox 1117 2443 1164 2483; x_wconf 76' lang='grc'>4,</span> <span class='ocrx_word' id='word_1_316' title='bbox 1198 2444 1243 2479; x_wconf 87' lang='grc'>5,</span> <span class='ocrx_word' id='word_1_317' title='bbox 1278 2435 1313 2470; x_wconf 76' lang='grc'>6,</span> <span class='ocrx_word' id='word_1_318' title='bbox 1373 2431 1556 2471; x_wconf 82' lang='lat' dir='ltr'>Jucunda</span> 
     </span>
     <span class='ocr_line' id='line_1_60' title="bbox 896 2488 1555 2539; baseline -0.015 -7"><span class='ocrx_word' id='word_1_319' title='bbox 896 2507 1024 2531; x_wconf 89' lang='lat' dir='ltr'>autem</span> <span class='ocrx_word' id='word_1_320' title='bbox 1049 2495 1099 2530; x_wconf 84' lang='lat' dir='ltr'>est</span> <span class='ocrx_word' id='word_1_321' title='bbox 1118 2490 1360 2539; x_wconf 82' lang='lat' dir='ltr'>Hieronymi</span> <span class='ocrx_word' id='word_1_322' title='bbox 1382 2488 1555 2525; x_wconf 82' lang='lat' dir='ltr'>narratio</span> 
     </span>
     <span class='ocr_line' id='line_1_61' title="bbox 896 2545 1554 2599; baseline -0.017 -9"><span class='ocrx_word' id='word_1_323' title='bbox 896 2567 914 2588; x_wconf 83' lang='lat' dir='ltr'>a</span> <span class='ocrx_word' id='word_1_324' title='bbox 938 2554 1112 2589; x_wconf 88' lang='lat' dir='ltr'>Gesnero</span> <span class='ocrx_word' id='word_1_325' title='bbox 1133 2552 1252 2599; x_wconf 84' lang='lat' dir='ltr'>pofita</span> <span class='ocrx_word' id='word_1_326' title='bbox 1269 2559 1396 2596; x_wconf 86' lang='lat' dir='ltr'>neque</span> <span class='ocrx_word' id='word_1_327' title='bbox 1413 2545 1554 2581; x_wconf 81' lang='lat' dir='ltr'>nostris</span> 
     </span>
     <span class='ocr_line' id='line_1_62' title="bbox 895 2601 1553 2651; baseline -0.017 -5"><span class='ocrx_word' id='word_1_328' title='bbox 895 2610 1112 2646; x_wconf 78' lang='lat' dir='ltr'>lectoribus</span> <span class='ocrx_word' id='word_1_329' title='bbox 1143 2605 1370 2642; x_wconf 72' lang='lat' dir='ltr'>invidenda.</span> <span class='ocrx_word' id='word_1_330' title='bbox 1431 2601 1553 2651; x_wconf 81' lang='lat' dir='ltr'>Epist.</span> 
     </span>
     <span class='ocr_line' id='line_1_63' title="bbox 898 2658 1553 2715; baseline -0.015 -13"><span class='ocrx_word' id='word_1_331' title='bbox 898 2668 944 2702; x_wconf 85' lang='lat' dir='ltr'>ad</span> <span class='ocrx_word' id='word_1_332' title='bbox 966 2666 1234 2715; x_wconf 80' lang='lat' dir='ltr'>Nepotianum</span> <span class='ocrx_word' id='word_1_333' title='bbox 1255 2663 1302 2698; x_wconf 87' lang='lat' dir='ltr'>de</span> <span class='ocrx_word' id='word_1_334' title='bbox 1321 2661 1406 2697; x_wconf 77' lang='lat' dir='ltr'>vita</span> <span class='ocrx_word' id='word_1_335' title='bbox 1429 2658 1553 2696; x_wconf 80' lang='lat' dir='ltr'>Cleri-</span> 
     </span>
     <span class='ocr_line' id='line_1_64' title="bbox 899 2715 1554 2764; baseline -0.017 -4"><span class='ocrx_word' id='word_1_336' title='bbox 899 2736 1037 2760; x_wconf 80' lang='lat' dir='ltr'>corum</span> <span class='ocrx_word' id='word_1_337' title='bbox 1070 2721 1140 2758; x_wconf 75' lang='lat' dir='ltr'>fol.</span> <span class='ocrx_word' id='word_1_338' title='bbox 1177 2721 1267 2764; x_wconf 77' lang='lat'>16,¹</span> <span class='ocrx_word' id='word_1_339' title='bbox 1287 2720 1327 2756; x_wconf 80' lang='lat' dir='ltr'>h.</span> <span class='ocrx_word' id='word_1_340' title='bbox 1386 2715 1554 2753; x_wconf 75' lang='lat' dir='ltr'>Erasmi.</span> 
     </span>
    </p>
   </div>
  </div>
 </body>
</html>
