<?xml version="1.0" encoding="UTF-8"?>
<!DOCTYPE html PUBLIC "-//W3C//DTD XHTML 1.0 Transitional//EN"
    "http://www.w3.org/TR/xhtml1/DTD/xhtml1-transitional.dtd">
<html xmlns="http://www.w3.org/1999/xhtml" xml:lang="en" lang="en">
 <head>
  <title>
</title>
<meta http-equiv="Content-Type" content="text/html;charset=utf-8" />
  <meta name='ocr-system' content='tesseract 3.04.00' />
  <meta name='ocr-capabilities' content='ocr_page ocr_carea ocr_par ocr_line ocrx_word'/>
</head>
<body>
  <div class='ocr_page' id='page_1' title='image "./deinstitutioneor04quinuoft_0160.png"; bbox 0 0 1779 3062; ppageno 0'>
   <div class='ocr_carea' id='block_1_1' title="bbox 270 164 1301 226">
    <p class='ocr_par' dir='ltr' id='par_1_1' title="bbox 270 164 1301 226">
     <span class='ocr_line' id='line_1_1' title="bbox 270 164 1301 226; baseline -0.001 -15"><span class='ocrx_word' id='word_1_1' title='bbox 270 174 367 222; x_wconf 71' lang='lat'><strong>134</strong></span> <span class='ocrx_word' id='word_1_2' title='bbox 591 164 668 211; x_wconf 87' lang='lat' dir='ltr'><strong>M.</strong></span> <span class='ocrx_word' id='word_1_3' title='bbox 703 165 843 211; x_wconf 82' lang='lat' dir='ltr'>FAB.</span> <span class='ocrx_word' id='word_1_4' title='bbox 882 166 1301 226; x_wconf 78' lang='lat' dir='ltr'><strong>QmNTrLIANt</strong></span> 
     </span>
    </p>
   </div>
   <div class='ocr_carea' id='block_1_2' title="bbox 199 290 1655 1357">
    <p class='ocr_par' dir='ltr' id='par_1_2' title="bbox 199 290 1655 1357">
     <span class='ocr_line' id='line_1_2' title="bbox 275 290 1625 355; baseline 0.001 -15"><span class='ocrx_word' id='word_1_5' title='bbox 275 293 417 340; x_wconf 88' lang='lat' dir='ltr'><strong>cium</strong></span> <span class='ocrx_word' id='word_1_6' title='bbox 459 290 640 348; x_wconf 79' lang='lat' dir='ltr'><strong>Calvi,</strong></span> <span class='ocrx_word' id='word_1_7' title='bbox 705 292 1024 355; x_wconf 81' lang='lat' dir='ltr'><strong>quibusdam</strong></span> <span class='ocrx_word' id='word_1_8' title='bbox 1063 294 1122 341; x_wconf 87' lang='lat' dir='ltr'><strong>in</strong></span> <span class='ocrx_word' id='word_1_9' title='bbox 1166 293 1300 342; x_wconf 86' lang='lat' dir='ltr'><strong>locis</strong></span> <span class='ocrx_word' id='word_1_10' title='bbox 1338 290 1625 342; x_wconf 66' lang='lat' dir='ltr'><strong>assumere?</strong></span> 
     </span>
     <span class='ocr_line' id='line_1_3' title="bbox 203 367 1627 435; baseline 0.003 -20"><span class='ocrx_word' id='word_1_11' title='bbox 203 379 254 415; x_wconf 75' lang='lat'><strong>26</strong></span> <span class='ocrx_word' id='word_1_12' title='bbox 278 371 420 416; x_wconf 76' lang='lat' dir='ltr'><strong>Nam</strong></span> <span class='ocrx_word' id='word_1_13' title='bbox 445 379 650 433; x_wconf 80' lang='lat' dir='ltr'><strong>praeter</strong></span> <span class='ocrx_word' id='word_1_14' title='bbox 671 367 746 427; x_wconf 83' lang='lat' dir='ltr'><strong>id,</strong></span> <span class='ocrx_word' id='word_1_15' title='bbox 787 370 936 434; x_wconf 83' lang='lat' dir='ltr'>quod</span> <span class='ocrx_word' id='word_1_16' title='bbox 958 370 1239 435; x_wconf 87' lang='lat' dir='ltr'><strong>prudentis</strong></span> <span class='ocrx_word' id='word_1_17' title='bbox 1268 368 1356 427; x_wconf 85' lang='lat' dir='ltr'><strong>est,</strong></span> <span class='ocrx_word' id='word_1_18' title='bbox 1398 371 1546 434; x_wconf 82' lang='lat' dir='ltr'>quod</span> <span class='ocrx_word' id='word_1_19' title='bbox 1567 373 1627 419; x_wconf 89' lang='lat' dir='ltr'><strong>in</strong></span> 
     </span>
     <span class='ocr_line' id='line_1_4' title="bbox 274 445 1626 514; baseline 0.001 -21"><span class='ocrx_word' id='word_1_20' title='bbox 274 462 493 510; x_wconf 83' lang='lat' dir='ltr'><strong>quoque</strong></span> <span class='ocrx_word' id='word_1_21' title='bbox 527 446 792 510; x_wconf 76' lang='lat' dir='ltr'><strong>optimum</strong></span> <span class='ocrx_word' id='word_1_22' title='bbox 824 446 922 504; x_wconf 81' lang='lat' dir='ltr'><strong>est,</strong></span> <span class='ocrx_word' id='word_1_23' title='bbox 964 446 1001 495; x_wconf 84' lang='lat' dir='ltr'>fi</span> <span class='ocrx_word' id='word_1_24' title='bbox 1030 445 1204 514; x_wconf 71' lang='lat' dir='ltr'><strong>ponit,</strong></span> <span class='ocrx_word' id='word_1_25' title='bbox 1240 445 1398 495; x_wconf 82' lang='lat' dir='ltr'>suum</span> <span class='ocrx_word' id='word_1_26' title='bbox 1428 446 1626 496; x_wconf 84' lang='lat' dir='ltr'><strong>facere:</strong></span> 
     </span>
     <span class='ocr_line' id='line_1_5' title="bbox 272 523 1628 581; baseline 0.001 -11"><span class='ocrx_word' id='word_1_27' title='bbox 272 532 406 579; x_wconf 72' lang='lat' dir='ltr'><strong>tum,</strong></span> <span class='ocrx_word' id='word_1_28' title='bbox 443 523 501 570; x_wconf 87' lang='lat' dir='ltr'><strong>in</strong></span> <span class='ocrx_word' id='word_1_29' title='bbox 530 533 669 570; x_wconf 83' lang='lat' dir='ltr'>tanta</span> <span class='ocrx_word' id='word_1_30' title='bbox 688 525 766 571; x_wconf 89' lang='lat' dir='ltr'><strong>rei</strong></span> <span class='ocrx_word' id='word_1_31' title='bbox 789 523 1110 581; x_wconf 78' lang='lat' dir='ltr'><strong>difficultate,</strong></span> <span class='ocrx_word' id='word_1_32' title='bbox 1152 542 1325 572; x_wconf 85' lang='lat' dir='ltr'><strong>unum</strong></span> <span class='ocrx_word' id='word_1_33' title='bbox 1359 525 1628 573; x_wconf 77' lang='lat' dir='ltr'><strong>intuentes</strong></span> 
     </span>
     <span class='ocr_line' id='line_1_6' title="bbox 244 599 1629 666; baseline 0.003 -21"><span class='ocrx_word' id='word_1_34' title='bbox 244 630 245 633; x_wconf 56' lang='lat'><em>=</em></span> <span class='ocrx_word' id='word_1_35' title='bbox 276 599 370 646; x_wconf 79' lang='lat' dir='ltr'><strong>vix</strong></span> <span class='ocrx_word' id='word_1_36' title='bbox 395 600 569 664; x_wconf 83' lang='lat' dir='ltr'><strong>aliqua</strong></span> <span class='ocrx_word' id='word_1_37' title='bbox 590 616 707 665; x_wconf 81' lang='lat' dir='ltr'><strong>pars</strong></span> <span class='ocrx_word' id='word_1_38' title='bbox 730 599 982 666; x_wconf 81' lang='lat' dir='ltr'><strong>sequitur.</strong></span> <span class='ocrx_word' id='word_1_39' title='bbox 1045 601 1282 664; x_wconf 81' lang='lat' dir='ltr'>Ideoque</span> <span class='ocrx_word' id='word_1_40' title='bbox 1307 616 1427 649; x_wconf 86' lang='lat' dir='ltr'><strong>cum</strong></span> <span class='ocrx_word' id='word_1_41' title='bbox 1453 610 1629 649; x_wconf 86' lang='lat' dir='ltr'>totum</span> 
     </span>
     <span class='ocr_line' id='line_1_7' title="bbox 273 676 1655 743; baseline 0.002 -20"><span class='ocrx_word' id='word_1_42' title='bbox 273 677 595 740; x_wconf 81' lang='lat' dir='ltr'><strong>exprimere,</strong></span> <span class='ocrx_word' id='word_1_43' title='bbox 638 694 800 741; x_wconf 83' lang='lat' dir='ltr'><strong>quem</strong></span> <span class='ocrx_word' id='word_1_44' title='bbox 835 679 1082 743; x_wconf 78' lang='lat' dir='ltr'><strong>elegeris,</strong></span> <span class='ocrx_word' id='word_1_45' title='bbox 1122 694 1287 743; x_wconf 85' lang='lat' dir='ltr'><strong>paene</strong></span> <span class='ocrx_word' id='word_1_46' title='bbox 1321 676 1382 725; x_wconf 86' lang='lat' dir='ltr'><strong>fit</strong></span> <span class='ocrx_word' id='word_1_47' title='bbox 1415 676 1655 731; x_wconf 62' lang='lat' dir='ltr'><strong>homini&gt;</strong></span> 
     </span>
     <span class='ocr_line' id='line_1_8' title="bbox 271 751 1628 820; baseline 0 -19"><span class='ocrx_word' id='word_1_48' title='bbox 271 751 660 803; x_wconf 70' lang='lat' dir='ltr'><strong>inconcessum:</strong></span> <span class='ocrx_word' id='word_1_49' title='bbox 715 756 958 820; x_wconf 87' lang='lat' dir='ltr'><strong>plurium</strong></span> <span class='ocrx_word' id='word_1_50' title='bbox 1011 755 1150 804; x_wconf 85' lang='lat' dir='ltr'>bona</span> <span class='ocrx_word' id='word_1_51' title='bbox 1191 771 1455 820; x_wconf 84' lang='lat' dir='ltr'>ponamus</span> <span class='ocrx_word' id='word_1_52' title='bbox 1508 764 1628 802; x_wconf 82' lang='lat' dir='ltr'><strong>ante</strong></span> 
     </span>
     <span class='ocr_line' id='line_1_9' title="bbox 273 831 1630 900; baseline 0.001 -20"><span class='ocrx_word' id='word_1_53' title='bbox 273 831 485 888; x_wconf 84' lang='lat' dir='ltr'><strong>oculos,</strong></span> <span class='ocrx_word' id='word_1_54' title='bbox 535 841 596 880; x_wconf 88' lang='lat' dir='ltr'><strong>ut</strong></span> <span class='ocrx_word' id='word_1_55' title='bbox 628 831 775 880; x_wconf 80' lang='lat' dir='ltr'><strong>aliud.</strong></span> <span class='ocrx_word' id='word_1_56' title='bbox 808 849 871 880; x_wconf 86' lang='lat' dir='ltr'><strong>ex</strong></span> <span class='ocrx_word' id='word_1_57' title='bbox 914 833 1018 880; x_wconf 84' lang='lat' dir='ltr'><strong>alio</strong></span> <span class='ocrx_word' id='word_1_58' title='bbox 1056 832 1288 890; x_wconf 80' lang='lat' dir='ltr'><strong>haereat,</strong></span> <span class='ocrx_word' id='word_1_59' title='bbox 1350 841 1429 889; x_wconf 87' lang='lat' dir='ltr'><strong>et,</strong></span> <span class='ocrx_word' id='word_1_60' title='bbox 1479 831 1630 900; x_wconf 83' lang='lat' dir='ltr'>quod</span> 
     </span>
     <span class='ocr_line' id='line_1_10' title="bbox 199 908 1628 974; baseline 0.002 -21"><span class='ocrx_word' id='word_1_61' title='bbox 199 926 249 961; x_wconf 80' lang='lat'><strong>27</strong></span> <span class='ocrx_word' id='word_1_62' title='bbox 274 908 470 972; x_wconf 82' lang='lat' dir='ltr'><strong>cuique</strong></span> <span class='ocrx_word' id='word_1_63' title='bbox 510 908 630 957; x_wconf 89' lang='lat' dir='ltr'><strong>loco</strong></span> <span class='ocrx_word' id='word_1_64' title='bbox 666 911 977 967; x_wconf 82' lang='lat' dir='ltr'><strong>conveniat,</strong></span> <span class='ocrx_word' id='word_1_65' title='bbox 1037 920 1293 974; x_wconf 82' lang='lat' dir='ltr'><strong>aptemus.</strong></span> <span class='ocrx_word' id='word_1_66' title='bbox 1395 909 1628 956; x_wconf 81' lang='lat' dir='ltr'><strong>Imitatio</strong></span> 
     </span>
     <span class='ocr_line' id='line_1_11' title="bbox 273 984 1630 1052; baseline 0.001 -20"><span class='ocrx_word' id='word_1_67' title='bbox 273 995 451 1033; x_wconf 79' lang='lat' dir='ltr'><strong>autem</strong></span> <span class='ocrx_word' id='word_1_68' title='bbox 482 986 627 1048; x_wconf 82' lang='lat' dir='ltr'>(nam</span> <span class='ocrx_word' id='word_1_69' title='bbox 660 984 866 1052; x_wconf 78' lang='lat' dir='ltr'><strong>saepius</strong></span> <span class='ocrx_word' id='word_1_70' title='bbox 900 985 1043 1034; x_wconf 85' lang='lat' dir='ltr'><strong>idem</strong></span> <span class='ocrx_word' id='word_1_71' title='bbox 1066 986 1264 1050; x_wconf 72' lang='lat' dir='ltr'><strong>(licam)</strong></span> <span class='ocrx_word' id='word_1_72' title='bbox 1295 1003 1407 1034; x_wconf 87' lang='lat' dir='ltr'><strong>non</strong></span> <span class='ocrx_word' id='word_1_73' title='bbox 1435 984 1495 1033; x_wconf 86' lang='lat' dir='ltr'><strong>fit</strong></span> <span class='ocrx_word' id='word_1_74' title='bbox 1515 996 1630 1034; x_wconf 83' lang='lat' dir='ltr'>tan-</span> 
     </span>
     <span class='ocr_line' id='line_1_12' title="bbox 271 1062 1630 1127; baseline 0.001 -19"><span class='ocrx_word' id='word_1_75' title='bbox 271 1071 389 1109; x_wconf 85' lang='lat' dir='ltr'><strong>tum</strong></span> <span class='ocrx_word' id='word_1_76' title='bbox 408 1062 467 1110; x_wconf 86' lang='lat' dir='ltr'><strong>in</strong></span> <span class='ocrx_word' id='word_1_77' title='bbox 486 1063 677 1111; x_wconf 85' lang='lat' dir='ltr'><strong>verbis.</strong></span> <span class='ocrx_word' id='word_1_78' title='bbox 755 1063 889 1110; x_wconf 87' lang='lat' dir='ltr'><strong>llluc</strong></span> <span class='ocrx_word' id='word_1_79' title='bbox 909 1063 1234 1111; x_wconf 80' lang='lat' dir='ltr'><strong>intendenda</strong></span> <span class='ocrx_word' id='word_1_80' title='bbox 1258 1079 1424 1120; x_wconf 83' lang='lat' dir='ltr'><strong>mens,</strong></span> <span class='ocrx_word' id='word_1_81' title='bbox 1461 1080 1630 1127; x_wconf 87' lang='lat' dir='ltr'>quan-</span> 
     </span>
     <span class='ocr_line' id='line_1_13' title="bbox 272 1137 1630 1204; baseline 0.001 -19"><span class='ocrx_word' id='word_1_82' title='bbox 272 1149 390 1185; x_wconf 85' lang='lat' dir='ltr'><strong>tum</strong></span> <span class='ocrx_word' id='word_1_83' title='bbox 422 1137 589 1188; x_wconf 79' lang='lat' dir='ltr'><strong>fuerit</strong></span> <span class='ocrx_word' id='word_1_84' title='bbox 620 1140 730 1188; x_wconf 85' lang='lat' dir='ltr'><strong>illis</strong></span> <span class='ocrx_word' id='word_1_85' title='bbox 761 1141 894 1188; x_wconf 79' lang='lat' dir='ltr'><strong>viris</strong></span> <span class='ocrx_word' id='word_1_86' title='bbox 927 1140 1133 1188; x_wconf 85' lang='lat' dir='ltr'><strong>decoris</strong></span> <span class='ocrx_word' id='word_1_87' title='bbox 1171 1141 1230 1188; x_wconf 88' lang='lat' dir='ltr'><strong>in</strong></span> <span class='ocrx_word' id='word_1_88' title='bbox 1276 1140 1434 1189; x_wconf 86' lang='lat' dir='ltr'><strong>rebus</strong></span> <span class='ocrx_word' id='word_1_89' title='bbox 1461 1144 1630 1204; x_wconf 74' lang='lat' dir='ltr'><strong>&#39;atque</strong></span> 
     </span>
     <span class='ocr_line' id='line_1_14' title="bbox 273 1213 1630 1281; baseline 0.002 -19"><span class='ocrx_word' id='word_1_90' title='bbox 273 1213 540 1280; x_wconf 81' lang='lat' dir='ltr'><strong>personis,</strong></span> <span class='ocrx_word' id='word_1_91' title='bbox 600 1215 750 1279; x_wconf 86' lang='lat' dir='ltr'>quod.</span> <span class='ocrx_word' id='word_1_92' title='bbox 786 1215 1095 1274; x_wconf 86' lang='lat' dir='ltr'><strong>confilium,</strong></span> <span class='ocrx_word' id='word_1_93' title='bbox 1158 1233 1292 1281; x_wconf 78' lang='lat' dir='ltr'><strong>quae</strong></span> <span class='ocrx_word' id='word_1_94' title='bbox 1338 1215 1630 1281; x_wconf 77' lang='lat' dir='ltr'><strong>dispofitio‚</strong></span> 
     </span>
     <span class='ocr_line' id='line_1_15' title="bbox 275 1284 1631 1357; baseline 0.001 -17"><span class='ocrx_word' id='word_1_95' title='bbox 275 1309 435 1356; x_wconf 84' lang='lat' dir='ltr'>quam</span> <span class='ocrx_word' id='word_1_96' title='bbox 459 1293 639 1341; x_wconf 80' lang='lat' dir='ltr'><strong>omnia</strong></span> <span class='ocrx_word' id='word_1_97' title='bbox 662 1293 837 1350; x_wconf 81' lang='lat' dir='ltr'><strong>etiam,</strong></span> <span class='ocrx_word' id='word_1_98' title='bbox 879 1310 1014 1357; x_wconf 83' lang='lat' dir='ltr'><strong>quae</strong></span> <span class='ocrx_word' id='word_1_99' title='bbox 1044 1284 1631 1342; x_wconf 39' lang='lat' dir='ltr'><strong>delectationi‘videan-</strong></span> 
     </span>
    </p>
   </div>
   <div class='ocr_carea' id='block_1_3' title="bbox 266 1413 1671 1860">
    <p class='ocr_par' dir='ltr' id='par_1_3' title="bbox 266 1413 1634 1800">
     <span class='ocr_line' id='line_1_16' title="bbox 361 1413 1630 1465; baseline 0.003 -17"><span class='ocrx_word' id='word_1_100' title='bbox 361 1413 427 1449; x_wconf 80' lang='lat'><strong>26.</strong></span> <span class='ocrx_word' id='word_1_101' title='bbox 460 1423 544 1450; x_wconf 75' lang='lat' dir='ltr'><em>cum.</em></span> <span class='ocrx_word' id='word_1_102' title='bbox 579 1414 708 1451; x_wconf 86' lang='lat' dir='ltr'><strong>Guelf.</strong></span> <span class='ocrx_word' id='word_1_103' title='bbox 744 1423 880 1450; x_wconf 77' lang='lat' dir='ltr'><strong>tamen.</strong></span> <span class='ocrx_word' id='word_1_104' title='bbox 915 1415 962 1451; x_wconf 82' lang='lat' dir='ltr'><strong>cf.</strong></span> <span class='ocrx_word' id='word_1_105' title='bbox 986 1418 1020 1463; x_wconf 53' lang='grc' dir='ltr'><strong>ᾗ.</strong></span> <span class='ocrx_word' id='word_1_106' title='bbox 1040 1425 1102 1459; x_wconf 81' lang='lat'><strong>13.</strong></span> <span class='ocrx_word' id='word_1_107' title='bbox 1125 1416 1220 1450; x_wconf 83' lang='lat' dir='ltr'><strong>item</strong></span> <span class='ocrx_word' id='word_1_108' title='bbox 1248 1428 1311 1456; x_wconf 85' lang='lat'><strong>10,</strong></span> <span class='ocrx_word' id='word_1_109' title='bbox 1336 1424 1372 1459; x_wconf 80' lang='grc'><strong>5,</strong></span> <span class='ocrx_word' id='word_1_110' title='bbox 1400 1428 1461 1451; x_wconf 86' lang='lat'><strong>10.</strong></span> <span class='ocrx_word' id='word_1_111' title='bbox 1496 1416 1630 1465; x_wconf 77' lang='lat' dir='ltr'>Camp-</span> 
     </span>
     <span class='ocr_line' id='line_1_17' title="bbox 266 1469 1632 1520; baseline 0.003 -15"><span class='ocrx_word' id='word_1_112' title='bbox 266 1469 336 1520; x_wconf 68' lang='grc' dir='ltr'><strong>[ελ</strong></span> <span class='ocrx_word' id='word_1_113' title='bbox 360 1480 483 1505; x_wconf 68' lang='lat' dir='ltr'><strong>tamen</strong></span> <span class='ocrx_word' id='word_1_114' title='bbox 503 1485 577 1520; x_wconf 83' lang='lat' dir='ltr'><strong>pro</strong></span> <span class='ocrx_word' id='word_1_115' title='bbox 592 1471 662 1520; x_wconf 75' lang='lat' dir='ltr'><strong>secl</strong></span> <span class='ocrx_word' id='word_1_116' title='bbox 686 1481 772 1508; x_wconf 76' lang='lat' dir='ltr'><strong>tum.</strong></span> <span class='ocrx_word' id='word_1_117' title='bbox 1009 1473 1108 1520; x_wconf 79' lang='lat' dir='ltr'><em>quod</em></span> <span class='ocrx_word' id='word_1_118' title='bbox 1126 1474 1252 1520; x_wconf 82' lang='lat' dir='ltr'><strong>cuique</strong></span> <span class='ocrx_word' id='word_1_119' title='bbox 1283 1472 1377 1507; x_wconf 88' lang='lat' dir='ltr'><strong>loco.</strong></span> <span class='ocrx_word' id='word_1_120' title='bbox 1410 1473 1472 1508; x_wconf 85' lang='lat' dir='ltr'><strong>Sic</strong></span> <span class='ocrx_word' id='word_1_121' title='bbox 1497 1473 1632 1510; x_wconf 77' lang='lat' dir='ltr'><strong>Turic.</strong></span> 
     </span>
     <span class='ocr_line' id='line_1_18' title="bbox 275 1527 1631 1576; baseline 0.002 -15"><span class='ocrx_word' id='word_1_122' title='bbox 275 1530 312 1568; x_wconf 80' lang='lat' dir='ltr'><strong>(a</strong></span> <span class='ocrx_word' id='word_1_123' title='bbox 332 1527 399 1562; x_wconf 82' lang='lat' dir='ltr'><strong>see.</strong></span> <span class='ocrx_word' id='word_1_124' title='bbox 421 1530 559 1570; x_wconf 80' lang='lat' dir='ltr'>manu)</span> <span class='ocrx_word' id='word_1_125' title='bbox 591 1529 723 1575; x_wconf 81' lang='lat' dir='ltr'><strong>Camp.</strong></span> <span class='ocrx_word' id='word_1_126' title='bbox 748 1541 837 1563; x_wconf 86' lang='lat' dir='ltr'><strong>cum</strong></span> <span class='ocrx_word' id='word_1_127' title='bbox 864 1529 978 1564; x_wconf 85' lang='lat' dir='ltr'><strong>Bodl.</strong></span> <span class='ocrx_word' id='word_1_128' title='bbox 1012 1529 1110 1576; x_wconf 84' lang='lat' dir='ltr'><strong><em>quod</em></strong></span> <span class='ocrx_word' id='word_1_129' title='bbox 1134 1529 1179 1563; x_wconf 82' lang='lat' dir='ltr'><strong>de</strong></span> <span class='ocrx_word' id='word_1_130' title='bbox 1204 1531 1331 1575; x_wconf 84' lang='lat' dir='ltr'><strong>cuique</strong></span> <span class='ocrx_word' id='word_1_131' title='bbox 1352 1529 1466 1576; x_wconf 81' lang='lat' dir='ltr'><strong>longo</strong></span> <span class='ocrx_word' id='word_1_132' title='bbox 1503 1529 1568 1573; x_wconf 87' lang='lat' dir='ltr'>(cf.</span> <span class='ocrx_word' id='word_1_133' title='bbox 1593 1541 1631 1576; x_wconf 88' lang='lat'><strong>9,</strong></span> 
     </span>
     <span class='ocr_line' id='line_1_19' title="bbox 276 1584 1631 1634; baseline 0.002 -17"><span class='ocrx_word' id='word_1_134' title='bbox 276 1588 311 1625; x_wconf 75' lang='grc'><strong>4,</strong></span> <span class='ocrx_word' id='word_1_135' title='bbox 347 1584 432 1629; x_wconf 76' lang='grc'>94.)</span> <span class='ocrx_word' id='word_1_136' title='bbox 470 1584 602 1619; x_wconf 81' lang='lat' dir='ltr'><strong>Turio.</strong></span> <span class='ocrx_word' id='word_1_137' title='bbox 637 1584 738 1619; x_wconf 72' lang='lat' dir='ltr'><strong>Flos.</strong></span> <span class='ocrx_word' id='word_1_138' title='bbox 783 1599 869 1620; x_wconf 87' lang='lat' dir='ltr'><strong>cum</strong></span> <span class='ocrx_word' id='word_1_139' title='bbox 901 1585 1002 1620; x_wconf 82' lang='lat' dir='ltr'><strong>Alm.</strong></span> <span class='ocrx_word' id='word_1_140' title='bbox 1038 1585 1138 1634; x_wconf 75' lang='lat' dir='ltr'><em>quod</em></span> <span class='ocrx_word' id='word_1_141' title='bbox 1170 1587 1295 1633; x_wconf 82' lang='lat' dir='ltr'><strong>cuique</strong></span> <span class='ocrx_word' id='word_1_142' title='bbox 1337 1585 1493 1629; x_wconf 83' lang='lat' dir='ltr'>(omiffo</span> <span class='ocrx_word' id='word_1_143' title='bbox 1531 1585 1631 1626; x_wconf 84' lang='lat' dir='ltr'><strong>loco)</strong></span> 
     </span>
     <span class='ocr_line' id='line_1_20' title="bbox 275 1639 1633 1686; baseline 0.001 -12"><span class='ocrx_word' id='word_1_144' title='bbox 275 1639 393 1674; x_wconf 77' lang='lat' dir='ltr'>Goth.</span> <span class='ocrx_word' id='word_1_145' title='bbox 417 1640 514 1676; x_wconf 84' lang='lat' dir='ltr'><strong>Jens.</strong></span> <span class='ocrx_word' id='word_1_146' title='bbox 539 1643 627 1684; x_wconf 82' lang='lat' dir='ltr'>(tac.</span> <span class='ocrx_word' id='word_1_147' title='bbox 655 1641 784 1686; x_wconf 82' lang='lat' dir='ltr'><strong>Gesn.)</strong></span> <span class='ocrx_word' id='word_1_148' title='bbox 816 1655 904 1676; x_wconf 80' lang='lat' dir='ltr'><strong>cum</strong></span> <span class='ocrx_word' id='word_1_149' title='bbox 927 1641 1027 1677; x_wconf 79' lang='lat' dir='ltr'><strong>Vall.</strong></span> <span class='ocrx_word' id='word_1_150' title='bbox 1055 1642 1160 1679; x_wconf 75' lang='lat' dir='ltr'><strong>Vols.</strong></span> <span class='ocrx_word' id='word_1_151' title='bbox 1188 1650 1223 1675; x_wconf 80' lang='lat'><strong>2.</strong></span> <span class='ocrx_word' id='word_1_152' title='bbox 1251 1641 1399 1679; x_wconf 83' lang='lat' dir='ltr'><strong>et.edd.</strong></span> <span class='ocrx_word' id='word_1_153' title='bbox 1419 1652 1503 1676; x_wconf 87' lang='lat' dir='ltr'><strong>ante</strong></span> <span class='ocrx_word' id='word_1_154' title='bbox 1522 1640 1633 1676; x_wconf 83' lang='lat' dir='ltr'><strong>Bafil.</strong></span> 
     </span>
     <span class='ocr_line' id='line_1_21' title="bbox 275 1695 1634 1750; baseline 0.003 -22"><span class='ocrx_word' id='word_1_155' title='bbox 275 1707 350 1730; x_wconf 76' lang='lat' dir='ltr'>acc.</span> <span class='ocrx_word' id='word_1_156' title='bbox 388 1695 480 1731; x_wconf 81' lang='lat' dir='ltr'><strong>Bad.</strong></span> <span class='ocrx_word' id='word_1_157' title='bbox 514 1696 675 1744; x_wconf 85' lang='lat' dir='ltr'><strong>Reliqui</strong></span> <span class='ocrx_word' id='word_1_158' title='bbox 710 1710 780 1744; x_wconf 81' lang='lat' dir='ltr'><strong>quo</strong></span> <span class='ocrx_word' id='word_1_159' title='bbox 813 1699 972 1746; x_wconf 76' lang='lat' dir='ltr'><strong>quidque</strong></span> <span class='ocrx_word' id='word_1_160' title='bbox 1002 1699 1107 1736; x_wconf 84' lang='lat' dir='ltr'><strong>loco,</strong></span> <span class='ocrx_word' id='word_1_161' title='bbox 1138 1708 1174 1732; x_wconf 87' lang='lat' dir='ltr'><strong>et</strong></span> <span class='ocrx_word' id='word_1_162' title='bbox 1203 1699 1250 1731; x_wconf 85' lang='lat' dir='ltr'><strong>fic</strong></span> <span class='ocrx_word' id='word_1_163' title='bbox 1284 1696 1415 1733; x_wconf 80' lang='lat' dir='ltr'><strong>Guelf.</strong></span> <span class='ocrx_word' id='word_1_164' title='bbox 1445 1697 1634 1750; x_wconf 46' lang='lat' dir='ltr'><strong>sedgjmox</strong></span> 
     </span>
     <span class='ocr_line' id='line_1_22' title="bbox 273 1752 1296 1800; baseline 0.003 -14"><span class='ocrx_word' id='word_1_165' title='bbox 273 1753 400 1786; x_wconf 71' lang='lat' dir='ltr'><strong>veniat</strong></span> <span class='ocrx_word' id='word_1_166' title='bbox 424 1765 511 1786; x_wconf 87' lang='lat' dir='ltr'><strong>cum</strong></span> <span class='ocrx_word' id='word_1_167' title='bbox 536 1753 639 1789; x_wconf 83' lang='lat' dir='ltr'>Voff.</span> <span class='ocrx_word' id='word_1_168' title='bbox 671 1767 702 1787; x_wconf 87' lang='lat'><strong>1.</strong></span> <span class='ocrx_word' id='word_1_169' title='bbox 728 1764 763 1788; x_wconf 84' lang='lat' dir='ltr'><strong>et</strong></span> <span class='ocrx_word' id='word_1_170' title='bbox 782 1764 995 1800; x_wconf 72' lang='lat' dir='ltr'><strong>aptaremus</strong></span> <span class='ocrx_word' id='word_1_171' title='bbox 1012 1752 1121 1789; x_wconf 84' lang='lat' dir='ltr'><strong>Bafil.</strong></span> <span class='ocrx_word' id='word_1_172' title='bbox 1146 1754 1296 1797; x_wconf 78' lang='lat' dir='ltr'><strong>(mire).</strong></span> 
     </span>
    </p>

    <p class='ocr_par' dir='ltr' id='par_1_4' title="bbox 362 1809 1671 1860">
     <span class='ocr_line' id='line_1_23' title="bbox 362 1809 1671 1860; baseline 0.003 -17"><span class='ocrx_word' id='word_1_173' title='bbox 362 1818 426 1851; x_wconf 86' lang='lat'><strong>27.</strong></span> <span class='ocrx_word' id='word_1_174' title='bbox 458 1809 685 1844; x_wconf 72' lang='lat' dir='ltr'><strong>intendenda</strong></span> <span class='ocrx_word' id='word_1_175' title='bbox 717 1824 826 1844; x_wconf 82' lang='lat' dir='ltr'><strong>mens.</strong></span> <span class='ocrx_word' id='word_1_176' title='bbox 865 1811 997 1845; x_wconf 76' lang='lat' dir='ltr'><strong>Turic.</strong></span> <span class='ocrx_word' id='word_1_177' title='bbox 1032 1810 1186 1845; x_wconf 75' lang='lat' dir='ltr'><strong>intenda</strong></span> <span class='ocrx_word' id='word_1_178' title='bbox 1218 1824 1326 1846; x_wconf 83' lang='lat' dir='ltr'><strong>mens.</strong></span> <span class='ocrx_word' id='word_1_179' title='bbox 1368 1810 1473 1846; x_wconf 86' lang='lat' dir='ltr'><strong>Flor.</strong></span> <span class='ocrx_word' id='word_1_180' title='bbox 1508 1811 1546 1856; x_wconf 89' lang='lat' dir='ltr'><strong>(a</strong></span> <span class='ocrx_word' id='word_1_181' title='bbox 1573 1825 1634 1860; x_wconf 82' lang='lat' dir='ltr'><strong>pr.</strong></span> <span class='ocrx_word' id='word_1_182' title='bbox 1666 1848 1671 1851; x_wconf 17' lang='grc' dir='ltr'><em>ι</em></span> 
     </span>
    </p>
   </div>
   <div class='ocr_carea' id='block_1_4' title="bbox 271 1865 1634 2084">
    <p class='ocr_par' dir='ltr' id='par_1_5' title="bbox 271 1865 1634 2084">
     <span class='ocr_line' id='line_1_24' title="bbox 271 1865 1634 1915; baseline 0.002 -15"><span class='ocrx_word' id='word_1_183' title='bbox 271 1866 409 1907; x_wconf 83' lang='lat' dir='ltr'>manu)</span> <span class='ocrx_word' id='word_1_184' title='bbox 434 1866 676 1900; x_wconf 77' lang='lat' dir='ltr'><strong>intendamus.</strong></span> <span class='ocrx_word' id='word_1_185' title='bbox 697 1865 798 1901; x_wconf 86' lang='lat' dir='ltr'><strong>Alm.</strong></span> <span class='ocrx_word' id='word_1_186' title='bbox 822 1865 1044 1902; x_wconf 66' lang='lat' dir='ltr'><strong>intendam-ts.</strong></span> <span class='ocrx_word' id='word_1_187' title='bbox 1282 1876 1469 1915; x_wconf 77' lang='lat' dir='ltr'><strong><em>quantum.</em></strong></span> <span class='ocrx_word' id='word_1_188' title='bbox 1498 1868 1634 1907; x_wconf 80' lang='lat' dir='ltr'><strong>Turic.</strong></span> 
     </span>
     <span class='ocr_line' id='line_1_25' title="bbox 274 1921 1632 1971; baseline 0.003 -15"><span class='ocrx_word' id='word_1_189' title='bbox 274 1935 367 1970; x_wconf 80' lang='lat' dir='ltr'><strong>quae</strong></span> <span class='ocrx_word' id='word_1_190' title='bbox 391 1935 481 1955; x_wconf 85' lang='lat' dir='ltr'><em>cum.</em></span> <span class='ocrx_word' id='word_1_191' title='bbox 511 1921 616 1957; x_wconf 85' lang='lat' dir='ltr'><strong>Flor.</strong></span> <span class='ocrx_word' id='word_1_192' title='bbox 650 1924 687 1965; x_wconf 80' lang='lat' dir='ltr'><strong>(a</strong></span> <span class='ocrx_word' id='word_1_193' title='bbox 709 1936 767 1970; x_wconf 81' lang='lat' dir='ltr'><strong>pr.</strong></span> <span class='ocrx_word' id='word_1_194' title='bbox 790 1923 863 1969; x_wconf 84' lang='lat' dir='ltr'><strong>m.)</strong></span> <span class='ocrx_word' id='word_1_195' title='bbox 894 1937 985 1971; x_wconf 78' lang='lat' dir='ltr'><strong>quae</strong></span> <span class='ocrx_word' id='word_1_196' title='bbox 1007 1932 1096 1959; x_wconf 72' lang='lat' dir='ltr'><strong><em>tum.</em></strong></span> <span class='ocrx_word' id='word_1_197' title='bbox 1194 1950 1201 1953; x_wconf 89' lang='lat'><em>-</em></span> <span class='ocrx_word' id='word_1_198' title='bbox 1322 1924 1472 1959; x_wconf 80' lang='lat' dir='ltr'><strong>decoris.</strong></span> <span class='ocrx_word' id='word_1_199' title='bbox 1497 1924 1632 1960; x_wconf 78' lang='lat' dir='ltr'><strong>Turio.</strong></span> 
     </span>
     <span class='ocr_line' id='line_1_26' title="bbox 274 1975 1632 2030; baseline 0.003 -18"><span class='ocrx_word' id='word_1_200' title='bbox 274 1979 313 2022; x_wconf 81' lang='lat' dir='ltr'><strong>(a</strong></span> <span class='ocrx_word' id='word_1_201' title='bbox 337 1978 403 2012; x_wconf 85' lang='lat' dir='ltr'><strong>see.</strong></span> <span class='ocrx_word' id='word_1_202' title='bbox 426 1975 501 2024; x_wconf 59' lang='lat' dir='ltr'><strong>in.)</strong></span> <span class='ocrx_word' id='word_1_203' title='bbox 534 1977 630 2027; x_wconf 81' lang='lat' dir='ltr'><strong>Obr.</strong></span> <span class='ocrx_word' id='word_1_204' title='bbox 665 1980 811 2018; x_wconf 81' lang='lat' dir='ltr'><strong>decori,-</strong></span> <span class='ocrx_word' id='word_1_205' title='bbox 841 1979 952 2015; x_wconf 76' lang='lat' dir='ltr'><strong>male.</strong></span> <span class='ocrx_word' id='word_1_206' title='bbox 1190 1979 1396 2030; x_wconf 69' lang='lat' dir='ltr'><strong>dispositio.</strong></span> <span class='ocrx_word' id='word_1_207' title='bbox 1427 1979 1533 2016; x_wconf 83' lang='lat' dir='ltr'><strong>Flor.</strong></span> <span class='ocrx_word' id='word_1_208' title='bbox 1572 1981 1632 2016; x_wconf 85' lang='lat' dir='ltr'><strong>de-</strong></span> 
     </span>
     <span class='ocr_line' id='line_1_27' title="bbox 272 2031 1633 2084; baseline 0.003 -16"><span class='ocrx_word' id='word_1_209' title='bbox 272 2031 420 2083; x_wconf 77' lang='lat' dir='ltr'><strong>poficio.</strong></span> <span class='ocrx_word' id='word_1_210' title='bbox 455 2034 573 2070; x_wconf 88' lang='lat' dir='ltr'><strong>Goth.</strong></span> <span class='ocrx_word' id='word_1_211' title='bbox 609 2038 697 2078; x_wconf 80' lang='lat' dir='ltr'>(tac.</span> <span class='ocrx_word' id='word_1_212' title='bbox 731 2037 859 2079; x_wconf 86' lang='lat' dir='ltr'><strong>Gesn.)</strong></span> <span class='ocrx_word' id='word_1_213' title='bbox 890 2037 1107 2084; x_wconf 73' lang='lat' dir='ltr'><strong>disputatio.</strong></span> <span class='ocrx_word' id='word_1_214' title='bbox 1360 2051 1470 2084; x_wconf 83' lang='lat' dir='ltr'><em>quam</em></span> <span class='ocrx_word' id='word_1_215' title='bbox 1503 2040 1633 2079; x_wconf 70' lang='lat' dir='ltr'><strong>omyzia</strong></span> 
     </span>
    </p>
   </div>
   <div class='ocr_carea' id='block_1_5' title="bbox 272 2091 1630 2144">
    <p class='ocr_par' dir='ltr' id='par_1_6' title="bbox 272 2091 1630 2144">
     <span class='ocr_line' id='line_1_28' title="bbox 272 2091 1630 2144; baseline 0.003 -19"><span class='ocrx_word' id='word_1_216' title='bbox 272 2093 397 2137; x_wconf 60' lang='lat' dir='ltr'><strong>opiam.</strong></span> <span class='ocrx_word' id='word_1_217' title='bbox 430 2091 562 2127; x_wconf 78' lang='lat' dir='ltr'><strong>Turic-</strong></span> <span class='ocrx_word' id='word_1_218' title='bbox 592 2092 690 2140; x_wconf 83' lang='lat' dir='ltr'><em>quod</em></span> <span class='ocrx_word' id='word_1_219' title='bbox 714 2105 821 2127; x_wconf 83' lang='lat' dir='ltr'><strong>omne</strong></span> <span class='ocrx_word' id='word_1_220' title='bbox 833 2094 927 2138; x_wconf 81' lang='lat' dir='ltr'><em>jam.</em></span> <span class='ocrx_word' id='word_1_221' title='bbox 957 2106 1003 2128; x_wconf 86' lang='lat' dir='ltr'><strong>ex</strong></span> <span class='ocrx_word' id='word_1_222' title='bbox 1024 2093 1127 2127; x_wconf 85' lang='lat' dir='ltr'><strong>Alm.</strong></span> <span class='ocrx_word' id='word_1_223' title='bbox 1148 2091 1205 2128; x_wconf 85' lang='lat' dir='ltr'><strong>nil</strong></span> <span class='ocrx_word' id='word_1_224' title='bbox 1225 2093 1296 2128; x_wconf 81' lang='lat' dir='ltr'><strong>nifi</strong></span> <span class='ocrx_word' id='word_1_225' title='bbox 1321 2093 1389 2144; x_wconf 60' lang='grc' dir='ltr'><strong>φᾶ</strong></span> <span class='ocrx_word' id='word_1_226' title='bbox 1408 2093 1435 2129; x_wconf 87' lang='lat' dir='ltr'><strong>i.</strong></span> <span class='ocrx_word' id='word_1_227' title='bbox 1465 2107 1496 2127; x_wconf 82' lang='lat' dir='ltr'><strong>e.</strong></span> <span class='ocrx_word' id='word_1_228' title='bbox 1518 2094 1630 2143; x_wconf 83' lang='lat' dir='ltr'><strong><em>quod.</em></strong></span> 
     </span>
    </p>
   </div>
   <div class='ocr_carea' id='block_1_6' title="bbox 273 2191 1635 2524">
    <p class='ocr_par' dir='ltr' id='par_1_7' title="bbox 273 2191 1635 2524">
     <span class='ocr_line' id='line_1_29' title="bbox 331 2191 1632 2243; baseline 0.002 -16"><span class='ocrx_word' id='word_1_229' title='bbox 331 2191 507 2242; x_wconf 78' lang='lat' dir='ltr'><strong>affumere</strong></span> <span class='ocrx_word' id='word_1_230' title='bbox 536 2193 563 2228; x_wconf 88' lang='lat' dir='ltr'><strong>i.</strong></span> <span class='ocrx_word' id='word_1_231' title='bbox 600 2207 630 2229; x_wconf 89' lang='lat' dir='ltr'><strong>e.</strong></span> <span class='ocrx_word' id='word_1_232' title='bbox 676 2193 772 2230; x_wconf 81' lang='lat' dir='ltr'><strong>foris</strong></span> <span class='ocrx_word' id='word_1_233' title='bbox 811 2195 925 2230; x_wconf 81' lang='lat' dir='ltr'><strong>arces·</strong></span> <span class='ocrx_word' id='word_1_234' title='bbox 982 2200 1268 2243; x_wconf 76' lang='lat' dir='ltr'><strong>,‚3rgumento“</strong></span> <span class='ocrx_word' id='word_1_235' title='bbox 1320 2195 1424 2229; x_wconf 79' lang='lat' dir='ltr'>causa</span> <span class='ocrx_word' id='word_1_236' title='bbox 1455 2193 1632 2230; x_wconf 84' lang='lat' dir='ltr'><strong>defenda-</strong></span> 
     </span>
     <span class='ocr_line' id='line_1_30' title="bbox 273 2249 1544 2291; baseline 0.002 -8"><span class='ocrx_word' id='word_1_237' title='bbox 273 2249 363 2285; x_wconf 76' lang='lat' dir='ltr'><strong>sere.</strong></span> <span class='ocrx_word' id='word_1_238' title='bbox 436 2249 531 2285; x_wconf 90' lang='lat' dir='ltr'>Vult</span> <span class='ocrx_word' id='word_1_239' title='bbox 590 2251 692 2285; x_wconf 81' lang='lat' dir='ltr'><strong>enim</strong></span> <span class='ocrx_word' id='word_1_240' title='bbox 742 2251 784 2285; x_wconf 87' lang='lat' dir='ltr'><strong>in</strong></span> <span class='ocrx_word' id='word_1_241' title='bbox 841 2262 925 2286; x_wconf 87' lang='lat' dir='ltr'>toto</span> <span class='ocrx_word' id='word_1_242' title='bbox 983 2262 1060 2286; x_wconf 78' lang='lat' dir='ltr'><strong>tur.</strong></span> <span class='ocrx_word' id='word_1_243' title='bbox 1092 2251 1184 2286; x_wconf 79' lang='lat' dir='ltr'><strong>vide</strong></span> <span class='ocrx_word' id='word_1_244' title='bbox 1210 2261 1247 2285; x_wconf 87' lang='lat' dir='ltr'><strong>et</strong></span> <span class='ocrx_word' id='word_1_245' title='bbox 1278 2263 1349 2291; x_wconf 87' lang='lat'><strong>10,</strong></span> <span class='ocrx_word' id='word_1_246' title='bbox 1386 2264 1417 2290; x_wconf 85' lang='lat'><strong>1,</strong></span> <span class='ocrx_word' id='word_1_247' title='bbox 1455 2261 1544 2286; x_wconf 83' lang='lat'>121.</span> 
     </span>
     <span class='ocr_line' id='line_1_31' title="bbox 275 2305 1631 2355; baseline 0.004 -16"><span class='ocrx_word' id='word_1_248' title='bbox 275 2319 393 2353; x_wconf 80' lang='lat' dir='ltr'>quam</span> <span class='ocrx_word' id='word_1_249' title='bbox 416 2306 636 2342; x_wconf 77' lang='lat' dir='ltr'><strong>simillimus</strong></span> <span class='ocrx_word' id='word_1_250' title='bbox 672 2307 830 2355; x_wconf 88' lang='lat' dir='ltr'><strong>quidem</strong></span> <span class='ocrx_word' id='word_1_251' title='bbox 855 2308 925 2342; x_wconf 80' lang='lat' dir='ltr'><strong>effe</strong></span> <span class='ocrx_word' id='word_1_252' title='bbox 1042 2307 1106 2342; x_wconf 80' lang='lat'><strong>26.</strong></span> <span class='ocrx_word' id='word_1_253' title='bbox 1131 2305 1308 2355; x_wconf 72' lang='lat' dir='ltr'><strong>sequitur.</strong></span> <span class='ocrx_word' id='word_1_254' title='bbox 1344 2308 1390 2342; x_wconf 73' lang='lat' dir='ltr'><strong>cf.</strong></span> <span class='ocrx_word' id='word_1_255' title='bbox 1415 2313 1437 2351; x_wconf 85' lang='lat'><em>8</em></span> <span class='ocrx_word' id='word_1_256' title='bbox 1460 2310 1548 2343; x_wconf 83' lang='lat' dir='ltr'><strong>Pro.</strong></span> <span class='ocrx_word' id='word_1_257' title='bbox 1571 2315 1631 2353; x_wconf 84' lang='lat'><strong>18.</strong></span> 
     </span>
     <span class='ocr_line' id='line_1_32' title="bbox 277 2362 1635 2410; baseline 0.001 -12"><span class='ocrx_word' id='word_1_258' title='bbox 277 2362 480 2398; x_wconf 72' lang='lat' dir='ltr'><strong>Ciceronis</strong></span> <span class='ocrx_word' id='word_1_259' title='bbox 509 2363 659 2405; x_wconf 82' lang='lat' dir='ltr'><strong>noster;</strong></span> <span class='ocrx_word' id='word_1_260' title='bbox 698 2377 768 2398; x_wconf 76' lang='lat' dir='ltr'><strong>nec</strong></span> <span class='ocrx_word' id='word_1_261' title='bbox 800 2376 927 2399; x_wconf 80' lang='lat' dir='ltr'><strong>tamen</strong></span> <span class='ocrx_word' id='word_1_262' title='bbox 984 2363 1079 2398; x_wconf 78' lang='lat' dir='ltr'><strong>adde</strong></span> <span class='ocrx_word' id='word_1_263' title='bbox 1119 2373 1190 2403; x_wconf 86' lang='lat'><strong>11,</strong></span> <span class='ocrx_word' id='word_1_264' title='bbox 1237 2375 1283 2402; x_wconf 83' lang='lat'><strong>2,</strong></span> <span class='ocrx_word' id='word_1_265' title='bbox 1327 2371 1397 2410; x_wconf 80' lang='lat'>39.-</span> <span class='ocrx_word' id='word_1_266' title='bbox 1452 2365 1551 2399; x_wconf 84' lang='lat' dir='ltr'><strong>Mox</strong></span> <span class='ocrx_word' id='word_1_267' title='bbox 1587 2366 1635 2400; x_wconf 84' lang='lat' dir='ltr'><strong>ad</strong></span> 
     </span>
     <span class='ocr_line' id='line_1_33' title="bbox 275 2417 1633 2468; baseline 0.003 -16"><span class='ocrx_word' id='word_1_268' title='bbox 275 2419 420 2453; x_wconf 80' lang='lat' dir='ltr'><strong>recusat</strong></span> <span class='ocrx_word' id='word_1_269' title='bbox 450 2417 615 2455; x_wconf 79' lang='lat' dir='ltr'><strong>virtutes</strong></span> <span class='ocrx_word' id='word_1_270' title='bbox 650 2420 695 2455; x_wconf 89' lang='lat' dir='ltr'><strong>ab</strong></span> <span class='ocrx_word' id='word_1_271' title='bbox 728 2418 844 2466; x_wconf 82' lang='lat' dir='ltr'><strong>hujus</strong></span> <span class='ocrx_word' id='word_1_272' title='bbox 868 2421 927 2454; x_wconf 81' lang='lat' dir='ltr'><strong>in-</strong></span> <span class='ocrx_word' id='word_1_273' title='bbox 984 2424 1019 2467; x_wconf 53' lang='grc' dir='ltr'><strong>ᾗ.</strong></span> <span class='ocrx_word' id='word_1_274' title='bbox 1045 2431 1108 2463; x_wconf 79' lang='lat'><strong>27.</strong></span> <span class='ocrx_word' id='word_1_275' title='bbox 1140 2419 1337 2455; x_wconf 81' lang='lat' dir='ltr'><strong>Almelov.</strong></span> <span class='ocrx_word' id='word_1_276' title='bbox 1364 2421 1479 2468; x_wconf 85' lang='lat' dir='ltr'><strong>ponit</strong></span> <span class='ocrx_word' id='word_1_277' title='bbox 1500 2420 1633 2458; x_wconf 86' lang='lat' dir='ltr'><strong>locum</strong></span> 
     </span>
     <span class='ocr_line' id='line_1_34' title="bbox 275 2473 1633 2524; baseline 0.004 -16"><span class='ocrx_word' id='word_1_278' title='bbox 275 2474 391 2521; x_wconf 84' lang='lat' dir='ltr'><strong>genio</strong></span> <span class='ocrx_word' id='word_1_279' title='bbox 415 2473 556 2510; x_wconf 83' lang='lat' dir='ltr'><strong>alienas</strong></span> <span class='ocrx_word' id='word_1_280' title='bbox 588 2475 742 2511; x_wconf 81' lang='lat' dir='ltr'><strong>aliunde</strong></span> <span class='ocrx_word' id='word_1_281' title='bbox 773 2488 923 2511; x_wconf 79' lang='lat' dir='ltr'><strong>mutua·</strong></span> <span class='ocrx_word' id='word_1_282' title='bbox 982 2476 1104 2511; x_wconf 86' lang='lat' dir='ltr'><strong>Plinii</strong></span> <span class='ocrx_word' id='word_1_283' title='bbox 1145 2477 1280 2524; x_wconf 72' lang='lat' dir='ltr'><strong>Epistt.</strong></span> <span class='ocrx_word' id='word_1_284' title='bbox 1331 2491 1373 2516; x_wconf 88' lang='lat'><strong>1,</strong></span> <span class='ocrx_word' id='word_1_285' title='bbox 1446 2482 1493 2520; x_wconf 85' lang='lat'><strong>8,</strong></span> <span class='ocrx_word' id='word_1_286' title='bbox 1569 2484 1633 2522; x_wconf 77' lang='lat'><strong>14.</strong></span> 
     </span>
    </p>
   </div>
   <div class='ocr_carea' id='block_1_7' title="bbox 273 2531 1634 2693">
    <p class='ocr_par' dir='ltr' id='par_1_8' title="bbox 273 2531 1634 2693">
     <span class='ocr_line' id='line_1_35' title="bbox 275 2531 1634 2583; baseline 0.005 -20"><span class='ocrx_word' id='word_1_287' title='bbox 275 2531 332 2570; x_wconf 73' lang='lat' dir='ltr'><strong>ri,</strong></span> <span class='ocrx_word' id='word_1_288' title='bbox 389 2531 733 2580; x_wconf 70' lang='lat' dir='ltr'><strong>Ciceronianisque</strong></span> <span class='ocrx_word' id='word_1_289' title='bbox 788 2533 923 2579; x_wconf 77' lang='lat' dir='ltr'><strong>adjun-</strong></span> <span class='ocrx_word' id='word_1_290' title='bbox 983 2531 1112 2581; x_wconf 71' lang='lat' dir='ltr'><strong>„sequi</strong></span> <span class='ocrx_word' id='word_1_291' title='bbox 1132 2553 1187 2559; x_wconf 90' lang='lat'><strong>—-</strong></span> <span class='ocrx_word' id='word_1_292' title='bbox 1218 2533 1356 2581; x_wconf 80' lang='lat' dir='ltr'><strong>gloria,</strong></span> <span class='ocrx_word' id='word_1_293' title='bbox 1389 2547 1470 2569; x_wconf 87' lang='lat' dir='ltr'><strong>non</strong></span> <span class='ocrx_word' id='word_1_294' title='bbox 1503 2545 1634 2583; x_wconf 80' lang='lat' dir='ltr'><strong>appeu</strong></span> 
     </span>
     <span class='ocr_line' id='line_1_36' title="bbox 275 2588 1165 2633; baseline 0.004 -13"><span class='ocrx_word' id='word_1_295' title='bbox 275 2598 377 2633; x_wconf 80' lang='lat' dir='ltr'><strong>gere.</strong></span> <span class='ocrx_word' id='word_1_296' title='bbox 439 2588 501 2621; x_wconf 84' lang='lat' dir='ltr'><strong>Sic</strong></span> <span class='ocrx_word' id='word_1_297' title='bbox 537 2588 617 2626; x_wconf 82' lang='lat' dir='ltr'><strong>Cic.</strong></span> <span class='ocrx_word' id='word_1_298' title='bbox 650 2591 734 2624; x_wconf 85' lang='lat' dir='ltr'><strong>Inv.</strong></span> <span class='ocrx_word' id='word_1_299' title='bbox 771 2601 814 2630; x_wconf 90' lang='lat'><strong>2,</strong></span> <span class='ocrx_word' id='word_1_300' title='bbox 859 2595 922 2631; x_wconf 62' lang='lat'><strong>24.</strong></span> <span class='ocrx_word' id='word_1_301' title='bbox 982 2589 1165 2630; x_wconf 81' lang='lat' dir='ltr'><strong>„debet.“</strong></span> 
     </span>
     <span class='ocr_line' id='line_1_37' title="bbox 273 2641 1627 2693; baseline 0.002 -15"><span class='ocrx_word' id='word_1_302' title='bbox 273 2642 460 2679; x_wconf 77' lang='lat' dir='ltr'><strong>vocabuli</strong></span> <span class='ocrx_word' id='word_1_303' title='bbox 484 2641 680 2693; x_wconf 77' lang='lat' dir='ltr'><strong>affumciva</strong></span> <span class='ocrx_word' id='word_1_304' title='bbox 706 2646 805 2680; x_wconf 79' lang='lat' dir='ltr'><strong>ratio</strong></span> <span class='ocrx_word' id='word_1_305' title='bbox 838 2646 923 2681; x_wconf 81' lang='lat' dir='ltr'><strong>red·</strong></span> <span class='ocrx_word' id='word_1_306' title='bbox 1042 2655 1106 2687; x_wconf 83' lang='lat'><strong>27.</strong></span> <span class='ocrx_word' id='word_1_307' title='bbox 1167 2643 1319 2693; x_wconf 70' lang='lat' dir='ltr'><strong>saepius</strong></span> <span class='ocrx_word' id='word_1_308' title='bbox 1379 2645 1490 2681; x_wconf 81' lang='lat' dir='ltr'><strong>idem.</strong></span> <span class='ocrx_word' id='word_1_309' title='bbox 1577 2645 1627 2681; x_wconf 78' lang='lat' dir='ltr'><strong>cf.</strong></span> 
     </span>
    </p>
   </div>
   <div class='ocr_carea' id='block_1_8' title="bbox 277 2696 1205 2751">
    <p class='ocr_par' dir='ltr' id='par_1_9' title="bbox 277 2696 1205 2751">
     <span class='ocr_line' id='line_1_38' title="bbox 277 2696 1205 2751; baseline 0.004 -18"><span class='ocrx_word' id='word_1_310' title='bbox 277 2696 402 2738; x_wconf 71' lang='lat' dir='ltr'><strong>ditur,</strong></span> <span class='ocrx_word' id='word_1_311' title='bbox 444 2700 550 2749; x_wconf 88' lang='lat' dir='ltr'>quod</span> <span class='ocrx_word' id='word_1_312' title='bbox 588 2700 709 2750; x_wconf 68' lang='lat' dir='ltr'><strong>„foris</strong></span> <span class='ocrx_word' id='word_1_313' title='bbox 739 2703 924 2749; x_wconf 83' lang='lat' dir='ltr'>adjuncto</span> <span class='ocrx_word' id='word_1_314' title='bbox 983 2705 1017 2751; x_wconf 53' lang='grc' dir='ltr'><strong>ᾗ.</strong></span> <span class='ocrx_word' id='word_1_315' title='bbox 1055 2711 1116 2745; x_wconf 81' lang='lat'><strong>15.</strong></span> <span class='ocrx_word' id='word_1_316' title='bbox 1144 2702 1205 2737; x_wconf 79' lang='lat'><strong>16.</strong></span> 
     </span>
    </p>
   </div>
  </div>
 </body>
</html>
