1779 3062
182 776 229 812 27

254 186 352 231 500
575 171 651 216 Μ.
690 171 824 216 FAB.
861 171 1279 232 QUINTILIANI

252 299 424 354 bitur,
462 307 552 345 aut
571 296 946 362 improborum
964 294 1152 344 scelera
1177 296 1484 363 compescet,
1504 303 1684 351 autum·

251 376 313 424 in
355 374 675 440 pecuniariis
719 371 1115 437 quaestionibus
1164 376 1600 424 veritaticontra

253 451 571 501 calumniam
605 450 807 498 aderit?
886 451 1134 499 Summus
1164 451 1257 498 ille
1295 451 1514 516 quidem
1539 453 1599 500 in

251 528 338 577 his
369 544 587 592 quoque
632 526 884 591 operibus
930 524 1125 583 fuerit,
1189 526 1277 575 sed
1310 529 1600 588 majoribus

255 606 448 653 clarius
480 605 738 661 elucebit,
790 619 909 651 cum
932 602 1159 667 regenda
1183 601 1389 652 senatus
1430 602 1600 653 consi-

254 682 352 738 lia,
393 690 445 728 et
471 681 747 748 popularis
769 696 917 728 error
951 679 1016 726 ad
1050 680 1269 727 meliora
1306 678 1598 730 ducendus.

259 759 345 808 An
373 774 486 806 non
519 758 680 805 talem
713 756 982 821 quendam
1018 755 1232 804 videtur
1256 753 1463 804 finxisse
1482 758 1601 805 vir-

257 835 446 900 gilius,
485 850 648 898 quem
668 834 726 881 in
746 831 1004 880 seditione
1023 833 1202 897 vulgi,
1244 834 1348 892 jam
1386 831 1523 882 faces
1551 843 1602 882 et

257 910 373 960 [axa
396 911 692 973 Jaculantis,
731 908 1121 959 moderatorem
1144 906 1324 957 dedit?

342 1033 476 1083 Tum
498 1035 693 1098 pietate
714 1049 940 1100 gravem
973 1049 1034 1079 ac
1062 1033 1255 1079 meritis
1263 1026 1322 1102 sz
1337 1027 1494 1101 forte
1519 1034 1602 1081 vi·

936 1125 1049 1156 rum
1083 1126 1233 1168 quenz

339 1180 667 1256 Conspexere
688 1221 702 1241 ,
756 1180 943 1254 silent,
1009 1187 1326 1250 arrectisque
1389 1182 1602 1234 auribus

936 1256 1126 1329 astant.

258 1372 530 1422 Habemus
548 1371 714 1436 igitur
736 1381 854 1418 ante
882 1372 1059 1419 omnia
1074 1375 1246 1422 virum
1271 1369 1469 1432 bonum,
1486 1371 1605 1440 post

257 1449 388 1498 haec
417 1449 626 1510 adjiciet
646 1449 844 1495 dicendi
862 1451 1104 1512 peritum,

256 1624 357 1663 Jens.
391 1626 479 1668 (tac.
507 1622 635 1665 Gesn.)
665 1634 755 1658 cum
786 1623 872 1658 edd.
900 1623 995 1670 post.
1018 1632 1103 1658 ante
1121 1622 1207 1657 Ald.
1427 1622 1498 1672 sed
1527 1637 1601 1659 ma-

255 1680 409 1724 joribus.
473 1679 535 1714 Sic
555 1679 688 1714 Tui-ic.
708 1679 842 1714 Ambr.
867 1690 901 1714 2.
933 1678 1059 1714 Guelf.
1091 1680 1222 1728 Camp.
1258 1691 1347 1716 cum
1372 1680 1473 1719 Voff.
1500 1692 1533 1716 ι.
1560 1688 1598 1723 ’5.

259 1738 299 1772 i1z
323 1736 497 1771 inferunt
515 1733 674 1782 reliqui.
707 1749 749 1770 ac
768 1748 856 1782 pop.
883 1736 1016 1783 Camp-

346 1822 413 1856 27.
447 1813 523 1848 tale
545 1812 726 1860 quaedam
751 1813 884 1847 Turio.
916 1812 1001 1847 inde
1026 1812 1137 1861 sedit.
1156 1813 1289 1850 Turic.
1541 1813 1603 1848 de·

259 1870 329 1905 dic.
363 1868 481 1904 Goth.
510 1870 608 1906 Jens.
645 1881 733 1902 cum
759 1868 863 1905 Voff.
890 1879 926 1903 2.
962 1879 999 1903 et
1027 1869 1111 1905 edd.
1134 1870 1229 1919 post.
1259 1879 1343 1905 ante
1364 1868 1475 1905 Bam.
1506 1870 1602 1916 adji-

258 1928 371 1963 ciunt
397 1926 524 1960 animi.
588 1924 726 1971 Quod,
758 1925 940 1959 refictum
973 1924 1161 1961 duntaxat
1190 1925 1232 1960 in
1261 1928 1405 1967 animis,
1438 1925 1601 1961 neceffa-

258 1982 367 2017 lium
387 1981 595 2017 structurae
616 1981 766 2022 censeo,
800 1994 895 2028 quae
925 1982 967 2016 in
998 1980 1070 2016 illo
1093 1983 1196 2016 dedit
1226 1982 1347 2017 finem
1369 1994 1449 2018 non
1471 1980 1601 2017 habet.

537 2034 670 2086 astant.
729 2039 836 2076 Hoc,
869 2049 949 2072 non
972 2035 1078 2084 adst„
1110 2038 1198 2073 dare
1223 2039 1355 2074 Turio.
1385 2039 1516 2086 Camp.
1543 2037 1601 2073 di·

260 2094 352 2130 ferte
372 2105 549 2130 moneor.
808 2093 969 2138 adjiciet.
1009 2094 1075 2128 Sic
1101 2094 1231 2130 Turio.
1257 2092 1498 2143 (quanquam
1521 2094 1602 2129 adi·

254 2260 373 2302 bant3
404 2273 476 2296 nec
497 2271 574 2296 erat
594 2259 699 2307 quod
712 2261 899 2295 Burman·
957 2272 1145 2307 reponere
1176 2258 1324 2296 velim:
1387 2258 1506 2301 Hujus
1535 2256 1601 2293 hoe

255 2329 329 2353 nus
351 2331 444 2365 quae
482 2327 634 2365 optaret
659 2329 750 2364 prae
785 2317 895 2364 quod.
957 2326 1070 2364 quota
1097 2329 1186 2363 pars
1213 2319 1294 2358 erit,
1325 2315 1435 2366 quod.
1471 2315 1599 2361 Quan-

254 2371 363 2407 Illud
389 2372 637 2412 insolentius,
673 2371 779 2419 quod
817 2385 896 2406 non
956 2384 1070 2419 quam
1096 2372 1142 2407 cf.
1167 2386 1249 2408 var.
1276 2373 1362 2408 lect.

255 2429 437 2474 adjicitur
451 2429 660 2477 genitivus,
688 2427 798 2463 velut
817 2427 896 2461 Iau—
1011 2437 1074 2470 27.
1108 2428 1223 2465 dedit.
1254 2429 1347 2464 vide
1370 2437 1451 2464 not.
1482 2427 1569 2463 crit.

253 2485 312 2518 dis
334 2496 399 2520 aut
420 2484 578 2527 fimilis3
620 2497 708 2519 nam
736 2484 786 2518 sic
815 2483 893 2518 fere
1010 2484 1172 2528 adjiciet.
1191 2486 1393 2521 Promittit
1406 2484 1509 2532 quali
1522 2483 1599 2518 hoc

251 2540 429 2580 struitur,
470 2551 514 2576 ut
540 2541 641 2589 apud
665 2538 894 2579 Juvenalem
950 2539 1073 2574 noster
1114 2541 1325 2589 Virgilium
1364 2538 1595 2588 legentibus,

251 2597 307 2638 (3,
335 2596 435 2640 61.):
483 2607 596 2644 quota
622 2599 749 2645 portio
772 2595 893 2642 faecis
949 2596 1068 2631 modo
1109 2597 1303 2632 attendere
1341 2596 1466 2631 velint
1495 2593 1596 2642 apud

249 2651 417 2687 Achaeae
434 2653 460 2689 i.
475 2654 711 2688 Graecorum
732 2651 890 2700 quidem
946 2660 1101 2698 poetam
1118 2653 1307 2693 sequentia
1323 2666 1332 2691 ς
1364 2663 1401 2687 et
1414 2650 1595 2700 congruit

251 2706 468 2746 minimum.
497 2710 636 2758 Neque
651 2718 776 2745 tamen
796 2707 887 2744 ideo
944 2706 1047 2745 illud
1067 2708 1175 2758 quod
1187 2707 1390 2760 praecellit
1410 2708 1594 2758 praesent,
