1779 3062
215 204 311 238 202
526 193 605 239 M.
644 193 779 239 FAB.
818 195 1240 257 QU1NT1L1AN1

216 334 352 384 quae
373 316 657 378 emiserint,
699 321 844 371 ultro
870 323 1054 371 venire
1079 323 1138 371 in
1158 340 1350 373 manus
1374 317 1570 381 credas

145 414 193 439 22
216 405 267 442 et
297 412 400 459 qua
431 396 687 456 jubentur
721 396 1014 447 decurrere.
1088 399 1191 448 Sed
1223 399 1311 448 hic
1343 399 1470 450 usus
1495 401 1568 448 ita

215 470 482 537 proderit,
548 471 590 520 si
622 489 709 530 ea,
769 474 834 522 de
865 493 970 540 qua
1006 477 1175 524 locuti
1216 474 1425 534 sumus,
1488 492 1570 524 ars

215 546 555 606 antecesserit,
595 561 659 598 ut
683 549 856 615 ipsum
877 552 1032 608 illud,
1071 549 1221 616 quod
1254 552 1312 599 in
1335 551 1386 598 se
1411 553 1571 599 ratio-

215 641 343 673 nem
374 642 486 672 non
528 625 712 683 habet,
762 628 821 674 in
863 628 1067 675 ratione
1094 625 1346 676 versetur.
1426 622 1570 674 Nam

218 700 357 749 mihi
403 718 471 748 ne
515 701 691 750 dicere
731 703 951 767 quidem
1007 704 1249 761 videtur,
1329 701 1432 751 nisi
1474 702 1571 766 qui

220 775 496 842 disposite,
550 789 758 836 ornate,
812 779 1021 845 copiose
1052 780 1211 837 dicit,
1249 778 1340 827 sed
1370 778 1574 827 tumul·

147 875 196 910 15
219 855 374 903 tuari.
461 871 560 903 nec
641 854 856 904 fortuiti
932 854 1188 906 sermonis
1262 864 1572 904 contextum

216 988 321 1026 Vols.
350 1001 384 1025 1.
408 996 444 1024 2.
477 989 554 1031 (An
580 987 658 1034 52³)
689 991 803 1024 Bern.
1006 987 1202 1037 emiserint.
1235 987 1362 1024 Guelf.
1397 985 1574 1035 miserint.

299 1044 483 1090 jubentur.
517 1046 650 1081 Turio.
678 1048 865 1091 juventur.
898 1045 1001 1083 Alm.
1029 1048 1212 1091 juventus.
1255 1044 1301 1080 cf.
1336 1049 1368 1092 ᾖ.
1396 1057 1457 1079 ιο.

308 1113 370 1137 12.
403 1101 440 1151 si
464 1116 519 1143 ea,
544 1103 589 1136 de
611 1116 683 1149 qua
707 1102 831 1139 locuti.
874 1103 1007 1138 Turic.
1048 1103 1125 1137 alia
1148 1100 1186 1150 si
1215 1115 1296 1137 eum
1324 1110 1405 1137 tota
1434 1100 1517 1135 loca
1546 1099 1573 1136 l.

214 1173 234 1194 a
254 1159 322 1194 sec.
342 1172 394 1194 m.
437 1156 541 1193 nihil
575 1159 780 1206 reponitur
811 1159 885 1193 nisi
914 1160 964 1194 ad
996 1160 1086 1197 alia.
1120 1158 1223 1194 Flor.
1254 1156 1383 1206 aliasi
1415 1171 1458 1192 ea
1489 1165 1576 1192 tota

213 1216 299 1251 loca
321 1216 464 1250 locutIs.
494 1228 514 1248 a
533 1215 602 1249 sec.
627 1228 678 1250 m.
713 1213 752 1263 si
777 1229 821 1249 ea
842 1224 927 1255 cota
954 1216 998 1249 de
1020 1229 1090 1262 qua
1110 1215 1134 1248 l.
1169 1215 1288 1249 Goth.
1330 1213 1576 1258 (tadGes11.)

205 1271 241 1321 s.
265 1272 310 1306 cle
332 1286 375 1306 ea
397 1285 431 1318 q.
455 1271 480 1306 l.
718 1271 813 1304 illud
832 1291 885 1298 —
906 1273 944 1305 in
964 1274 1118 1308 ratione.
1150 1271 1282 1305 Turic-
1325 1271 1348 1305 ἰ.
1370 1283 1444 1305 ηοη
1465 1267 1576 1303 habet

213 1330 254 1364 in
287 1329 468 1363 oratione.
505 1325 610 1362 Flor.
654 1327 746 1362 item
780 1341 799 1361 a
821 1340 879 1376 pr.
900 1340 951 1362 m.
984 1328 1057 1362 nisi
1089 1327 1197 1375 quod
1234 1328 1390 1362 ratione.
1440 1325 1576 1372 Camp.

215 1384 367 1419 omittit
394 1385 430 1417 in
443 1381 498 1431 se.

704 1383 806 1418 Nam
825 1383 914 1418 mihi
939 1398 984 1418 ne
1007 1385 1043 1418 d.
1076 1382 1330 1418 Turic-Flor.
1362 1385 1400 1427 (a
1419 1395 1478 1432 pr.
1498 1378 1576 1428 m.)

211 1455 250 1477 2².
274 1455 320 1476 m.
345 1441 381 1476 cl.
412 1452 499 1474 cum
521 1439 624 1474 Alm.
656 1440 728 1474 Sed
753 1440 885 1475 Turic.
917 1455 936 1475 a
957 1441 1023 1475 [ec.
1048 1453 1170 1477 manu
1202 1452 1276 1474 non
1297 1454 1343 1475 m.
1364 1439 1401 1475 d.

293 1496 364 1546 secl
397 1497 625 1532 tumultuari.
655 1496 718 1530 Sic
741 1496 875 1532 Turio.
906 1497 1033 1533 Guelf.
1076 1495 1148 1532 Ille
1172 1510 1191 1531 a
1213 1496 1281 1532 sec.
1303 1509 1355 1532 m.
1381 1494 1416 1545 J.
1445 1494 1578 1534 tumul!

214 1556 322 1590 cauti.
364 1551 467 1590 Flor.
510 1552 614 1588 Alm.
656 1553 762 1590 Voss.
792 1566 826 1587 1.
868 1554 966 1592 Jens.
1001 1554 1117 1588 Tarv.
1157 1551 1190 1601 s.
1217 1553 1459 1589 tumultuarii.
1502 1551 1578 1588 Sed

216 1610 336 1647 Goth.
390 1610 482 1656 (tac.
517 1609 647 1655 Gesn.)
700 1610 833 1658 Camp.

214 1712 282 1761 νεὶ
304 1725 486 1761 peratum
521 1711 667 1748 lusores
700 1711 868 1762 appella-

212 1783 316 1810 mus,
328 1769 472 1804 Lexica
487 1769 629 1804 docent
650 1780 688 1805 et
707 1770 868 1818 quidem

214 1840 263 1862 ex
295 1825 372 1862 hoe
405 1826 526 1860 modo
557 1824 658 1866 loco,
693 1826 870 1874 itemque

212 1883 331 1919 unius
377 1881 644 1930 inscriptionis
700 1883 869 1917 auctori-

212 1950 289 1976 tate
312 1939 417 1987 apud
439 1939 676 1974 fabrettum.
732 1938 868 1974 Plures

213 1997 319 2031 enim
366 2009 415 2030 ne
456 1994 561 2044 apud
604 1994 869 2030 Forcellinum

215 2052 378 2101 quidem
413 2051 521 2087 testes
554 2051 730 2092 invenio,
762 2051 870 2086 sedu-

214 2108 301 2145 lum
335 2107 486 2156 alioqui
509 2107 687 2156 lapidum
723 2107 870 2143 littera-

216 2176 352 2202 torum
403 2163 706 2213 exploratorem.
785 2166 870 2200 Hos

213 2221 328 2271 plane
364 2233 555 2269 nusquam
585 2231 781 2269 praeterea
813 2235 871 2256 re-

214 2278 390 2328 perimus
424 2277 496 2311 hac
530 2277 689 2325 quidem
710 2277 871 2325 potesta-

214 2345 276 2375 te,
328 2334 400 2370 nisi
438 2333 539 2368 forte
580 2333 659 2368 huc
689 2335 870 2381 pertinet,

215 2404 336 2439 quem
386 2390 575 2426 Gesnerus
628 2390 770 2425 excitat
827 2391 872 2425 in

215 2447 439 2488 Thesauro,
487 2446 693 2482 Prudentii
739 2447 872 2483 versus

215 2502 428 2551 Peristeph.
471 2507 533 2545 14,
567 2509 633 2547 78.
663 2502 757 2544 „Tu
787 2516 873 2539 ven-

215 2560 377 2599 „tilator
396 2558 547 2600 urbis“,
576 2559 647 2595 ubi
668 2559 874 2594 commode

218 2616 398 2663 agnoscas
424 2615 768 2664 praestigiatorem,
799 2616 873 2650 im-

218 2682 431 2719 ponentem
510 2671 635 2720 vulgo
655 2684 665 2712 ;
758 2671 874 2721 possis

219 2737 350 2763 tamen
396 2737 434 2763 et
480 2740 595 2769 eum,
627 2727 697 2778 qui
740 2727 875 2778 ignem

896 1623 961 1646 nec
993 1609 1226 1646 tumultuarii
1278 1621 1368 1644 cum
1399 1609 1505 1647 Voff.
1538 1618 1577 1644 2.

926 1711 1104 1761 ventilet.
1145 1711 1308 1747 Accedit
1327 1710 1507 1760 proxime
1530 1710 1580 1746 ad.

926 1769 1039 1805 Fabii
1079 1768 1322 1804 notationem
1363 1767 1498 1804 suidas
1535 1767 1580 1804 in

927 1839 1025 1861 voce
1058 1823 1301 1872 ψηφολόγοι,
1347 1824 1416 1871 qui
1449 1820 1480 1858 οἵ
1507 1829 1581 1866 ψη-

928 1881 1089 1929 φολὸγοι
1132 1879 1207 1923 ait}
1234 1882 1316 1921 τοὺς
1361 1880 1581 1926 ὀφθαλμοὺς

926 1938 977 1984 τῷ
1009 1937 1117 1985 τάχει
1157 1941 1219 1981 τῆς
1249 1935 1579 1982 μεταθέσεως,τῶν

927 1994 1063 2039 ψήφων
1096 1994 1304 2035 ἀπατῶντες
1342 1990 1583 2041 συναρπάζου-

930 2066 999 2088 σιν.
1060 2051 1304 2097 Hujusmodi
1381 2050 1580 2085 artificum

928 2109 1170 2144 mentionem
1201 2107 1303 2155 apud
1326 2117 1475 2142 veteres
1496 2119 1583 2156 per·

927 2165 1110 2214 sequitur,
1135 2176 1251 2211 quem
1270 2163 1418 2198 indicat
1432 2164 1582 2205 Burm„

931 2219 1177 2258 casaubonus
1199 2219 1245 2256 ad
1266 2218 1405 2254 Athen.
1435 2232 1451 2254 1
1467 2245 1478 2259 ,
1518 2218 1580 2256 16.

928 2291 967 2327 p.
997 2288 1059 2324 19.
1092 2277 1136 2311 B.
1179 2287 1216 2312 et
1253 2276 1376 2324 magis
1419 2275 1582 2323 quidem

929 2331 1196 2384 perfunctorie
1265 2332 1311 2368 ad
1377 2330 1580 2381 Theophr-

929 2388 1008 2437 περὶ
1045 2386 1214 2430 ἀπονοίας
1251 2402 1289 2437 p.
1321 2387 1482 2435 (Fisch.)
1514 2395 1582 2433 85.

934 2447 1036 2483 Cave
1070 2445 1116 2479 ad
1146 2445 1324 2480 miracula
1356 2444 1498 2481 referas
1517 2458 1580 2493 ge-

931 2502 1105 2539 nitivum
1134 2501 1356 2551 pilariorum
1385 2512 1478 2542 cet„
1511 2502 1581 2549 qui

931 2558 1075 2609 pendet
1102 2571 1120 2592 a
1147 2557 1289 2608 scenis‚·
1318 2557 1415 2593 sicut
1446 2568 1484 2593 et
1512 2556 1580 2592 Al-

933 2614 1102 2662 ciphron
1133 2623 1179 2658 3,
1214 2622 1279 2650 20.
1319 2614 1372 2649 ait
1402 2614 1436 2649 se
1465 2611 1512 2655 εἷς
1538 2611 1582 2648 τὸ

931 2669 1083 2718 θέατρον
1108 2670 1331 2710 adductum,
1352 2683 1440 2704 cum
1457 2669 1582 2706 venis-

932 2727 986 2762 set
1007 2727 1054 2761 ad
1076 2726 1418 2777 praestigiatorem.
