1820 3062
412 157 576 204 INST.
623 157 903 204 ORATOR.
949 159 1072 205 LIB.
1118 160 1189 217 X,
1227 172 1270 207 1.
1475 174 1541 222 29

183 287 381 339 oratori
402 295 568 354 putat,
589 301 893 351 quanquam
915 286 1069 338 illum
1091 286 1321 339 bellicum
1344 306 1542 350 canere,

90 375 170 415 887
183 365 346 427 hujus
371 382 460 414 ore
481 359 670 435 Mzgsas
697 358 801 435 effe
823 363 1022 414 locutas
1044 367 1313 416 existimet.
1393 369 1542 417 Licet

181 454 357 491 tamen
390 442 546 491 nobis
567 443 626 490 in
649 439 1050 505 digreffionibus
1075 446 1155 492 uti
1176 445 1263 493 vel
1286 443 1539 498 historico

179 536 576 584 nonnunquam
607 518 814 574 nitore,
856 517 1001 568 dum'-
1023 519 1211 578 iuliis,
1253 521 1319 569 de
1341 522 1539 587 quibus

182 598 283 645 erit
317 594 580 661 quaestio,
625 595 1029 644 meminerimus
1070 613 1181 644 non
1218 598 1538 648 athletarum

180 675 337 731 toris,
378 671 464 720 led
487 672 725 721 militum
745 671 951 721 lacertis
973 690 1110 739 opus
1131 671 1256 722 effe:
1298 692 1396 723 nec
1419 693 1543 724 ver-

181 750 456 800 ficolorem
511 749 658 796 illam
675 785 689 806 ‚
742 766 847 813 qua
900 750 1210 800 Demetrius
1252 751 1539 802 Phalereus

181 827 456 876 dicebatur
489 827 597 884 uti,
637 824 836 874 vestem
872 827 1009 875 bene
1032 827 1099 875 ad
1120 825 1388 877 forensem
1415 830 1539 894 pul-

178 921 363 953 verem
397 901 580 951 facere.
672 901 759 950 Est
789 914 839 951 et
869 904 1001 954 alius
1030 921 1095 952 ex
1123 903 1358 954 historiis
1396 904 1536 964 usus,

179 991 231 1029 et
253 982 297 1030 is
317 980 537 1045 quidem
557 980 834 1039 maximus,
872 979 963 1029 sed
987 999 1100 1031 non
1127 982 1191 1030 ad
1212 980 1543 1047 praesentem

177 1059 448 1124 pertinens
480 1058 689 1115 locum,
729 1075 792 1122 ex
827 1059 1133 1123 cognitione
1159 1076 1341 1108 rerum
1365 1076 1540 1108 exem-

176 1136 528 1201 plorumque,
582 1125 782 1199 quibu&
823 1136 1088 1201 imprimis
1124 1135 1409 1186 instructus
1440 1135 1541 1186 effe

179 1212 336 1261 debet
377 1223 579 1270 orator,
611 1228 679 1260 ne
716 1215 898 1262 omnia
926 1211 1225 1264 testimonia
1250 1225 1486 1280 expectet
1509 1231 1539 1263 a

264 1365 584 1402 illum-carzere,
645 1365 779 1399 Turio.
810 1366 1102 1407 1'.—canerem,
1137 1379 1158 1400 a
1187 1367 1255 1403 sec.
1284 1379 1338 1402 m.
1370 1369 1535 1404 1'.—ca·

175 1436 324 1462 norem,
363 1432 400 1457 et
429 1422 477 1456 fic
509 1422 635 1458 Guelf.
667 1422 784 1456 Goth.
813 1421 914 1466 (err.
948 1423 1092 1465 Gesn.)
1133 1422 1266 1473 Camp.
1329 1424 1402 1460 Sed
1435 1426 1537 1463 Jens.

177 1481 542 1515 illius—canorem
584 1491 672 1514 cum
707 1478 791 1512 edd.
823 1489 911 1513 ante
946 1478 1098 1526 Gryph.
1333 1481 1399 1516 his.
1471 1482 1536 1517 Sic

176 1537 310 1572 Turic.
343 1533 471 1570 Guelf.
495 1535 627 1584 Camp.
659 1533 820 1581 Reliqui
855 1536 920 1574 iis,
953 1535 1001 1570 cf.
1023 1538 1056 1581 §.
1082 1542 1146 1578 25.
1374 1539 1538 1571 toris—-

175 1594 333 1628 lacertis.
394 1590 458 1625 Sic
487 1589 591 1628 Flor.
629 1590 790 1639 Reliqui
823 1591 1167 1626 coros—lacertos.
1227 1592 1338 1633 Nos,
1381 1593 1535 1630 indicio

174 1648 396 1684 Florentini
426 1647 498 1686 uri,
532 1660 645 1696 opus,
678 1647 788 1696 quod
822 1660 957 1682 omnes
987 1647 1199 1689 omittunt,
1231 1648 1278 1684 de
1313 1650 1536 1696 conjectura

174 1705 412 1741 addidimus.
650 1718 714 1739 nec
739 1717 802 1739 ver
819 1718 862 1740 ιο.
923 1704 1056 1740 Turio.
1082 1704 1187 1740 Flor.
1210 1705 1338 1743 Guelf.
1369 1720 1414 1744 ne
1431 1721 1465 1743 v.
1498 1718 1536 1744 et

171 1774 269 1798 mox
288 1761 415 1798 Guelf.
450 1760 634 1800 Valerius,

215 1860 219 1869 ,
260 1835 324 1874 54.
355 1844 401 1864 ne
421 1831 557 1864 omnia.
591 1829 723 1864 Turic-
751 1829 854 1865 Flor.
877 1829 1007 1866 Guelf.
1031 1831 1164 1880 Camp.
1189 1830 1306 1868 Goth.
1323 1830 1422 1869 Jens.
1444 1834 1534 1876 (tac.

174 1886 310 1932 Gesn.)
340 1900 404 1921 nec
428 1899 462 1921 o.
496 1898 586 1920 cum
607 1886 714 1922 Voff.
741 1897 774 1921 2.
808 1898 845 1922 et
865 1886 950 1922 edd.
984 1897 1070 1923 ante
1098 1888 1186 1923 Bad.
1210 1901 1284 1923 ace.
1308 1887 1416 1924 Bafil.

265 1951 441 1992 expectet.
518 1942 580 1977 Sic
617 1941 721 1977 Flor.
759 1943 892 1991 Camp.
932 1956 1019 1978 cum
1050 1945 1169 1980 Goth.
1200 1944 1305 1982 Voff.
1336 1954 1372 1979 2.
1419 1944 1532 1982 Bafil.

176 2000 274 2046 Obr.
308 2010 346 2034 et
375 1998 529 2046 aliquot
559 1998 644 2034 edd.
667 2011 725 2047 ap.
748 2001 883 2035 Burm.
931 2010 1103 2048 expectat
1135 2002 1267 2036 Turic-
1289 1999 1417 2036 Guelf.
1442 2014 1533 2037 cum

173 2056 276 2093 Alm.
298 2055 374 2103 (cf.
397 2065 462 2100 27.
493 2055 537 2091 it.
562 2057 667 2100 45.).
727 2056 816 2091 Hoc
840 2066 919 2091 erat
938 2056 984 2092 ab
1006 2055 1079 2093 illo
1102 2071 1166 2093 nec
1186 2070 1259 2107 pro
1281 2071 1337 2093 ne.
1397 2058 1532 2096 Locat.

232 2195 270 2228 ίη
300 2193 368 2235 his,
402 2193 448 2228 de
470 2191 602 2242 quibus
624 2194 694 2228 erit
714 2205 823 2241 quae·
878 2191 978 2233 „illa
1011 2192 1058 2228 de
1076 2193 1282 2229 Demetrio
1302 2192 1531 2242 metaphora

162 2247 255 2299 fiio.
317 2250 585 2299 opponuntur
623 2248 821 2297 digressio-
879 2250 996 2289 „usus
1026 2251 1091 2292 fit,
1143 2249 1319 2284 nondum
1354 2250 1531 2286 invenie-

171 2307 289 2342 nibus
314 2318 351 2342 et
369 2307 453 2341 sunt
473 2320 546 2355 qua
566 2305 611 2341 de
626 2320 664 2341 re
676 2307 821 2353 agitur:
878 2304 1035 2346 „bam.‘⁸
1067 2308 1223 2342 Gesner.
1256 2304 1348 2345 Vid.
1369 2307 1531 2342 interim

173 2363 222 2401 cf.
243 2372 282 2406 5,
311 2377 373 2404 ιι,
401 2370 462 2407 ¹8·
618 2366 621 2369 ”
880 2368 903 2406 8
929 2365 1018 2398 Pro.
1040 2373 1105 2399 20.

229 2419 552 2455 toris-*lacertis-
583 2419 701 2461 ‚,Vid.
723 2432 820 2468 quae
936 2420 1248 2470 acl—pulverem
1258 2418 1400 2467 facere.
1429 2420 1530 2469 εἰκῇ,

171 2474 248 2515 „de
299 2475 527 2523 gladiatoria
575 2475 645 2510 illa
691 2476 820 2523 sagina
876 2484 922 2516 2,
948 2483 1010 2520 55.
1039 2487 1120 2512 not.

170 2531 301 2580 „Lips.
326 2534 475 2567 saturn.
501 2534 622 2569 Serm.
656 2547 671 2567 1
689 2559 700 2573 ‚
729 2537 819 2575 14.“
933 2539 998 2576 54.
1031 2547 1076 2568 ex
1100 2534 1315 2581 cognitione
1331 2551 1387 2559 —
1405 2546 1527 2569 exem·

171 2587 330 2623 Gesner.
373 2587 432 2623 Cf.
460 2601 534 2630 10,
557 2595 603 2633 5,
631 2598 694 2633 ²7.
725 2588 770 2623 it.
793 2594 816 2632 8
873 2588 1034 2638 plorum.
1078 2590 1126 2625 cf.
1156 2589 1225 2624 lib.
1251 2596 1286 2632 5.
1327 2601 1361 2624 c.
1391 2603 1456 2626 ιι.
1489 2601 1526 2626 et

170 2645 258 2679 Pro.
294 2652 354 2689 ¹8·
876 2645 1036 2693 quidem
1085 2657 1248 2694 propter
1291 2645 1412 2682 verba
1458 2646 1527 2682 hoc

224 2714 287 2737 ver
304 2698 818 2750 zcolorem—veftem.„Quis
872 2703 1087 2749 potentiora
1110 2713 1181 2739 cet.
1212 2707 1246 2752 ᾗ.
1271 2709 1339 2746 57.
