1779 3062
345 157 509 204 INST.
553 157 831 207 ORATOR.
875 159 997 205 LIB.
1037 159 1109 215 X,
1151 171 1193 204 1.
1398 172 1465 218 99

115 283 350 334 hominis
390 300 621 341 nomen,
684 282 774 331 secl
817 285 1150 349 eloquentiae
1187 284 1460 335 habeatur.

25 365 278 424 917Hunc
299 362 466 426 igitur
483 359 800 425 spectemus:
835 361 938 410 hoc
957 363 1287 426 propositum
1306 363 1463 413 nobis

114 435 173 486 fit
210 439 538 503 exemplum:
618 438 709 486 ille
752 437 804 485 fe
836 437 1109 503 profecisse
1150 439 1297 497 sciat,
1373 441 1460 489 cui

114 515 302 564 Cicero
346 515 499 564 valde
523 514 762 580 placebit.
843 516 1019 563 Multa
1044 516 1101 562 in
1122 513 1306 586 Afinio
1332 517 1454 566 Pol-
1470 535 1547 570 115

114 591 245 640 lione
265 593 524 650 inventio,
554 589 754 639 summa
775 590 1064 657 diligentia,
1106 592 1236 640 adeo
1261 605 1322 640 ut
1343 595 1463 658 qui-

113 668 335 717 busdam
370 670 527 717 etiam
561 668 727 717 nimia
759 668 1030 717 videatur:
1090 679 1141 716 et
1175 668 1377 717 consilii
1409 680 1462 718 et

110 746 275 792 animi
308 744 450 795 satis:
485 762 512 792 a
542 747 714 793 nitore
747 756 798 792 et
828 745 1161 806 jucunditate
1184 747 1459 796 Ciceronis

107 822 178 868 ita
211 823 369 886 longe
400 820 564 879 abest,
605 833 668 870 ut
696 821 870 870 videri
911 823 1056 887 possit
1087 820 1266 870 seculo
1296 824 1458 887 prior.

106 900 175 946 At
211 894 442 972 llffeffala
476 899 679 947 nitidus
711 910 761 946 et
797 899 1070 956 candidus,
1111 910 1163 947 et
1197 899 1462 962 quodam-

111 974 273 1024 modo
343 974 641 1040 praeferens
705 977 764 1024 in
826 976 1054 1024 dicendo
1125 976 1460 1024 nobilitatem

109 1049 281 1110 suanm
321 1053 528 1101 viribus
548 1055 739 1105 minor.
823 1054 877 1102 C.
896 1071 1027 1102 vero
1056 1048 1254 1122 Caesar
1275 1051 1308 1100 fi
1328 1052 1449 1102 foro
1467 1061 1546 1100 ²²4

109 1137 314 1177 tantum
354 1127 598 1188 vacasset,
635 1147 747 1178 non
783 1130 916 1180 alius
957 1148 1019 1178 ex
1050 1128 1240 1179 nostris
1280 1141 1460 1179 contra

109 1205 424 1254 Ciceronem
452 1208 831 1255 nominaretur.
894 1218 1036 1255 tanta
1068 1209 1124 1255 in
1157 1223 1221 1255 eo
1253 1208 1333 1255 vis
1370 1205 1459 1265 est,

108 1280 167 1329 id
213 1299 462 1340 acumen,
504 1300 563 1330 ea
610 1284 918 1341 concitatio,
959 1295 1020 1332 ut
1064 1284 1218 1331 illum
1267 1282 1458 1332 eodem

112 1361 290 1408 animo
320 1357 516 1417 dixiffe,
537 1377 646 1425 quo
673 1359 904 1417 bellavit,
932 1370 1184 1425 appareat.
1226 1362 1458 1408 Exornat

99 1467 244 1517 secutus
281 1469 370 1514 (ubi
398 1480 498 1504 recte
529 1468 687 1503 videtur
722 1470 928 1505 admonere
953 1470 1109 1505 Uhicus
1142 1471 1188 1506 V.
1213 1470 1254 1504 C.
1289 1469 1458 1517 primam

105 1538 264 1559 manum
295 1524 545 1564 intellectam,
586 1527 687 1572 quali
726 1526 813 1562 effet
846 1527 940 1560 idem
969 1525 1125 1574 secutus,
1167 1525 1401 1573 compendio
1434 1524 1464 1560 c*

106 1592 261 1628 accepto
290 1594 362 1628 pro
396 1584 481 1622 ern).
513 1582 643 1629 Camp.
666 1582 764 1618 Jens.
799 1582 862 1625 (de
887 1581 1004 1617 Goth.
1040 1596 1110 1617 err.
1136 1581 1262 1624 Gesn.)
1295 1582 1335 1615 id
1357 1578 1406 1628 efi
1427 1595 1455 1617 c.

105 1649 194 1671 cum
217 1637 300 1672 edd.
330 1648 414 1672 ante
436 1637 527 1671 Bad.
761 1651 857 1672 nom.
882 1637 954 1686 sed
984 1638 1034 1673 el„
1058 1639 1144 1673 Hoc
1171 1637 1308 1672 ordine
1321 1638 1454 1673 Turic-

103 1691 207 1729 Flor.
231 1693 358 1729 Guelf.
385 1694 502 1729 Goth.
527 1707 738 1744 omnesque
764 1696 858 1729 Mss.
883 1705 919 1730 et
941 1694 1037 1730 editi
1058 1706 1143 1730 ante
1163 1692 1271 1729 Bafil.
1296 1692 1457 1742 Reliqui

100 1761 253 1798 praeter
275 1750 381 1785 Gelu.
406 1750 492 1798 Bip.
518 1749 551 1798 s.
576 1765 605 1785 e.
630 1766 664 1787 n.

194 1815 282 1849 115.
317 1808 489 1841 inventio.
520 1807 653 1843 Turio.
683 1806 786 1843 Flor.
816 1809 953 1843 ventio.
985 1805 1062 1840 Hic
1086 1818 1105 1839 a
1128 1805 1195 1841 sec.
1219 1818 1271 1841 m.
1295 1807 1454 1846 invenio,

103 1873 141 1898 et
171 1863 218 1897 fic
258 1861 384 1896 Guelf.
420 1876 507 1897 cum
536 1863 653 1898 Goth.
687 1865 801 1899 Bern.
838 1865 935 1901 Jens.
969 1864 1084 1897 Tarv.
1306 1860 1450 1910 seculo.

101 1919 201 1957 Jens.
223 1916 387 1965 secundo
423 1931 511 1953 cum
544 1919 626 1955 edd.
661 1921 819 1968 posterr.
854 1931 938 1954 aute
969 1917 1058 1953 Ald.
1089 1929 1168 1952 non
1193 1916 1326 1965 Camp.
1361 1919 1454 1954 Cor-

101 1974 237 2009 rex'iss‘e
261 1986 306 2008 ex
328 1974 488 2022 ingenio
515 1976 680 2023 Regium
702 1976 845 2011 fatetur
866 1976 1022 2010 Badius.
1227 1972 1453 2020 praeferens.

100 2030 193 2065 vide
216 2030 262 2064 ad
291 2030 336 2070 6,
371 2042 416 2071 2,
454 2037 516 2074 14.
562 2032 748 2067 accedunt
777 2031 879 2067 flor.
915 2030 1033 2067 Goth.
1064 2030 1154 2077 (tac.
1188 2030 1316 2073 Gesn.)
1351 2029 1452 2065 Alm.

100 2086 203 2123 Voss.
239 2099 272 2122 1.
307 2095 343 2121 2.
377 2096 413 2129 5.
477 2087 638 2135 Reliqui
666 2103 756 2136 prae
782 2087 827 2136 se
850 2087 988 2134 ferens.
1212 2088 1251 2122 in
1279 2086 1450 2121 dicendo.

100 2142 233 2178 Turic-
260 2143 479 2184 incidendo,
511 2157 530 2178 a
553 2144 619 2180 sec.
644 2158 695 2180 m.
721 2145 934 2180 incedendo.

187 2205 276 2242 114.
313 2202 351 2235 C.
374 2214 471 2236 vero.
507 2200 636 2249 Camp.
674 2201 720 2237 G.
745 2214 842 2237 vero.
871 2200 921 2248 cf„
947 2213 981 2240 1,
1017 2209 1053 2243 7,
1088 2205 1152 2244 28.
1184 2204 1222 2245 4,
1256 2207 1293 2241 5,
1330 2207 1391 2242 15.

182 2256 286 2291 alim.
299 2256 430 2291 Turio.
445 2256 548 2293 Flor.
564 2259 601 2302 (a
619 2271 674 2306 pr.
688 2271 738 2292 m.
754 2258 934 2305 uterque)
958 2256 1072 2291 aliud.
1217 2268 1377 2295 acumen,
1393 2268 1449 2290 ea.

107 2310 240 2347 Turic.
271 2310 375 2347 Flor.
405 2312 490 2357 (hie
511 2313 627 2348 etiam
650 2327 745 2353 aen,·
784 2328 804 2349 a
823 2327 882 2363 pr.
903 2326 956 2349 m.
979 2313 1160 2360 uterque)
1191 2322 1311 2347 actum
1333 2325 1377 2346 en
1395 2325 1451 2348 ea.

97 2415 240 2449 „regno
284 2401 468 2451 forenfi.“
546 2404 745 2439 Gesnerus.
803 2403 945 2444 „detur
982 2402 1083 2436 mihi
1118 2402 1219 2436 inter
1247 2401 1451 2438 Bleuenios

97 2458 158 2492 Ad
181 2458 353 2506 priorem
386 2457 517 2494 locum
538 2471 638 2495 recte
662 2462 744 2494 Ma·
802 2470 868 2500 „et
890 2459 1036 2507 Appios
1060 2458 1280 2493 studuiss'e.“

98 2514 234 2549 nutius
294 2513 458 2549 alterum
516 2517 747 2551 demonstrat
860 2513 1038 2563 Meſjlzla.
1072 2514 1118 2548 cf.
1147 2528 1177 2552 ι,
1204 2521 1238 2556 5,
1268 2521 1330 2558 15.
1362 2513 1447 2551 add.

98 2582 171 2619 pro
193 2569 298 2605 Sulla
321 2580 358 2613 7.
803 2572 907 2610 Vols.
931 2572 976 2605 de
999 2570 1095 2604 Hist.
1121 2570 1203 2603 Lat.
1228 2572 1266 2609 1,
1296 2584 1334 2619 p.
1356 2577 1422 2615 88.

161 2636 248 2669 1²3-
271 2626 396 2675 seculo
420 2630 534 2676 prior.
568 2629 614 2664 cf.
638 2627 744 2663 Dial.
866 2641 881 2661 1
898 2633 956 2670 14,
1006 2627 1134 2659 eodem
1166 2628 1289 2662 animo
1311 2647 1363 2654 —-
1382 2640 1448 2674 ap·

98 2682 145 2724 de
170 2696 244 2720 orr.
271 2695 336 2719 21.
396 2685 574 2726 „Annius
601 2704 656 2714 —
685 2685 745 2733 vl-
801 2690 946 2733 pareat.
1015 2683 1225 2730 comparat
1263 2685 1448 2719 Burman-

899 2740 934 2774 G
965 2747 988 2772 2
