1820 3062
255 200 317 246 13
565 187 641 234 Μ.
687 186 822 232 FAB.
874 185 1295 249 QUINTILIANI

251 314 400 383 parte
430 314 653 364 actionis
687 311 843 371 dicit,
883 328 1018 377 quae
1039 310 1162 361 sunt
1180 313 1238 360 in
1258 310 1462 361 summa
1481 330 1609 383 pro·

253 393 449 443 futura.
509 389 807 456 Itaque-suo
830 392 952 440 loco
973 392 1153 439 minus
1174 390 1397 455 placent,
1432 390 1607 439 adhuc

254 471 446 532 nobis,
485 485 649 534 quare
680 467 817 516 dicta
852 466 978 525 sint,
1016 467 1416 532 ignorantibus:
1457 467 1609 519 ideo-,-

181 563 233 591 22
257 564 362 613 que
392 557 551 596 erunt
571 547 796 610 cognitis
820 545 1071 595 omnibus
1098 542 1399 609 repetenda.
1464 543 1610 592 Illud.

255 641 384 674 vero
420 622 777 684 utilissimum,
825 619 967 671 noffe
1004 638 1088 669 eas
1127 619 1326 678 causas,
1380 636 1611 685 quarum

255 700 520 752 orationes
560 702 619 748 in
655 717 850 751 ,manus
881 697 1245 746 sumserimus:
1309 706 1360 744 et
1394 690 1606 761 quoties
1620 704 1701 745 885

255 779 556 844 continget,
604 778 859 842 utrinque
898 776 1103 824 habitas
1141 776 1315 839 legere
1353 775 1610 823 actiones:

252 867 316 906 ut
348 836 721 905 Demoffhenis
759 864 914 917 atque
951 850 1219 900 Aeschinis
1253 852 1393 900 inter
1413 849 1465 899 se
1486 867 1615 900 con·

252 934 463 997 trarias:
527 943 578 981 et
631 932 804 981 Servii
856 930 1081 995 Sulpicii
1144 939 1301 994 atque
1351 926 1612 986 Nleffalae,

254 1077 441 1129 infidiatis
472 1087 619 1113 oratore
646 1085 757 1126 atque
792 1088 879 1110 cum
910 1073 1013 1110 Alm.
1048 1086 1095 1109 ex
1116 1086 1195 1121 quo
1218 1073 1297 1108 duo
1319 1074 1510 1121 postrema
1530 1084 1613 1107 non

253 1146 543 1170 memorantur:
577 1148 597 1168 a
627 1134 696 1168 fec⁴
732 1146 783 1167 m.
824 1142 1057 1179 uterque—
1090 1128 1241 1180 infidias
1266 1129 1398 1174 (Flos.
1435 1127 1613 1180 insidiae)

254 1200 383 1227 orator
416 1201 538 1240 atque.
569 1188 606 1225 et
633 1192 680 1224 fic
713 1187 840 1224 Guelf.
867 1188 986 1222 Goth.
1012 1200 1101 1222 cum
1123 1187 1229 1223 Voff.
1260 1195 1296 1221 2.
1327 1187 1442 1222 Bodl.
1466 1196 1502 1220 et
1525 1184 1613 1221 edd.

255 1259 341 1283 ante
371 1247 479 1282 Bafil.
556 1246 630 1280 Sed
661 1247 794 1292 Camp.
841 1244 879 1277 di
910 1243 1043 1278 zmulat
1072 1245 1109 1276 in
1145 1241 1295 1292 infidias
1334 1252 1463 1279 orator
1491 1250 1615 1289 atque.

253 1303 442 1340 Nostrum
473 1315 521 1338 ex
541 1302 784 1336 correctione
803 1299 1020 1339 veriffima,
1047 1297 1172 1346 qualis
1193 1302 1226 1345 ᾖ.
1266 1305 1330 1341 15.
1388 1302 1526 1346 Longe
1549 1296 1614 1341 def

254 1359 376 1395 terius
406 1359 502 1394 Obr.
533 1356 734 1407 diffimulot
763 1358 909 1390 interim
943 1354 1094 1405 infidias
1115 1368 1148 1390 o.
1173 1368 1227 1394 e.,
1256 1355 1500 1403 minimeque
1522 1365 1614 1402 pro·

254 1415 379 1451 banda
399 1417 532 1451 Burm.
558 1414 659 1459 conj.
683 1413 722 1447 di
752 1412 883 1447 amulae
902 1414 978 1448 vim
1001 1409 1174 1461 insidiens
1196 1424 1230 1446 0.
1251 1425 1281 1446 e.
1443 1409 1535 1460 sunt
1563 1412 1614 1446 in.

253 1471 364 1508 Bam.
398 1475 521 1507 Stoer.
557 1470 723 1505 Chouet.
757 1469 869 1504 Leid.
899 1469 1073 1502 inserunt
1101 1466 1227 1514 forte,
1273 1467 1380 1516 quod
1408 1466 1614 1502 rectiffime

256 1528 370 1563 codd.
403 1526 630 1562 auctoribus
665 1525 780 1571 ejecit
812 1524 917 1559 Gibs.
950 1536 1137 1564 monens,
1190 1537 1270 1559 non
1305 1523 1445 1558 debere
1479 1531 1615 1556 temere

256 1585 478 1621 oratoribus
499 1582 618 1617 verba
642 1581 842 1621 excidere3
877 1594 972 1628 quae
990 1580 1090 1613 ratio
1114 1593 1217 1615 nunc
1238 1579 1362 1627 vulgo
1385 1577 1614 1627 negligitur.

270 1684 272 1686 Ι
343 1641 442 1675 dicta
465 1637 556 1689 fint.
617 1638 715 1676 Jens.
750 1635 839 1682 (tac.
871 1637 1005 1680 Gesn.)
1040 1635 1075 1671 d.
1100 1634 1192 1684 sunt
1221 1649 1311 1671 cum
1338 1635 1425 1671 edd.
1452 1645 1614 1672 recentt.

257 1708 343 1733 ante
366 1696 475 1731 Bam.
1465 1729 1467 1731 ¹

342 1762 406 1789 22.
447 1750 558 1787 Illud.
619 1750 753 1785 Turic.
781 1747 885 1784 Flor.
918 1747 1046 1784 Guelf.
1079 1748 1174 1787 Illa,
1217 1761 1286 1796 per
1318 1759 1490 1782 errorem
1525 1746 1614 1792 jun-

257 1810 377 1859 gendi
408 1822 497 1845 cum
533 1807 750 1856 proximis;
785 1806 831 1840 cf.
856 1813 891 1848 5,
915 1818 950 1852 9,
979 1813 1038 1847 15.
1103 1813 1139 1839 et
1160 1806 1278 1840 Servii
1301 1804 1459 1851 Sulpicii
1491 1811 1619 1851 atque.

258 1869 322 1903 Sic
365 1865 498 1901 Turio.
542 1863 645 1899 Flor.
687 1862 815 1898 Guelf.
857 1861 975 1898 Goth.
1020 1863 1122 1906 (err.
1160 1862 1306 1907 Gesn.)
1338 1860 1471 1908 Camp.
1504 1858 1618 1894 Bafil.

256 1923 419 1970 Reliqui
451 1931 490 1957 ut
519 1921 555 1956 S.
587 1922 623 1956 S.
657 1928 703 1954 et.
766 1919 890 1954 Modo
920 1929 1005 1952 ante
1035 1916 1162 1966 Aesch.
1197 1916 1301 1952 Flor.
1325 1916 1454 1951 Guelf.
1480 1916 1618 1965 Camp.

257 1979 375 2016 Goth.
408 1978 508 2017 Jens.
540 1979 628 2021 (tac.
658 1976 801 2021 Gesn.)
838 1984 873 2010 et
907 1988 995 2009 cum
1028 1974 1112 2009 edd.
1137 1984 1222 2009 ante
1243 1972 1351 2008 Bafil.
1375 1985 1458 2008 non
1478 1971 1615 2008 Turic-

255 2036 330 2073 Sed
357 2037 488 2083 Camp.
523 2044 608 2067 ante
640 2032 733 2082 Caff
765 2032 914 2067 omittit
949 2041 994 2066 ct.
1067 2032 1246 2065 Minutae
1279 2029 1352 2064 hae
1383 2038 1440 2069 et,
1492 2038 1619 2077 atque,-

253 2092 417 2128 voculae
455 2103 536 2126 non
577 2088 796 2125 inconsulto
827 2089 912 2123 sunt
938 2088 1159 2135 dispositae:
1205 2087 1349 2121 iterum
1377 2087 1544 2133 positum
1575 2091 1618 2119 ut

255 2160 341 2195 ante
373 2150 473 2185 Serv.
510 2146 638 2194 inepti
659 2146 780 2180 fuerit
806 2145 987 2180 tumoris.
1049 2147 1248 2178 Praeterea
1275 2142 1545 2181 monendum,
1570 2141 1615 2176 in

316 2284 383 2310 21.
423 2273 592 2308 actionis.
666 2269 782 2305 Plane
829 2282 902 2318 pro
963 2279 999 2304 2.
1031 2268 1074 2302 iu
1107 2280 1185 2316 quo
1217 2276 1254 2301 et
1279 2266 1360 2314 ipso
1384 2268 1462 2302 Ser.
1485 2265 1619 2315 Sulpi·⁴

258 2333 426 2366 oratione
455 2329 572 2364 etiam
600 2327 756 2376 scripta:
790 2326 837 2362 cf.
858 2326 904 2361 ad
963 2326 1046 2361 cius
1079 2337 1147 2372 pro
1178 2322 1333 2357 Aufidia
1373 2334 1615 2358 memoratur

260 2393 307 2431 4,
334 2400 349 2420 1
367 2410 377 2425 ‚
399 2395 465 2430 32.
964 2394 1002 2418 et
1033 2381 1082 2416 est
1110 2379 1298 2429 particula
1332 2393 1402 2427 pro
1437 2381 1480 2415 in
1511 2380 1613 2428 ipfis‚

317 2455 381 2479 22.
413 2444 487 2479 Ser.
510 2442 612 2490 Sulp.
633 2450 744 2491 atque
760 2437 905 2489 IWeffa-
964 2449 1009 2474 ut
1058 2437 1218 2485 quidem
1264 2435 1475 2476 docemur,
1527 2437 1612 2473 MS.

257 2500 327 2535 lae.
361 2500 406 2536 cf.
433 2500 477 2540 6,
502 2512 518 2532 1
535 2526 546 2540 ,
571 2511 634 2534 20.
693 2498 734 2532 Si
753 2498 794 2531 in
815 2496 904 2531 loco
964 2493 1160 2531 ductibus,
1180 2492 1268 2527 loco
1289 2492 1440 2541 alioqui
1454 2492 1612 2530 mutilo.

258 2556 379 2591 nostri
397 2562 442 2599 4,
466 2568 509 2594 2,
537 2555 628 2591 106.
659 2567 728 2603 pro
750 2553 906 2600 Aufidia
962 2553 1022 2586 An
1072 2551 1195 2598 igitur
1231 2559 1354 2584 tantae
1396 2549 1613 2585 oblivionis

258 2610 395 2647 liceret
426 2624 576 2647 mutare
606 2612 648 2646 in
679 2619 805 2645 contra
828 2609 904 2643 Au·
962 2609 1133 2643 accusare
1207 2605 1474 2641 sustinebimus
1543 2617 1614 2640 no·

254 2668 399 2714 fidiam,
422 2668 519 2702 salva
536 2681 595 2703 res
619 2668 730 2708 effet;
752 2666 813 2701 sed
835 2665 903 2700 ob·
962 2664 1078 2698 strum
1092 2690 1102 2704 ‚
1135 2673 1179 2697 ut
1199 2661 1270 2696 illo
1295 2660 1390 2697 libri
1411 2661 1502 2696 sexti
1521 2661 1612 2696 loco

259 2723 594 2772 ssatsragmentum
606 2723 902 2774 Festip.Dacer.
962 2719 1208 2759 aberraverit,
1233 2728 1324 2754 cum
1342 2718 1507 2754 scribere
1529 2716 1611 2754 vel-
