1779 3062
459 134 627 182 1Ns'r.
663 136 956 189 onnon,-
983 124 1251 192 L1B2'xlt,
1283 134 1330 181 6.
1471 144 1569 194 659

217 262 565 322 contulerint,
603 261 677 312 est
711 274 890 313 tamen
913 263 1439 332 ‘propriusquidam
1464 260 1576 315 fori

218 339 519 409 profectus,
560 341 661 389 alia
694 341 816 399 lux,
852 343 952 391 alia
986 344 1104 392 veri
1138 340 1465 391 discriminis
1498 339 1577 390 fa-

218 420 352 478 cies;
393 419 642 485 plusque,
680 416 724 466 si
755 417 978 485 separes,
1002 418 1147 471 ‚usus
1181 418 1297 469 [ine
1322 419 1579 469 doctrina

218 512 385 562 quam
429 499 559 545 citra
601 494 761 546 usum
801 495 1043 547 doctrina
1093 498 1243 547 valet.
1337 497 1578 563 Ideoque
1607 513 1635 553 5

217 575 478 625 nonnulli
517 572 686 623 senes*
708 573 771 622 in
802 571 981 623 schola
1012 573 1139 624 facti
1172 574 1388 643 stupent
1419 577 1580 625 novi-

214 662 340 711 -tate,
378 670 504 702 cum
535 652 597 701 in
627 640 828 714 judicia
861 663 1145 711 venerunt,
1187 663 1240 702 et
1265 654 1447 702 omnia
1469 653 1580 704 suis

216 729 691 780 exercitationibus
731 728 925 778 similia
963 728 1277 780 desiderant.
1357 733 1426 780 At
1463 732 1580 780 illic

217 819 272 857 et
312 807 477 870 judex
520 818 679 864 tacet,
727 816 780 855 et
817 805 1152 857 *adversarius
1189 807 1472 875 obstrepit,
1526 820 1580 858 et

217 886 362 935 1111111
389 896 590 934 temere
625 884 833 934 dictum
867 889 1032 951 perit:
1103 896 1184 941 et,
1219 884 1263 935 fi
1301 887 1444 952 quid·
1479 888 1581 937 tibi

215 962 424 1021 sumas,
470 962 816 1029 probandum
857 961 956 1013 est:
1024 975 1079 1013 et
1119 963 1412 1014 laboratam
1453 983 1582 1016 con-

212 1153 298 1189 dem
318 1154 439 1191 Goth.
456 1153 560 1192 Voff.
579 1164 616 1190 2.
679 1152 843 1203 Reliqui
864 1155 995 1191 hercle.
1057 1155 1158 1197 Nos,
1188 1157 1369 1204 quamvis
1395 1158 1581 1207 antiquis·

213 1211 306 1247 fimi
332 1210 532 1252 sileantur,
565 1210 817 1247 constantiam
838 1212 958 1246 secuti
978 1213 1127 1247 sumus:
1162 1212 1210 1249 cf.
1241 1227 1256 1247 1
1273 1226 1307 1253 1,
1331 1222 1373 1256 5,·
1393 1226 1431 1262 9.
1493 1230 1581 1252 con-

215 1268 380 1304 tulerunt:
402 1269 537 1303 Turic.
560 1270 696 1318 Camp.
757 1269 835 1304 alia
864 1269 938 1303 viri
957 1268 1097 1304 Ambr.
1124 1278 1163 1304 2.
1224 1270 1425 1320 plusquam
1453 1272 1581 1322 [1311111-

214 1338 281 1360 ma
309 1325 352 1360 111
374 1326 490 1361 Tarv.
517 1325 628 1361 Rufe.
651 1338 735 1360 11011
753 1326 889 1361 Locat.
922 1323 1018 1371 (err.
1041 1327 1197 1370 Burm.)
1228 1340 1371 1375 neque,
1396 1330 1505 1377 quod
1524 1330 1579 1367 fe-

215 1382 273 1417 eit
301 1381 472 1424 Badius,
512 1382 639 1431 Regio
672 1382 881 1419 tribuenda
907 1381 1121 1431 scriptura,
1167 1383 1280 1429 cujus
1311 1384 1581 1435 castigationes

214 1440 294 1486 jam
328 1438 518 1476 desierant
547 1439 590 1474 in
622 1452 703 1488 cap.
735 1450 773 1476 2.
836 1437 920 1488 usus
952 1440 1124 1476 doctrina
1152 1454 1286 1490 quam,
1316 1444 1453 1479 omiss'o
1479 1442 1580 1493 sine,

216 1495 352 1532 Turio.
375 1495 479 1532 Flor.
503 1510 535 1532 c.
559 1495 663 1531 Alm.
724 1495 828 1546 usum
845 1495 881 1545 s.
911 1496 948 1532 11.
971 1511 1007 1547 q.
1034 1498 1169 1548 Camp.
1234 1498 1335 1535 Mox
1359 1502 1451 1536 citra
1476 1500 1582 1550 usum

217 1553 409 1588 doctrinae
446 1554 580 1589 Turic-
610 1552 718 1590 Flor.
747 1554 889 1602 Comp.
1177 1555 1292 1593 valet.
1350 1556 1419 1594 Sic
1445 1559 1583 1596 Turio.

214 1608 321 1647 Flor.
358 1609 491 1660 Camp.
553 1609 717 1660 Reliqui
750 1611 888 1646 valeat.

331 1707 369 1746 5.
402 1703 448 1737 In
483 1714 584 1737 voce
619 1701 947 1738 exercitationibus
979 1702 1116 1739 deficit
1143 1704 1280 1741 Ambr.
1309 1716 1351 1743 2.

391 1758 460 1794 tibi
480 1757 621 1807 sumar.
689 1759 753 1794 Sic
786 1760 921 1796 Turic.
953 1759 1045 1802 (nisi
1065 1760 1175 1808 quod
1191 1760 1378 1809 summas)
1407 1763 1512 1800 Flor.
1546 1780 1580 1803 c.

219 1813 325 1852 Alm.
384 1814 549 1863 Reliqui
579 1815 756 1850 inserunt
782 1814 868 1865 ipse.
931 1818 1028 1851 Sane
1052 1814 1198 1864 sumere
1219 1817 1300 1866 sibi
1327 1820 1378 1856 est
1398 1834 1583 1871 arrogan-

217 1871 296 1908 tiae
327 1871 520 1911 verbum;
580 1871 627 1906 de
650 1884 696 1907 eo
721 1883 849 1908 autem
875 1873 983 1922 quod
1005 1873 1085 1908 sine
1111 1874 1417 1922 probationibus
1437 1878 1482 1913 in
1500 1894 1581 1917 me-

217 1928 329 1964 dium
358 1929 558 1977 profertur
583 1928 733 1977 sumere
766 1928 890 1964 solum
923 1929 1106 1965 adhiberi
1137 1929 1233 1966 solet
1262 1933 1365 1977 (vid.
1389 1942 1429 1978 5,
1459 1950 1521 1978 11,
1541 1947 1582 1983 5.

217 1993 258 2027 2,
286 2000 352 2027 11,
381 1988 473 2030 14).
537 1987 612 2021 Sed
630 1985 738 2027 huic,
770 1986 928 2034 siquod
960 1987 1021 2026 est,
1053 1987 1312 2025 incommodo
1333 2004 1474 2039 parum
1498 2008 1581 2030 me·

182 2064 185 2067 «
217 2041 334 2078 detur
361 2041 515 2078 allitum
547 2041 636 2092 ipse,
674 2055 754 2091 quo
789 2042 968 2091 alioquin
1000 2044 1115 2080 etiam
1146 2044 1259 2081 facile
1283 2060 1470 2086 caremus.
1528 2051 1579 2088 11-

215 2096 288 2134 lud
316 2110 446 2135 autern
480 2100 548 2135 tibi
575 2099 742 2135 minime
773 2100 943 2136 otiosum
972 2101 1034 2138 est.
1094 2103 1198 2138 Nam
1222 2103 1321 2140 [icut
1342 2106 1445 2153 apud
1469 2108 1580 2145 Cice-

221 2168 362 2192 ronem
386 2157 502 2193 Acad.
526 2168 562 2202 4,
604 2170 665 2206 ¹9·
698 2157 824 2193 verbo
856 2159 983 2193 eidem
1003 2157 1198 2208 sumpsero
1230 2162 1491 2209 oppositionis
1515 2178 1582 2201 cu·

214 2212 371 2261 jusdam
402 2215 526 2263 gratia
559 2214 738 2254 additum
772 2215 823 2251 est
851 2230 874 2251 a
905 2229 987 2256 me.·
1015 2217 1069 2252 ita
1100 2216 1179 2259 hic,
1222 2218 1294 2255 ubi
1323 2218 1440 2261 nihil,
1472 2223 1582 2272 quod

217 2359 334 2397 beant
355 2362 488 2411 itaque
510 2365 573 2399 sua
600 2375 638 2400 et
662 2365 801 2402 Cicero
832 2376 871 2401 et
928 2365 998 2402 nio
1035 2365 1206 2401 Pediano
1234 2367 1409 2406 XXVII,
1455 2368 1580 2404 verbo

219 2416 503 2464 Quintilianus.
927 2422 1095 2471 tetigisse
1135 2423 1314 2462 sufficiat.
1354 2423 1445 2464 Vid.
1490 2425 1582 2462 Gel-

276 2474 459 2511 ceterum
499 2476 586 2515 leve
627 2477 731 2515 illud
762 2476 869 2515 diffi-
927 2478 1029 2515 lium
1059 2486 1123 2523 15,
1144 2487 1210 2524 28.

216 2531 331 2567 dium
346 2532 452 2568 inter
472 2547 551 2578 eos,
575 2537 647 2585 qui
658 2536 868 2573 Fenestella
988 2544 1024 2581 5.
1087 2537 1251 2590 Ideoque
1272 2558 1329 2567 —-
1354 2537 1578 2588 desiderant.

214 2588 314 2624 duee
334 2589 469 2629 XXVI
486 2605 608 2629 annos
635 2604 769 2630 natum
791 2607 865 2643 pro
927 2593 987 2630 Cf.
1017 2606 1089 2635 10,
1113 2602 1162 2638 5,
1189 2601 1251 2641 18.
1284 2608 1322 2635 et
1348 2596 1410 2633 ibi.
1433 2607 1578 2640 notata.

213 2647 302 2680 Sex·
320 2646 457 2683 Roscio
475 2649 706 2687 Ciceronem
728 2651 867 2687 dixiffe
926 2650 1072 2701 quibus
1097 2652 1195 2688 adde
1215 2655 1372 2690 Patron.
1409 2667 1442 2690 c.
1474 2667 1509 2691 1.

211 2700 435 2746 statuebant,
471 2717 509 2742 et
540 2708 610 2757 qui
640 2721 732 2745 cum
752 2708 866 2745 Asco-
983 2708 1053 2744 cibi
1084 2707 1224 2758 sumas-
1261 2711 1343 2748 vid.
1377 2722 1460 2752 not.
1491 2712 1575 2751 crit.
