1779 3062
1572 147 1591 159 l

268 153 365 211 36ss
589 152 667 199 M.
705 152 842 199 FAB.
869 153 1298 215 vQUINTILIANI

264 297 379 330 nem
400 273 551 350 fori,
595 289 646 327 eb
672 275 950 349 pristinum
981 297 1171 330 morem
1191 280 1503 345 judiciorum
1536 298 1616 330 re-

264 360 488 422 quirunt,
553 358 696 405 Nam
727 355 949 423 sequens
971 358 1138 407 latum
1163 359 1319 406 etiam
1344 369 1504 422 atque
1526 357 1615 407 fu-

265 433 381 484 sum
427 432 526 493 est,
579 436 714 483 ZVon
750 437 880 483 enim
919 452 1107 484 corona
1143 430 1398 508 consffzs
1436 432 1615 504 vester

267 515 458 560 cinctus
481 506 575 581 est,
615 522 673 560 uc
680 508 900 583 solebat.
964 511 1125 581 Quod
1146 513 1345 570 notavi,
1378 523 1436 561 ut
1458 529 1616 577 appa·

265 599 434 648 reret,
494 606 607 638 non
656 587 830 638 solum
871 589 931 637 in
968 589 1220 637 membris
1260 587 1464 647 causae,
1523 587 1616 637 sed.

265 668 425 716 etiam
462 667 521 715 in
552 668 785 716 articulis
824 664 922 714 effe
954 667 1186 730 aliquam
1217 666 1616 731 pronunciandi

264 745 591 802 varietatem,
633 743 744 792 sine
764 761 868 809 qua
887 743 1027 792 nihil
1048 760 1226 808 neque
1247 746 1416 805 majus
1437 760 1616 809 neque

263 823 447 872 minus
483 820 571 876 est.
660 823 776 871 Vox
807 831 983 869 autem
1026 821 1166 869 ultra
1199 822 1341 870 vires
1374 808 1617 887 urgenda

263 917 378 951 non
411 898 497 949 est.
548 900 690 950 Nam
712 909 764 948 et
779 893 1091 972 suffocatur
1120 896 1299 966 saepe,
1331 909 1383 947 et
1414 902 1617 961 majore

261 1092 395 1141 Camp.
423 1105 512 1128 cum
525 1089 627 1127 Alm.
644 1090 751 1128 Voss'.
780 1102 813 1127 1.
839 1100 876 1135 3.
907 1090 1071 1140 Reliqui
1092 1090 1266 1126 inserunt
1283 1100 1444 1126 veterum
1464 1103 1482 1125 e
1506 1090 1615 1126 Cice-

258 1163 368 1185 rone.
414 1149 488 1184 Sed
511 1149 644 1196 Camp.
672 1149 843 1182 inciderit
866 1159 902 1183 et
924 1150 1087 1197 requirit.
1134 1149 1208 1182 Pro
1228 1147 1455 1192 judiciorum
1476 1147 1612 1183 Turio.

259 1206 366 1242 Flor.
386 1206 539 1250 judicio.
566 1204 613 1240 cf.
642 1216 703 1243 10,
725 1214 762 1246 7,
785 1208 823 1249 4.
848 1204 973 1239 Guelf.
996 1202 1207 1251 desiderant
1223 1216 1296 1251 pro
1317 1205 1503 1250 requirunt
1521 1216 1614 1238 cum
1637 1245 1641 1254 s

258 1275 382 1310 marg.
405 1260 515 1296 Basil.
540 1260 585 1295 cf.
608 1260 701 1293 Ern.
722 1270 804 1294 not·
825 1259 870 1293 ad
894 1259 968 1295 loc.
993 1260 1072 1296 Cic.
1115 1259 1240 1294 Modo
1263 1272 1334 1308 pro
1359 1259 1461 1294 tibiis
1478 1261 1612 1309 Camp-

259 1320 376 1355 oculis
398 1316 610 1361 (manifesta
622 1316 798 1363 imperiti
818 1315 973 1352 librarii
993 1316 1267 1361 correctione).
1287 1318 1362 1351 Pro
1374 1314 1503 1366 fusum
1514 1317 1614 1356 Jens·

259 1378 350 1421 (tac.
376 1374 505 1419 Gesn.)
530 1371 687 1422 effusum
710 1385 797 1408 cum
821 1373 904 1408 edd.
925 1373 1084 1422 posterr.
1109 1383 1194 1408 ante
1211 1372 1322 1409 Bam.

350 1474 416 1511 5¹·
450 1478 567 1514 neque
589 1464 707 1508 majus
727 1483 783 1490 -—-
801 1461 861 1512 est.
895 1464 1023 1500 Guelf.
1046 1478 1161 1513 neque
1181 1467 1302 1500 minus
1319 1479 1435 1515 neque
1453 1467 1573 1511 majus
1584 1481 1617 1503 e.

257 1523 379 1561 Goth.
403 1522 500 1561 Jens.
525 1524 611 1564 (tac.
641 1520 769 1564 Gesn.)
799 1533 887 1555 cum
911 1521 996 1556 edd.
1025 1521 1182 1569 posterr.
1210 1533 1295 1558 ante
1317 1524 1440 1557 Stoer.
1464 1537 1529 1558 nec
1550 1525 1617 1559 mi-

256 1595 323 1617 uus
356 1593 420 1615 nec
450 1574 569 1620 ninius
594 1590 624 1610 e.

254 1638 310 1674 rit
339 1637 429 1672 Non
447 1636 544 1671 enim
564 1630 680 1681 vester
690 1632 911 1683 -solebat.

257 1795 306 1832 ad
344 1794 463 1842 hujus
505 1791 714 1842 proverbii
745 1790 909 1827 illustra·

256 1854 407 1890 tionem
420 1851 610 1889 VV.DD.
635 1849 813 1890 afferunt,
837 1849 911 1883 nisi

258 1920 303 1945 ut
314 1908 515 1945 remittant
536 1906 582 1941 ad
602 1920 632 1947 1,
650 1920 711 1947 11,
728 1905 765 1940 6.
789 1906 910 1954 Equi-

257 1967 359 2005 dem,
380 1965 537 1999 Erasmo
560 1964 657 1998 duce
681 1963 846 2011 (Adagg.
874 1977 908 2002 1,

260 2032 297 2067 5,
313 2022 409 2070 96),
424 2021 500 2056 huc
520 2019 791 2055 fimilitudinis
806 2030 908 2054 certe

256 2080 363 2115 causa
409 2077 707 2116 advocaverim,
763 2076 906 2124 quibus

256 2137 385 2172 utitur
416 2134 602 2170 Gesnerus
632 2132 679 2166 ad
713 2145 747 2173 1,
780 2143 816 2173 2,
841 2141 906 2175 50.

257 2193 388 2228 versus
438 2188 679 2239 Sophocleos
718 2188 905 2231 (Brunek.

257 2249 322 2285 Fr.
344 2251 481 2283 Incert.
503 2248 609 2291 go.):
642 2245 747 2291 Φυσᾷ
768 2244 841 2293 γὰρ
868 2242 907 2280 οὐ

260 2306 467 2354 σμικροῖσιν
492 2301 672 2343 αὐλίσκοις
695 2300 767 2340 ἔτι,
797 2299 905 2336 Ἀλλ’

255 2361 399 2410 ἀγρίαις
435 2359 588 2403 <odenato-t
620 2357 793 2406 Φορβειοῖς
822 2355 904 2405 α’τερ

255 2418 548 2466 (cf.Langbaen.
561 2415 608 2450 ad
618 2417 743 2463 Long.
756 2429 792 2463 p.
808 2416 904 2456 20.).

258 2477 429 2523 Apparet
476 2474 542 2509 hic
595 2472 727 2507 minus
767 2482 905 2506 tectam

257 2531 471 2578 fignificari
511 2542 648 2566 eorum
681 2541 776 2576 quae
809 2528 906 2562 fiant

257 2587 300 2621 111
348 2587 499 2633 judicio
546 2585 904 2634 reprehenfionem,

257 2655 347 2677 cum
407 2645 448 2678 in
507 2643 701 2693 proximis
751 2640 904 2676 invidia.

255 2699 376 2736 modo
402 2701 529 2739 eidem
549 2701 646 2737 facta
665 2698 797 2736 fuerit.

685 1576 769 1615 Post
791 1576 884 1612 haec
905 1577 1024 1614 verba
1045 1588 1173 1613 autem
1196 1579 1327 1626 Camp.
1353 1578 1497 1614 iterum
1521 1580 1615 1616 inse-

1138 1633 1365 1684 suffocatur.
1397 1636 1459 1671 Sic
1480 1637 1616 1686 Camp.

1025 1793 1125 1828 Aram
1145 1790 1302 1842 sequens
1322 1811 1377 1819 —
1394 1792 1522 1842 fusum
1551 1791 1613 1843 est.

967 1849 1166 1890 „Tantum
1197 1850 1318 1891 abest,
1371 1860 1413 1884 ut
1445 1851 1492 1886 fit
1523 1864 1616 1887 con-

966 1916 1162 1946 „tractum
1187 1917 1301 1955 atque
1323 1907 1576 1945 summiffum.
1591 1912 1617 1929 ‘⁸

1025 2027 1090 2062 5¹·
1141 2021 1313 2056 membris
1338 2042 1397 2050 -
1435 2023 1614 2060 articulis.

965 2077 1130 2124 Elegaus
1164 2078 1387 2120 translatio,
1435 2091 1514 2126 quo
1549 2079 1615 2115 de-

967 2133 1081 2167 duxit
1112 2133 1198 2168 usus
1231 2134 1375 2169 horum
1401 2134 1613 2170 vocabulo-

965 2202 1056 2224 rum
1087 2189 1129 2222 in
1160 2189 1300 2236 figuris
1321 2195 1376 2238 (9,
1402 2200 1440 2235 5,
1464 2192 1550 2238 98.)
1575 2202 1614 2228 et

966 2245 1009 2280 111
1040 2246 1324 2293 compofitione
1355 2251 1412 2294 (9,
1447 2253 1482 2290 4,
1520 2257 1611 2284 122.

966 2302 1058 2336 item
1076 2302 1175 2349 apud
1194 2302 1275 2339 Cic.
1299 2303 1344 2338 de
1366 2303 1434 2339 Or.
1452 2313 1488 2342 2,
1511 2307 1611 2350 38.).

966 2357 1082 2404 Quod
1098 2369 1224 2393 autem
1244 2360 1320 2395 sine
1341 2360 1413 2396 hac
1426 2361 1612 2397 varietate

964 2425 1079 2462 negat
1118 2415 1334 2464 quidquam
1380 2418 1503 2463 majus
1545 2429 1611 2453 aut

963 2471 1094 2513 minas
1117 2468 1199 2512 else,
1217 2473 1354 2508 eodem
1379 2474 1478 2509 redit
1501 2475 1611 2522 quod.

964 2527 1010 2561 dc
1024 2527 1173 2574 pictura
1185 2540 1383 2565 mutuatus
1403 2541 1481 2565 erat
1493 2533 1527 2577 §-
1544 2529 1610 2573 46.

962 2583 1103 2631 Neque
1137 2586 1240 2619 enim
1270 2586 1346 2623 sine
1378 2599 1418 2622 ea
1449 2586 1610 2622 umbrae

962 2638 1062 2675 uuae
1087 2640 1129 2677 111
1156 2641 1297 2680 tabula.
