1779 3062
239 180 336 225 502
560 166 637 215 Μ.
670 167 806 220 FAB.
843 165 1262 227 QUINTILIANI

244 301 420 342 autem
464 294 637 343 malus
676 291 823 350 aliud
858 290 996 340 dicat
1034 290 1230 340 neceffe
1254 293 1359 353 est,
1422 313 1581 362 quam

163 377 209 414 30
239 367 408 417 sentit.
486 373 662 420 Bonos
697 386 976 434 nunquam
1010 368 1262 420 honestus
1292 371 1461 423 sermo
1489 374 1580 422 de-

153 1374 200 1410 32

234 443 409 504 ficiet,
453 462 733 513 nunquam
767 462 948 497 rerum
980 447 1303 513 optimarum
1335 451 1480 511 (nam
1512 452 1579 499 ii-

236 521 360 571 dem
392 524 550 572 etiam
587 522 877 590 prudentes
907 527 1088 587 erunt)
1125 527 1397 574 inventio:
1440 542 1578 590 quae

237 598 438 648 etiamsi
461 600 742 651 lenociniis
763 598 1005 650 destituta
1024 598 1104 657 sit,
1144 599 1263 650 satis
1287 612 1463 651 tamen
1488 618 1579 652 naa

236 686 352 725 tura
381 675 470 726 sua
493 688 735 728 ornatur:
776 694 873 726 nec
907 676 1200 742 quidquam
1228 696 1338 727 non
1373 678 1578 740 diserte,

235 752 386 819 quod
406 754 641 814 honeste,
679 753 889 804 dicitur.
970 758 1158 822 Quare,
1181 758 1450 815 juventus,
1476 758 1579 805 im-

233 847 325 880 mo
360 833 534 882 omnis
564 843 726 889 aetas,
772 829 982 901 (neque
1017 831 1162 879 enim
1185 843 1356 880 rectae
1379 834 1667 895 volun-1052

233 908 327 955 tati
357 907 532 958 serum
562 908 635 957 est
661 919 873 975 tempus
904 906 1109 973 ullum)
1149 909 1274 957 totis
1305 911 1581 960 mentibus·

231 983 341 1033 huc
380 985 683 1044 tendamus,
722 986 780 1035 in
808 985 913 1033 1100
946 984 1273 1034 laboremus:
1313 984 1486 1035 forsan
1526 999 1580 1037 et

233 1059 597 1112 consummare
631 1063 914 1127 contingat.
997 1062 1137 1110 Nam
1169 1060 1212 1109 si
1241 1072 1431 1111 natura
1464 1081 1578 1113 non

231 1138 483 1203 prohibet
524 1150 576 1188 et
620 1136 719 1188 esse
760 1141 944 1187 virum
992 1137 1224 1196 bonum,
1281 1149 1330 1186 et
1362 1138 1460 1189 effe
1495 1140 1581 1189 di-

234 1214 390 1263 cendi
426 1217 685 1280 peritum:
768 1231 864 1262 cur
895 1231 1007 1263 non
1034 1214 1223 1278 aliquis
1253 1217 1407 1263 etiam
1431 1235 1578 1268 unus

230 1301 526 1355 utrumque
567 1289 821 1356 consequi
860 1290 1043 1356 possit?
1121 1309 1216 1339 cur
1247 1303 1424 1341 autem
1463 1312 1577 1343 non

229 1365 282 1415 se
309 1370 536 1433 quisque
574 1367 745 1434 speret
781 1365 899 1416 fore
943 1368 1099 1416 illum
1142 1370 1413 1433 aliquem?
1492 1371 1582 1420 Ad

229 1444 382 1509 quod
406 1443 451 1494 si
481 1447 622 1496 vires
653 1446 860 1511 ingenii
890 1461 1004 1494 non
1032 1442 1362 1506 suffecerint,
1399 1457 1576 1498 tamen

313 1631 379 1666 50.
410 1625 538 1660 Bonus
556 1636 666 1671 nunq.
696 1622 831 1658 Ambr.
859 1631 895 1656 2.
929 1623 1047 1657 Bonis
1070 1636 1105 1658 n.
1138 1620 1266 1657 Guelf.
1300 1636 1384 1659 cum
1409 1626 1506 1663 Jens.
1537 1638 1576 1664 et

228 1677 316 1715 edd.
346 1679 441 1727 post.
469 1691 555 1715 ante
575 1679 661 1714 Ald.
697 1679 813 1714 bonos
834 1692 993 1726 unquam
1014 1678 1145 1713 Turic-
1168 1689 1205 1713 et
1226 1691 1320 1714 mox
1345 1680 1486 1716 iterum
1509 1698 1574 1718 un-

228 1747 349 1782 quam.
389 1736 564 1771 lenocinii
583 1736 681 1774 Jens.
708 1737 799 1783 (tac.
824 1735 957 1783 Gesu.)
989 1735 1104 1771 Tarv.
1134 1743 1257 1769 tamen
1271 1734 1368 1784 satis
1392 1738 1495 1774 flor.
1518 1740 1574 1775 di-

227 1792 319 1825 citur
341 1803 418 1827 om.
440 1791 566 1828 Guelf.

316 1876 383 1911 51.
418 1882 543 1905 omnes
565 1879 706 1906 aetates
719 1870 852 1905 Turie.
875 1869 981 1905 Flor.
997 1868 1083 1914 (1110
1098 1869 1259 1917 quidem
1284 1875 1421 1923 omnis)
1436 1874 1570 1924 camp,

229 1926 348 1959 omnis
368 1935 493 1962 aetate
511 1926 613 1963 Alm.
900 1928 935 1960 ἱη
969 1927 1036 1962 hoc
1057 1926 1280 1964 laboremus.
1342 1930 1405 1965 Sic
1435 1932 1572 1981 Camp.

230 1983 270 2015 in
292 1981 380 2016 haec
401 1982 426 2018 l.
448 1983 580 2018 Turio.
604 1984 642 2019 in
663 1984 750 2019 haec
770 1984 1041 2019 elaboraremus
1062 1982 1163 2018 Flor.
1188 1985 1224 2017 in
1246 1984 1333 2020 haec
1351 1987 1574 2023 elaboremus

229 2036 366 2073 Ambr.
402 2048 439 2074 2.
469 2038 597 2075 Guelf.
628 2054 659 2076 0.
690 2039 790 2075 Α1111.
825 2043 862 2074 in
894 2040 961 2075 hac
993 2039 1038 2074 el.
1067 2039 1184 2074 Goth.
1208 2041 1307 2077 Jens.
1332 2055 1364 2077 c.
1396 2045 1500 2081 Voff.
1534 2054 1572 2080 2.

229 2094 348 2129 Tarv.
375 2097 410 2130 in
435 2096 503 2132 hoc
524 2097 569 2130 el.
594 2096 753 2144 reliqui.
786 2097 843 2132 Cf.
875 2109 946 2131 nos
980 2096 1021 2129 in
1053 2098 1232 2129 Prooem.
1266 2097 1356 2133 Vol.
1382 2108 1417 2141 5.
1441 2113 1478 2147 p,
1499 2102 1572 2136 XI,

229 2149 291 2185 sed
312 2161 349 2185 et
366 2161 402 2192 2,
437 2159 473 2197 8,
508 2159 545 2196 g.
606 2157 826 2201 contingant
846 2152 948 2188 Flor.
972 2151 1105 2187 Ambr.
1128 2161 1164 2186 2.
1191 2152 1320 2188 Guelf.
1343 2156 1374 2190 c'.
1397 2155 1500 2192 Voff.
1534 2171 1570 2193 ι.

229 2215 268 2241 ec
295 2207 379 2255 post
406 2209 578 2257 prohibet
609 2222 685 2245 om.
721 2211 852 2258 Camp.
885 2222 916 2244 c.
949 2210 1072 2244 Stoer.
1097 2207 1262 2246 Chouet.
1293 2210 1405 2246 Leid.
1438 2211 1572 2247 bonum

230 2273 308 2298 om.
331 2264 464 2300 Turio.
486 2264 588 2301 Flor.
610 2266 724 2300 dicidi
745 2280 783 2313 p.
805 2266 936 2301 Tui-ic.

313 2362 380 2397 52.
403 2353 620 2404 sufficerent
651 2355 787 2391 Turic.
820 2355 925 2393 flor.
955 2367 1044 2390 cum
1070 2352 1172 2389 Alm.
1202 2367 1314 2403 usque
1336 2368 1413 2393 om.
1437 2358 1571 2396 Turio.

283 2497 348 2533 51.
381 2491 418 2524 in
439 2491 506 2526 hoc
527 2490 744 2526 laboremus.
763 2490 869 2525 Mihi
927 2491 1009 2526 Cic.
1034 2490 1080 2524 ad
1100 2489 1234 2524 Famil.
1259 2497 1294 2534 5,
1320 2501 1381 2527 12.
1416 2506 1454 2541 p.
1479 2493 1568 2532 Ald.

223 2545 381 2593 quidem
404 2546 647 2582 dubitatione
681 2558 782 2582 caret
803 2547 869 2582 hoc
929 2548 991 2590 63.
1008 2546 1044 2582 b.
1077 2548 1114 2580 in
1134 2560 1176 2581 eo
1196 2560 1329 2594 genere
1349 2549 1569 2587 laborarunt

223 2601 295 2636 effe
338 2603 617 2643 accusativum,
674 2616 746 2652 pro
787 2615 866 2651 quo
924 2603 1093 2637 alienum
1116 2601 1209 2638 hinc
1231 2605 1410 2651 agnoscit,
1442 2607 1570 2652 cujus—

221 2656 479 2707 Senec.Epist.
508 2665 582 2704 ¹08
607 2662 643 2695 in
664 2672 739 2694 rem
756 2673 867 2694 unam
922 2659 1033 2694 modi
1073 2659 1124 2693 est
1152 2669 1189 2695 et
1225 2660 1346 2695 nostri
1383 2661 1493 2697 locus
1531 2669 1567 2707 5,

221 2709 424 2752 laboremus
439 2715 547 2752 affert
562 2717 694 2753 Burm.
710 2727 747 2753 et
758 2714 863 2752 idem
926 2727 987 2756 10,
1016 2726 1104 2764 ¹¹9·
1151 2715 1197 2753 cf.
1221 2714 1286 2751 hic
1312 2728 1392 2753 not.
1415 2717 1501 2753 crit.
