<?xml version="1.0" encoding="UTF-8"?>
<!DOCTYPE html PUBLIC "-//W3C//DTD XHTML 1.0 Transitional//EN"
    "http://www.w3.org/TR/xhtml1/DTD/xhtml1-transitional.dtd">
<html xmlns="http://www.w3.org/1999/xhtml" xml:lang="en" lang="en">
 <head>
  <title>
</title>
<meta http-equiv="Content-Type" content="text/html;charset=utf-8" />
  <meta name='ocr-system' content='tesseract 3.04.00' />
  <meta name='ocr-capabilities' content='ocr_page ocr_carea ocr_par ocr_line ocrx_word'/>
</head>
<body>
  <div class='ocr_page' id='page_1' title='image "./deinstitutioneor04quinuoft_0070.png"; bbox 0 0 1779 3062; ppageno 0'>
   <div class='ocr_carea' id='block_1_1' title="bbox 249 193 1293 257">
    <p class='ocr_par' dir='ltr' id='par_1_1' title="bbox 249 193 1293 257">
     <span class='ocr_line' id='line_1_1' title="bbox 249 193 1293 257; baseline 0.003 -17"><span class='ocrx_word' id='word_1_1' title='bbox 249 203 319 254; x_wconf 75' lang='lat'><strong>44</strong></span> <span class='ocrx_word' id='word_1_2' title='bbox 569 193 644 241; x_wconf 87' lang='grc' dir='ltr'><strong>Μ.</strong></span> <span class='ocrx_word' id='word_1_3' title='bbox 690 194 826 240; x_wconf 79' lang='lat' dir='ltr'><strong>FAss.</strong></span> <span class='ocrx_word' id='word_1_4' title='bbox 875 195 1293 257; x_wconf 76' lang='lat' dir='ltr'><strong>QUINTILIANI</strong></span> 
     </span>
    </p>
   </div>
   <div class='ocr_carea' id='block_1_2' title="bbox 173 312 1694 1006">
    <p class='ocr_par' dir='ltr' id='par_1_2' title="bbox 173 312 1694 1006">
     <span class='ocr_line' id='line_1_2' title="bbox 253 312 1606 389; baseline 0.001 -17"><span class='ocrx_word' id='word_1_5' title='bbox 253 312 470 372; x_wconf 61' lang='lat' dir='ltr'><strong>t‘imizclzo</strong></span> <span class='ocrx_word' id='word_1_6' title='bbox 488 321 570 370; x_wconf 87' lang='lat' dir='ltr'>vis</span> <span class='ocrx_word' id='word_1_7' title='bbox 592 330 643 368; x_wconf 88' lang='lat' dir='ltr'><strong>et</strong></span> <span class='ocrx_word' id='word_1_8' title='bbox 664 322 908 387; x_wconf 80' lang='lat' dir='ltr'><strong>gravitas,</strong></span> <span class='ocrx_word' id='word_1_9' title='bbox 930 333 980 371; x_wconf 85' lang='lat' dir='ltr'><strong>et</strong></span> <span class='ocrx_word' id='word_1_10' title='bbox 1004 317 1224 372; x_wconf 84' lang='lat' dir='ltr'><strong>minime</strong></span> <span class='ocrx_word' id='word_1_11' title='bbox 1250 324 1472 389; x_wconf 81' lang='lat' dir='ltr'><strong>vulgare</strong></span> <span class='ocrx_word' id='word_1_12' title='bbox 1495 325 1606 374; x_wconf 85' lang='lat' dir='ltr'><strong>elo-</strong></span> 
     </span>
     <span class='ocr_line' id='line_1_3' title="bbox 253 399 1694 466; baseline 0.002 -18"><span class='ocrx_word' id='word_1_13' title='bbox 253 399 456 466; x_wconf 85' lang='lat' dir='ltr'><strong>quendi</strong></span> <span class='ocrx_word' id='word_1_14' title='bbox 503 416 669 464; x_wconf 81' lang='lat' dir='ltr'><strong>genus</strong></span> <span class='ocrx_word' id='word_1_15' title='bbox 714 399 871 448; x_wconf 86' lang='lat' dir='ltr'><strong>habet</strong></span> <span class='ocrx_word' id='word_1_16' title='bbox 904 400 1131 449; x_wconf 84' lang='lat' dir='ltr'><strong>laudem.</strong></span> <span class='ocrx_word' id='word_1_17' title='bbox 1224 400 1325 449; x_wconf 85' lang='lat' dir='ltr'><strong>Sed</strong></span> <span class='ocrx_word' id='word_1_18' title='bbox 1359 403 1694 465; x_wconf 78' lang='lat' dir='ltr'><strong>quamvi5893</strong></span> 
     </span>
     <span class='ocr_line' id='line_1_4' title="bbox 252 474 1606 535; baseline 0.002 -10"><span class='ocrx_word' id='word_1_19' title='bbox 252 479 305 525; x_wconf 86' lang='lat' dir='ltr'><strong>ei</strong></span> <span class='ocrx_word' id='word_1_20' title='bbox 355 475 605 526; x_wconf 78' lang='lat' dir='ltr'><strong>secundas</strong></span> <span class='ocrx_word' id='word_1_21' title='bbox 647 474 757 524; x_wconf 83' lang='lat' dir='ltr'><strong>fere</strong></span> <span class='ocrx_word' id='word_1_22' title='bbox 807 479 1279 535; x_wconf 82' lang='lat' dir='ltr'>Grammaticorum</span> <span class='ocrx_word' id='word_1_23' title='bbox 1325 477 1606 528; x_wconf 81' lang='lat' dir='ltr'>consensus</span> 
     </span>
     <span class='ocr_line' id='line_1_5' title="bbox 254 550 1607 615; baseline 0.001 -12"><span class='ocrx_word' id='word_1_24' title='bbox 254 554 457 603; x_wconf 80' lang='lat' dir='ltr'><strong>deferat</strong></span> <span class='ocrx_word' id='word_1_25' title='bbox 471 572 484 612; x_wconf 84' lang='lat'><em>3</em></span> <span class='ocrx_word' id='word_1_26' title='bbox 534 564 584 602; x_wconf 89' lang='lat' dir='ltr'><strong>et</strong></span> <span class='ocrx_word' id='word_1_27' title='bbox 621 550 918 613; x_wconf 79' lang='lat' dir='ltr'><strong>affectibus,</strong></span> <span class='ocrx_word' id='word_1_28' title='bbox 958 555 1384 615; x_wconf 82' lang='lat' dir='ltr'><strong>etjucunditate‚</strong></span> <span class='ocrx_word' id='word_1_29' title='bbox 1428 565 1479 603; x_wconf 88' lang='lat' dir='ltr'><strong>et</strong></span> <span class='ocrx_word' id='word_1_30' title='bbox 1501 555 1607 605; x_wconf 81' lang='lat' dir='ltr'>dis-</span> 
     </span>
     <span class='ocr_line' id='line_1_6' title="bbox 251 631 1605 698; baseline -0.001 -17"><span class='ocrx_word' id='word_1_31' title='bbox 251 631 544 698; x_wconf 68' lang='lat' dir='ltr'><strong>positione,</strong></span> <span class='ocrx_word' id='word_1_32' title='bbox 585 641 636 679; x_wconf 89' lang='lat' dir='ltr'><strong>et</strong></span> <span class='ocrx_word' id='word_1_33' title='bbox 669 633 892 680; x_wconf 87' lang='lat' dir='ltr'><strong>omnino</strong></span> <span class='ocrx_word' id='word_1_34' title='bbox 929 642 1035 680; x_wconf 82' lang='lat' dir='ltr'><strong>arte</strong></span> <span class='ocrx_word' id='word_1_35' title='bbox 1057 631 1325 689; x_wconf 82' lang='lat' dir='ltr'><strong>deficitur,</strong></span> <span class='ocrx_word' id='word_1_36' title='bbox 1363 641 1426 680; x_wconf 87' lang='lat' dir='ltr'><strong>ut</strong></span> <span class='ocrx_word' id='word_1_37' title='bbox 1448 633 1605 698; x_wconf 77' lang='lat' dir='ltr'><strong>plane</strong></span> 
     </span>
     <span class='ocr_line' id='line_1_7' title="bbox 251 699 1608 774; baseline -0.002 -14"><span class='ocrx_word' id='word_1_38' title='bbox 251 708 531 761; x_wconf 77' lang='lat' dir='ltr'><strong>manifesto</strong></span> <span class='ocrx_word' id='word_1_39' title='bbox 581 699 849 774; x_wconf 78' lang='lat' dir='ltr'><strong>appareat,</strong></span> <span class='ocrx_word' id='word_1_40' title='bbox 907 719 1105 774; x_wconf 80' lang='lat' dir='ltr'><strong>quanto</strong></span> <span class='ocrx_word' id='word_1_41' title='bbox 1151 709 1212 757; x_wconf 84' lang='lat' dir='ltr'><strong>sit</strong></span> <span class='ocrx_word' id='word_1_42' title='bbox 1250 708 1397 757; x_wconf 83' lang='lat' dir='ltr'><strong>aliud</strong></span> <span class='ocrx_word' id='word_1_43' title='bbox 1424 711 1608 774; x_wconf 80' lang='lat' dir='ltr'><strong>proxi-</strong></span> 
     </span>
     <span class='ocr_line' id='line_1_8' title="bbox 173 783 1609 857; baseline -0.001 -21"><span class='ocrx_word' id='word_1_44' title='bbox 173 803 228 842; x_wconf 78' lang='grc'><strong>54</strong></span> <span class='ocrx_word' id='word_1_45' title='bbox 252 805 406 836; x_wconf 87' lang='lat' dir='ltr'><strong>mum</strong></span> <span class='ocrx_word' id='word_1_46' title='bbox 452 783 577 842; x_wconf 82' lang='lat' dir='ltr'><strong>effe,</strong></span> <span class='ocrx_word' id='word_1_47' title='bbox 636 786 784 834; x_wconf 85' lang='lat' dir='ltr'><strong>aliud.</strong></span> <span class='ocrx_word' id='word_1_48' title='bbox 822 785 1130 835; x_wconf 79' lang='lat' dir='ltr'><strong>secundum.</strong></span> <span class='ocrx_word' id='word_1_49' title='bbox 1232 783 1497 857; x_wconf 73' lang='lat' dir='ltr'><strong>szyafin</strong></span> <span class='ocrx_word' id='word_1_50' title='bbox 1544 803 1609 835; x_wconf 85' lang='lat' dir='ltr'><strong>ex</strong></span> 
     </span>
     <span class='ocr_line' id='line_1_9' title="bbox 251 863 1608 928; baseline -0.001 -15"><span class='ocrx_word' id='word_1_51' title='bbox 251 876 485 928; x_wconf 86' lang='lat' dir='ltr'><strong>utroque</strong></span> <span class='ocrx_word' id='word_1_52' title='bbox 518 864 747 911; x_wconf 85' lang='lat' dir='ltr'><strong>mixtum</strong></span> <span class='ocrx_word' id='word_1_53' title='bbox 782 873 969 928; x_wconf 76' lang='lat' dir='ltr'><strong>putant</strong></span> <span class='ocrx_word' id='word_1_54' title='bbox 998 864 1056 911; x_wconf 88' lang='lat' dir='ltr'>in</span> <span class='ocrx_word' id='word_1_55' title='bbox 1089 863 1420 927; x_wconf 83' lang='lat' dir='ltr'><strong>eloquendo,</strong></span> <span class='ocrx_word' id='word_1_56' title='bbox 1474 880 1608 912; x_wconf 86' lang='lat' dir='ltr'><strong>neu-</strong></span> 
     </span>
     <span class='ocr_line' id='line_1_10' title="bbox 250 940 1607 1006; baseline -0.001 -16"><span class='ocrx_word' id='word_1_57' title='bbox 250 943 500 1006; x_wconf 81' lang='lat' dir='ltr'><strong>triusque</strong></span> <span class='ocrx_word' id='word_1_58' title='bbox 534 957 757 1005; x_wconf 83' lang='lat' dir='ltr'><strong>aequare</strong></span> <span class='ocrx_word' id='word_1_59' title='bbox 793 940 1045 989; x_wconf 83' lang='lat' dir='ltr'><strong>virtutes:</strong></span> <span class='ocrx_word' id='word_1_60' title='bbox 1085 941 1310 990; x_wconf 81' lang='lat' dir='ltr'><strong>alterum</strong></span> <span class='ocrx_word' id='word_1_61' title='bbox 1347 951 1522 989; x_wconf 83' lang='lat' dir='ltr'><strong>tamen</strong></span> <span class='ocrx_word' id='word_1_62' title='bbox 1543 941 1607 988; x_wconf 85' lang='lat' dir='ltr'><strong>ab</strong></span> 
     </span>
    </p>
   </div>
   <div class='ocr_carea' id='block_1_3' title="bbox 250 1091 1607 1422">
    <p class='ocr_par' dir='ltr' id='par_1_3' title="bbox 250 1091 1607 1422">
     <span class='ocr_line' id='line_1_11' title="bbox 250 1091 1606 1142; baseline 0.001 -12"><span class='ocrx_word' id='word_1_63' title='bbox 250 1098 292 1141; x_wconf 90' lang='lat' dir='ltr'><strong>(a</strong></span> <span class='ocrx_word' id='word_1_64' title='bbox 319 1096 386 1130; x_wconf 86' lang='lat' dir='ltr'><strong>sec.</strong></span> <span class='ocrx_word' id='word_1_65' title='bbox 409 1092 483 1142; x_wconf 88' lang='lat' dir='ltr'><strong>m.)</strong></span> <span class='ocrx_word' id='word_1_66' title='bbox 513 1092 641 1128; x_wconf 89' lang='lat' dir='ltr'><strong>Guelf.</strong></span> <span class='ocrx_word' id='word_1_67' title='bbox 668 1091 786 1128; x_wconf 85' lang='lat' dir='ltr'><strong>Goth.</strong></span> <span class='ocrx_word' id='word_1_68' title='bbox 810 1092 908 1129; x_wconf 87' lang='lat' dir='ltr'><strong>Jens.</strong></span> <span class='ocrx_word' id='word_1_69' title='bbox 937 1094 1022 1133; x_wconf 82' lang='lat' dir='ltr'><strong>(tac.</strong></span> <span class='ocrx_word' id='word_1_70' title='bbox 1046 1093 1176 1140; x_wconf 79' lang='lat' dir='ltr'><strong>Gesn.)</strong></span> <span class='ocrx_word' id='word_1_71' title='bbox 1210 1095 1386 1129; x_wconf 81' lang='lat' dir='ltr'><strong>mediocri</strong></span> <span class='ocrx_word' id='word_1_72' title='bbox 1409 1107 1495 1129; x_wconf 87' lang='lat' dir='ltr'><strong>cum</strong></span> <span class='ocrx_word' id='word_1_73' title='bbox 1520 1095 1606 1131; x_wconf 83' lang='lat' dir='ltr'><strong>edd.</strong></span> 
     </span>
     <span class='ocr_line' id='line_1_12' title="bbox 252 1149 1607 1196; baseline 0.001 -9"><span class='ocrx_word' id='word_1_74' title='bbox 252 1163 341 1187; x_wconf 81' lang='lat' dir='ltr'><strong>ante</strong></span> <span class='ocrx_word' id='word_1_75' title='bbox 376 1150 484 1186; x_wconf 78' lang='lat' dir='ltr'><strong>Basil.</strong></span> <span class='ocrx_word' id='word_1_76' title='bbox 523 1149 570 1184; x_wconf 90' lang='lat' dir='ltr'><strong>cf.</strong></span> <span class='ocrx_word' id='word_1_77' title='bbox 604 1152 637 1196; x_wconf 56' lang='grc' dir='ltr'><strong>ᾗ.</strong></span> <span class='ocrx_word' id='word_1_78' title='bbox 662 1156 726 1193; x_wconf 84' lang='lat'><strong>80.</strong></span> <span class='ocrx_word' id='word_1_79' title='bbox 760 1149 831 1185; x_wconf 90' lang='lat' dir='ltr'><strong>ubi</strong></span> <span class='ocrx_word' id='word_1_80' title='bbox 868 1149 1043 1184; x_wconf 78' lang='lat' dir='ltr'><strong>mediocri</strong></span> <span class='ocrx_word' id='word_1_81' title='bbox 1072 1149 1175 1186; x_wconf 82' lang='lat' dir='ltr'><strong>Flor.</strong></span> <span class='ocrx_word' id='word_1_82' title='bbox 1209 1150 1258 1196; x_wconf 86' lang='lat' dir='ltr'><strong>(a</strong></span> <span class='ocrx_word' id='word_1_83' title='bbox 1283 1151 1351 1187; x_wconf 83' lang='lat' dir='ltr'><strong>sec.</strong></span> <span class='ocrx_word' id='word_1_84' title='bbox 1373 1153 1455 1196; x_wconf 82' lang='lat' dir='ltr'><strong>m.)</strong></span> <span class='ocrx_word' id='word_1_85' title='bbox 1487 1151 1607 1188; x_wconf 83' lang='lat' dir='ltr'><strong>Goth.</strong></span> 
     </span>
     <span class='ocr_line' id='line_1_13' title="bbox 250 1205 606 1249; baseline -0.011 -6"><span class='ocrx_word' id='word_1_86' title='bbox 250 1209 357 1247; x_wconf 89' lang='lat' dir='ltr'><strong>Voss.</strong></span> <span class='ocrx_word' id='word_1_87' title='bbox 389 1222 424 1243; x_wconf 83' lang='lat'><strong>1.</strong></span> <span class='ocrx_word' id='word_1_88' title='bbox 457 1216 494 1249; x_wconf 78' lang='lat'><strong>5.</strong></span> <span class='ocrx_word' id='word_1_89' title='bbox 524 1205 606 1240; x_wconf 84' lang='lat' dir='ltr'><strong>soli.</strong></span> 
     </span>
     <span class='ocr_line' id='line_1_14' title="bbox 311 1262 621 1311; baseline -0.006 -12"><span class='ocrx_word' id='word_1_90' title='bbox 311 1272 378 1308; x_wconf 75' lang='lat'><strong>55.</strong></span> <span class='ocrx_word' id='word_1_91' title='bbox 407 1262 621 1311; x_wconf 80' lang='lat' dir='ltr'><strong>secundum.</strong></span> 
     </span>
     <span class='ocr_line' id='line_1_15' title="bbox 251 1319 466 1357; baseline -0.014 -1"><span class='ocrx_word' id='word_1_92' title='bbox 251 1333 342 1357; x_wconf 87' lang='lat' dir='ltr'><strong>cum</strong></span> <span class='ocrx_word' id='word_1_93' title='bbox 365 1319 466 1355; x_wconf 78' lang='lat' dir='ltr'><strong>Alm.</strong></span> 
     </span>
     <span class='ocr_line' id='line_1_16' title="bbox 310 1375 654 1422; baseline -0.012 -11"><span class='ocrx_word' id='word_1_94' title='bbox 310 1383 377 1419; x_wconf 64' lang='lat'><strong>54.</strong></span> <span class='ocrx_word' id='word_1_95' title='bbox 410 1375 654 1422; x_wconf 73' lang='lat' dir='ltr'><strong>neutriusque.</strong></span> 
     </span>
    </p>
   </div>
   <div class='ocr_carea' id='block_1_4' title="bbox 682 1259 1614 1311">
    <p class='ocr_par' dir='ltr' id='par_1_4' title="bbox 682 1259 1614 1311">
     <span class='ocr_line' id='line_1_17' title="bbox 682 1259 1614 1311; baseline 0.005 -16"><span class='ocrx_word' id='word_1_96' title='bbox 682 1261 826 1302; x_wconf 40' lang='lat' dir='ltr'><strong>fiTuric.</strong></span> <span class='ocrx_word' id='word_1_97' title='bbox 862 1259 966 1297; x_wconf 87' lang='lat' dir='ltr'><strong>Flor.</strong></span> <span class='ocrx_word' id='word_1_98' title='bbox 1002 1262 1095 1305; x_wconf 83' lang='lat' dir='ltr'>(hic</span> <span class='ocrx_word' id='word_1_99' title='bbox 1139 1276 1160 1297; x_wconf 91' lang='lat' dir='ltr'><strong>a</strong></span> <span class='ocrx_word' id='word_1_100' title='bbox 1197 1276 1256 1311; x_wconf 81' lang='lat' dir='ltr'><strong>pr.</strong></span> <span class='ocrx_word' id='word_1_101' title='bbox 1299 1263 1385 1310; x_wconf 89' lang='lat' dir='ltr'><strong>m.)</strong></span> <span class='ocrx_word' id='word_1_102' title='bbox 1425 1264 1614 1300; x_wconf 78' lang='lat' dir='ltr'><strong>omittunt</strong></span> 
     </span>
    </p>
   </div>
   <div class='ocr_carea' id='block_1_5' title="bbox 250 1373 1614 1637">
    <p class='ocr_par' dir='ltr' id='par_1_5' title="bbox 250 1373 1614 1637">
     <span class='ocr_line' id='line_1_18' title="bbox 715 1373 1614 1424; baseline 0.002 -16"><span class='ocrx_word' id='word_1_103' title='bbox 715 1373 778 1408; x_wconf 85' lang='lat' dir='ltr'><strong>Sic</strong></span> <span class='ocrx_word' id='word_1_104' title='bbox 808 1373 939 1408; x_wconf 75' lang='lat' dir='ltr'><strong>Turio.</strong></span> <span class='ocrx_word' id='word_1_105' title='bbox 970 1373 1074 1409; x_wconf 73' lang='lat' dir='ltr'><strong>Flor.</strong></span> <span class='ocrx_word' id='word_1_106' title='bbox 1110 1375 1241 1424; x_wconf 87' lang='lat' dir='ltr'><strong>Camp.</strong></span> <span class='ocrx_word' id='word_1_107' title='bbox 1275 1377 1522 1424; x_wconf 86' lang='lat' dir='ltr'>(quanquam</span> <span class='ocrx_word' id='word_1_108' title='bbox 1546 1375 1614 1412; x_wconf 77' lang='lat' dir='ltr'><strong>hio</strong></span> 
     </span>
     <span class='ocr_line' id='line_1_19' title="bbox 250 1429 1612 1480; baseline -0.001 -11"><span class='ocrx_word' id='word_1_109' title='bbox 250 1446 296 1469; x_wconf 80' lang='lat' dir='ltr'><strong>ne</strong></span> <span class='ocrx_word' id='word_1_110' title='bbox 332 1431 548 1480; x_wconf 80' lang='lat' dir='ltr'><strong>utriusque)</strong></span> <span class='ocrx_word' id='word_1_111' title='bbox 590 1442 678 1464; x_wconf 85' lang='lat' dir='ltr'><strong>curn</strong></span> <span class='ocrx_word' id='word_1_112' title='bbox 709 1429 794 1465; x_wconf 91' lang='lat' dir='ltr'><strong>Ald.</strong></span> <span class='ocrx_word' id='word_1_113' title='bbox 855 1430 1007 1465; x_wconf 84' lang='lat' dir='ltr'><strong>Primus</strong></span> <span class='ocrx_word' id='word_1_114' title='bbox 1038 1444 1055 1464; x_wconf 87' lang='lat' dir='ltr'><strong>a</strong></span> <span class='ocrx_word' id='word_1_115' title='bbox 1090 1431 1158 1466; x_wconf 87' lang='lat' dir='ltr'><strong>sec.</strong></span> <span class='ocrx_word' id='word_1_116' title='bbox 1188 1445 1240 1467; x_wconf 89' lang='lat' dir='ltr'><strong>m.</strong></span> <span class='ocrx_word' id='word_1_117' title='bbox 1278 1432 1483 1480; x_wconf 80' lang='lat' dir='ltr'><strong>ascriptum</strong></span> <span class='ocrx_word' id='word_1_118' title='bbox 1502 1432 1612 1480; x_wconf 76' lang='lat' dir='ltr'><strong>supra</strong></span> 
     </span>
     <span class='ocr_line' id='line_1_20' title="bbox 251 1485 1611 1534; baseline -0.001 -10"><span class='ocrx_word' id='word_1_119' title='bbox 251 1489 374 1524; x_wconf 87' lang='lat' dir='ltr'><strong>habet</strong></span> <span class='ocrx_word' id='word_1_120' title='bbox 401 1501 473 1522; x_wconf 81' lang='lat' dir='ltr'><strong>una</strong></span> <span class='ocrx_word' id='word_1_121' title='bbox 490 1499 589 1534; x_wconf 79' lang='lat' dir='ltr'><strong>parS.</strong></span> <span class='ocrx_word' id='word_1_122' title='bbox 649 1485 811 1533; x_wconf 83' lang='lat' dir='ltr'><strong>Reliqui</strong></span> <span class='ocrx_word' id='word_1_123' title='bbox 834 1486 1022 1522; x_wconf 83' lang='lat' dir='ltr'><strong>omittunt</strong></span> <span class='ocrx_word' id='word_1_124' title='bbox 1044 1487 1285 1528; x_wconf 78' lang='lat' dir='ltr'><strong>encliticam3</strong></span> <span class='ocrx_word' id='word_1_125' title='bbox 1318 1499 1355 1523; x_wconf 85' lang='lat' dir='ltr'><strong>et</strong></span> <span class='ocrx_word' id='word_1_126' title='bbox 1377 1489 1611 1523; x_wconf 82' lang='lat' dir='ltr'><strong>recentiores</strong></span> 
     </span>
     <span class='ocr_line' id='line_1_21' title="bbox 250 1541 1614 1595; baseline 0 -16"><span class='ocrx_word' id='word_1_127' title='bbox 250 1545 433 1595; x_wconf 77' lang='lat' dir='ltr'><strong>plerique</strong></span> <span class='ocrx_word' id='word_1_128' title='bbox 463 1541 683 1590; x_wconf 85' lang='lat' dir='ltr'><strong>virgulam,</strong></span> <span class='ocrx_word' id='word_1_129' title='bbox 722 1555 838 1590; x_wconf 83' lang='lat' dir='ltr'><strong>quam</strong></span> <span class='ocrx_word' id='word_1_130' title='bbox 870 1556 941 1590; x_wconf 86' lang='lat' dir='ltr'><strong>ego</strong></span> <span class='ocrx_word' id='word_1_131' title='bbox 973 1543 1057 1591; x_wconf 82' lang='lat' dir='ltr'><strong>post</strong></span> <span class='ocrx_word' id='word_1_132' title='bbox 1090 1544 1317 1592; x_wconf 78' lang='lat' dir='ltr'><strong>eloquendo,</strong></span> <span class='ocrx_word' id='word_1_133' title='bbox 1366 1544 1450 1592; x_wconf 85' lang='lat' dir='ltr'><strong>post</strong></span> <span class='ocrx_word' id='word_1_134' title='bbox 1478 1552 1614 1592; x_wconf 77' lang='lat' dir='ltr'><strong>putant:</strong></span> 
     </span>
     <span class='ocr_line' id='line_1_22' title="bbox 250 1600 456 1637; baseline -0.01 0"><span class='ocrx_word' id='word_1_135' title='bbox 250 1600 456 1637; x_wconf 69' lang='lat' dir='ltr'><strong>exhibent.</strong></span> 
     </span>
    </p>
   </div>
   <div class='ocr_carea' id='block_1_6' title="bbox 1777 131 1779 677">
    <p class='ocr_par' dir='ltr' id='par_1_6' title="bbox 1777 131 1779 677">
     <span class='ocr_line' id='line_1_23' title="bbox 1777 131 1779 677; baseline 0 0"><span class='ocrx_word' id='word_1_136' title='bbox 1777 131 1779 677; x_wconf 95' lang='lat' dir='ltr'><strong> </strong></span> 
     </span>
    </p>
   </div>
   <div class='ocr_carea' id='block_1_7' title="bbox 254 1722 918 2788">
    <p class='ocr_par' dir='ltr' id='par_1_7' title="bbox 254 1722 918 2788">
     <span class='ocr_line' id='line_1_24' title="bbox 315 1722 904 1773; baseline 0 -13"><span class='ocrx_word' id='word_1_137' title='bbox 315 1732 379 1770; x_wconf 73' lang='lat'><strong>53.</strong></span> <span class='ocrx_word' id='word_1_138' title='bbox 401 1723 584 1773; x_wconf 78' lang='lat' dir='ltr'><strong>secundas</strong></span> <span class='ocrx_word' id='word_1_139' title='bbox 613 1742 668 1751; x_wconf 91' lang='lat'>—</span> <span class='ocrx_word' id='word_1_140' title='bbox 690 1722 904 1773; x_wconf 81' lang='lat' dir='ltr'><strong>secundum.</strong></span> 
     </span>
     <span class='ocr_line' id='line_1_25' title="bbox 255 1780 907 1829; baseline 0.002 -13"><span class='ocrx_word' id='word_1_141' title='bbox 255 1784 356 1820; x_wconf 87' lang='lat' dir='ltr'><strong>Cum</strong></span> <span class='ocrx_word' id='word_1_142' title='bbox 379 1780 561 1829; x_wconf 83' lang='lat' dir='ltr'><strong>secundas</strong></span> <span class='ocrx_word' id='word_1_143' title='bbox 592 1795 611 1815; x_wconf 86' lang='lat' dir='ltr'><strong>a</strong></span> <span class='ocrx_word' id='word_1_144' title='bbox 635 1781 907 1817; x_wconf 82' lang='lat' dir='ltr'>Grammaticis</span> 
     </span>
     <span class='ocr_line' id='line_1_26' title="bbox 254 1837 907 1879; baseline -0.003 -4"><span class='ocrx_word' id='word_1_145' title='bbox 254 1840 335 1875; x_wconf 83' lang='lat' dir='ltr'><strong>fere</strong></span> <span class='ocrx_word' id='word_1_146' title='bbox 348 1837 474 1873; x_wconf 83' lang='lat' dir='ltr'><strong>tuliffe</strong></span> <span class='ocrx_word' id='word_1_147' title='bbox 488 1837 628 1872; x_wconf 87' lang='lat' dir='ltr'><strong>dicitur</strong></span> <span class='ocrx_word' id='word_1_148' title='bbox 641 1837 907 1879; x_wconf 83' lang='lat' dir='ltr'><strong>Antimachus,</strong></span> 
     </span>
     <span class='ocr_line' id='line_1_27' title="bbox 254 1894 907 1942; baseline -0.005 -11"><span class='ocrx_word' id='word_1_149' title='bbox 254 1895 407 1932; x_wconf 81' lang='lat' dir='ltr'><strong>nemini</strong></span> <span class='ocrx_word' id='word_1_150' title='bbox 443 1894 511 1927; x_wconf 82' lang='lat' dir='ltr'>nisi</span> <span class='ocrx_word' id='word_1_151' title='bbox 541 1895 717 1929; x_wconf 78' lang='lat' dir='ltr'><strong>Homero</strong></span> <span class='ocrx_word' id='word_1_152' title='bbox 753 1907 907 1942; x_wconf 83' lang='lat' dir='ltr'><strong>compa-</strong></span> 
     </span>
     <span class='ocr_line' id='line_1_28' title="bbox 254 1950 908 1997; baseline -0.005 -9"><span class='ocrx_word' id='word_1_153' title='bbox 254 1963 360 1988; x_wconf 74' lang='lat' dir='ltr'><strong>ratus</strong></span> <span class='ocrx_word' id='word_1_154' title='bbox 395 1950 466 1985; x_wconf 86' lang='lat' dir='ltr'><strong>esse</strong></span> <span class='ocrx_word' id='word_1_155' title='bbox 487 1950 679 1997; x_wconf 82' lang='lat' dir='ltr'><strong>putandus</strong></span> <span class='ocrx_word' id='word_1_156' title='bbox 702 1950 761 1986; x_wconf 86' lang='lat' dir='ltr'><strong>est.</strong></span> <span class='ocrx_word' id='word_1_157' title='bbox 823 1952 908 1986; x_wconf 87' lang='lat' dir='ltr'><strong>Nec</strong></span> 
     </span>
     <span class='ocr_line' id='line_1_29' title="bbox 257 2004 909 2055; baseline -0.006 -11"><span class='ocrx_word' id='word_1_158' title='bbox 257 2008 370 2044; x_wconf 82' lang='lat' dir='ltr'><strong>aliter</strong></span> <span class='ocrx_word' id='word_1_159' title='bbox 393 2004 636 2053; x_wconf 85' lang='lat' dir='ltr'><strong>intelligetur</strong></span> <span class='ocrx_word' id='word_1_160' title='bbox 659 2005 725 2041; x_wconf 85' lang='lat' dir='ltr'><strong>illa</strong></span> <span class='ocrx_word' id='word_1_161' title='bbox 746 2008 909 2055; x_wconf 81' lang='lat' dir='ltr'><strong>proximi</strong></span> 
     </span>
     <span class='ocr_line' id='line_1_30' title="bbox 257 2063 908 2113; baseline -0.002 -15"><span class='ocrx_word' id='word_1_162' title='bbox 257 2075 297 2101; x_wconf 82' lang='lat' dir='ltr'><strong>et</strong></span> <span class='ocrx_word' id='word_1_163' title='bbox 319 2063 473 2113; x_wconf 80' lang='lat' dir='ltr'><strong>secundi</strong></span> <span class='ocrx_word' id='word_1_164' title='bbox 509 2063 747 2104; x_wconf 78' lang='lat' dir='ltr'><strong>differentia,</strong></span> <span class='ocrx_word' id='word_1_165' title='bbox 793 2077 908 2112; x_wconf 86' lang='lat' dir='ltr'><strong>quam</strong></span> 
     </span>
     <span class='ocr_line' id='line_1_31' title="bbox 255 2120 910 2168; baseline -0.002 -12"><span class='ocrx_word' id='word_1_166' title='bbox 255 2133 300 2157; x_wconf 86' lang='lat' dir='ltr'><strong>ut</strong></span> <span class='ocrx_word' id='word_1_167' title='bbox 328 2121 520 2168; x_wconf 79' lang='lat' dir='ltr'><strong>proximus</strong></span> <span class='ocrx_word' id='word_1_168' title='bbox 549 2120 593 2154; x_wconf 83' lang='lat' dir='ltr'><strong>fit</strong></span> <span class='ocrx_word' id='word_1_169' title='bbox 612 2120 714 2154; x_wconf 84' lang='lat' dir='ltr'><strong>inter</strong></span> <span class='ocrx_word' id='word_1_170' title='bbox 735 2133 850 2168; x_wconf 87' lang='lat' dir='ltr'><strong>quem</strong></span> <span class='ocrx_word' id='word_1_171' title='bbox 873 2130 910 2155; x_wconf 84' lang='lat' dir='ltr'><strong>et</strong></span> 
     </span>
     <span class='ocr_line' id='line_1_32' title="bbox 255 2173 908 2228; baseline -0.002 -15"><span class='ocrx_word' id='word_1_172' title='bbox 255 2179 431 2228; x_wconf 78' lang='lat' dir='ltr'><strong>primum</strong></span> <span class='ocrx_word' id='word_1_173' title='bbox 453 2173 557 2210; x_wconf 82' lang='lat' dir='ltr'>nihil</span> <span class='ocrx_word' id='word_1_174' title='bbox 578 2175 744 2216; x_wconf 84' lang='lat' dir='ltr'><strong>interest,</strong></span> <span class='ocrx_word' id='word_1_175' title='bbox 776 2190 908 2225; x_wconf 87' lang='lat' dir='ltr'><strong>quam-</strong></span> 
     </span>
     <span class='ocr_line' id='line_1_33' title="bbox 256 2232 909 2281; baseline -0.003 -12"><span class='ocrx_word' id='word_1_176' title='bbox 256 2235 318 2271; x_wconf 83' lang='lat' dir='ltr'>vis</span> <span class='ocrx_word' id='word_1_177' title='bbox 351 2233 472 2281; x_wconf 84' lang='lat' dir='ltr'><strong>longo</strong></span> <span class='ocrx_word' id='word_1_178' title='bbox 502 2232 592 2267; x_wconf 85' lang='lat' dir='ltr'><strong>inde</strong></span> <span class='ocrx_word' id='word_1_179' title='bbox 616 2232 826 2268; x_wconf 80' lang='lat' dir='ltr'><strong>intervallo</strong></span> <span class='ocrx_word' id='word_1_180' title='bbox 852 2233 909 2267; x_wconf 89' lang='lat' dir='ltr'>di-</span> 
     </span>
     <span class='ocr_line' id='line_1_34' title="bbox 256 2286 911 2337; baseline -0.008 -10"><span class='ocrx_word' id='word_1_181' title='bbox 256 2301 442 2330; x_wconf 73' lang='lat' dir='ltr'><strong>remtum,</strong></span> <span class='ocrx_word' id='word_1_182' title='bbox 461 2286 642 2337; x_wconf 80' lang='lat' dir='ltr'><strong>secundus</strong></span> <span class='ocrx_word' id='word_1_183' title='bbox 667 2289 736 2336; x_wconf 89' lang='lat' dir='ltr'><strong>qui</strong></span> <span class='ocrx_word' id='word_1_184' title='bbox 759 2289 911 2324; x_wconf 83' lang='lat' dir='ltr'><strong>nonnifi</strong></span> 
     </span>
     <span class='ocr_line' id='line_1_35' title="bbox 259 2344 911 2393; baseline -0.005 -10"><span class='ocrx_word' id='word_1_185' title='bbox 259 2360 383 2383; x_wconf 87' lang='lat' dir='ltr'><strong>unum</strong></span> <span class='ocrx_word' id='word_1_186' title='bbox 425 2345 587 2393; x_wconf 83' lang='lat' dir='ltr'><strong>gradum</strong></span> <span class='ocrx_word' id='word_1_187' title='bbox 626 2344 819 2380; x_wconf 84' lang='lat' dir='ltr'><strong>descendit</strong></span> <span class='ocrx_word' id='word_1_188' title='bbox 864 2344 911 2380; x_wconf 80' lang='lat' dir='ltr'><strong>ab</strong></span> 
     </span>
     <span class='ocr_line' id='line_1_36' title="bbox 260 2401 912 2451; baseline -0.006 -12"><span class='ocrx_word' id='word_1_189' title='bbox 260 2403 368 2442; x_wconf 80' lang='lat' dir='ltr'><strong>illius</strong></span> <span class='ocrx_word' id='word_1_190' title='bbox 398 2401 636 2451; x_wconf 81' lang='lat' dir='ltr'><strong>praestantia.</strong></span> <span class='ocrx_word' id='word_1_191' title='bbox 706 2402 795 2437; x_wconf 86' lang='lat' dir='ltr'><strong>Hoc</strong></span> <span class='ocrx_word' id='word_1_192' title='bbox 827 2401 912 2437; x_wconf 80' lang='lat' dir='ltr'><strong>Ges-</strong></span> 
     </span>
     <span class='ocr_line' id='line_1_37' title="bbox 262 2459 912 2495; baseline -0.003 -1"><span class='ocrx_word' id='word_1_193' title='bbox 262 2472 377 2495; x_wconf 81' lang='lat' dir='ltr'><strong>nerus</strong></span> <span class='ocrx_word' id='word_1_194' title='bbox 411 2459 545 2493; x_wconf 88' lang='lat' dir='ltr'><strong>docuit</strong></span> <span class='ocrx_word' id='word_1_195' title='bbox 572 2459 805 2494; x_wconf 71' lang='lat' dir='ltr'>advocandis</span> <span class='ocrx_word' id='word_1_196' title='bbox 826 2471 912 2492; x_wconf 80' lang='lat' dir='ltr'><strong>ver-</strong></span> 
     </span>
     <span class='ocr_line' id='line_1_38' title="bbox 261 2513 914 2556; baseline -0.005 -5"><span class='ocrx_word' id='word_1_197' title='bbox 261 2515 322 2551; x_wconf 75' lang='lat' dir='ltr'><strong>bis</strong></span> <span class='ocrx_word' id='word_1_198' title='bbox 364 2515 544 2549; x_wconf 76' lang='lat' dir='ltr'><strong>Horatii:</strong></span> <span class='ocrx_word' id='word_1_199' title='bbox 605 2514 739 2556; x_wconf 81' lang='lat' dir='ltr'><strong>„Jovi</strong></span> <span class='ocrx_word' id='word_1_200' title='bbox 768 2513 827 2549; x_wconf 87' lang='lat' dir='ltr'><strong>nil</strong></span> <span class='ocrx_word' id='word_1_201' title='bbox 861 2532 914 2540; x_wconf 91' lang='lat'><strong>—-</strong></span> 
     </span>
     <span class='ocr_line' id='line_1_39' title="bbox 262 2569 913 2619; baseline -0.005 -12"><span class='ocrx_word' id='word_1_202' title='bbox 262 2572 401 2619; x_wconf 65' lang='lat' dir='ltr'><strong>„viget</strong></span> <span class='ocrx_word' id='word_1_203' title='bbox 440 2570 561 2606; x_wconf 76' lang='lat' dir='ltr'><strong>simile</strong></span> <span class='ocrx_word' id='word_1_204' title='bbox 604 2581 668 2606; x_wconf 83' lang='lat' dir='ltr'><strong>aut</strong></span> <span class='ocrx_word' id='word_1_205' title='bbox 702 2569 913 2619; x_wconf 77' lang='lat' dir='ltr'><strong>secundum,</strong></span> 
     </span>
     <span class='ocr_line' id='line_1_40' title="bbox 264 2625 916 2676; baseline -0.002 -15"><span class='ocrx_word' id='word_1_206' title='bbox 264 2629 483 2676; x_wconf 74' lang='lat' dir='ltr'><strong>„proximos</strong></span> <span class='ocrx_word' id='word_1_207' title='bbox 511 2625 572 2661; x_wconf 85' lang='lat' dir='ltr'>illi</span> <span class='ocrx_word' id='word_1_208' title='bbox 604 2638 731 2663; x_wconf 82' lang='lat' dir='ltr'><strong>tamen</strong></span> <span class='ocrx_word' id='word_1_209' title='bbox 755 2639 916 2675; x_wconf 86' lang='lat' dir='ltr'><strong>occupa-</strong></span> 
     </span>
     <span class='ocr_line' id='line_1_41' title="bbox 264 2682 918 2726; baseline -0.002 -8"><span class='ocrx_word' id='word_1_210' title='bbox 264 2684 354 2726; x_wconf 75' lang='lat' dir='ltr'>„vit</span> <span class='ocrx_word' id='word_1_211' title='bbox 388 2682 508 2718; x_wconf 79' lang='lat' dir='ltr'><strong>Pallas</strong></span> <span class='ocrx_word' id='word_1_212' title='bbox 542 2682 758 2719; x_wconf 85' lang='lat' dir='ltr'><strong>honores.“</strong></span> <span class='ocrx_word' id='word_1_213' title='bbox 822 2684 918 2720; x_wconf 89' lang='lat' dir='ltr'><strong>Non</strong></span> 
     </span>
     <span class='ocr_line' id='line_1_42' title="bbox 269 2739 918 2788; baseline 0 -13"><span class='ocrx_word' id='word_1_214' title='bbox 269 2750 350 2776; x_wconf 79' lang='lat' dir='ltr'><strong>erat</strong></span> <span class='ocrx_word' id='word_1_215' title='bbox 376 2739 497 2788; x_wconf 82' lang='lat' dir='ltr'><strong>igitur</strong></span> <span class='ocrx_word' id='word_1_216' title='bbox 528 2752 646 2787; x_wconf 77' lang='lat' dir='ltr'><strong>quare</strong></span> <span class='ocrx_word' id='word_1_217' title='bbox 672 2740 849 2777; x_wconf 79' lang='lat' dir='ltr'><strong>haereret</strong></span> <span class='ocrx_word' id='word_1_218' title='bbox 874 2741 918 2776; x_wconf 87' lang='grc'><strong>111</strong></span> 
     </span>
    </p>
   </div>
   <div class='ocr_carea' id='block_1_8' title="bbox 966 1723 1617 2790">
    <p class='ocr_par' dir='ltr' id='par_1_8' title="bbox 966 1723 1617 2396">
     <span class='ocr_line' id='line_1_43' title="bbox 966 1723 1616 1762; baseline 0.002 -2"><span class='ocrx_word' id='word_1_219' title='bbox 966 1723 1055 1761; x_wconf 92' lang='lat' dir='ltr'><strong>loco</strong></span> <span class='ocrx_word' id='word_1_220' title='bbox 1103 1736 1141 1761; x_wconf 89' lang='lat' dir='ltr'><strong>et</strong></span> <span class='ocrx_word' id='word_1_221' title='bbox 1193 1726 1437 1761; x_wconf 80' lang='lat' dir='ltr'><strong>contrariam</strong></span> <span class='ocrx_word' id='word_1_222' title='bbox 1474 1726 1616 1762; x_wconf 78' lang='lat' dir='ltr'><strong>verbo·</strong></span> 
     </span>
     <span class='ocr_line' id='line_1_44' title="bbox 966 1783 1617 1830; baseline 0.003 -14"><span class='ocrx_word' id='word_1_223' title='bbox 966 1795 1054 1816; x_wconf 84' lang='lat' dir='ltr'><strong>rum</strong></span> <span class='ocrx_word' id='word_1_224' title='bbox 1075 1783 1435 1830; x_wconf 72' lang='lat' dir='ltr'><strong>interpretationem</strong></span> <span class='ocrx_word' id='word_1_225' title='bbox 1453 1793 1617 1818; x_wconf 75' lang='lat' dir='ltr'><strong>tentaret</strong></span> 
     </span>
     <span class='ocr_line' id='line_1_45' title="bbox 967 1838 1612 1887; baseline 0.003 -15"><span class='ocrx_word' id='word_1_226' title='bbox 967 1838 1305 1886; x_wconf 71' lang='lat' dir='ltr'><strong>Sclielleiibe7·gius</strong></span> <span class='ocrx_word' id='word_1_227' title='bbox 1345 1840 1368 1873; x_wconf 91' lang='lat' dir='ltr'><strong>l.</strong></span> <span class='ocrx_word' id='word_1_228' title='bbox 1408 1853 1438 1874; x_wconf 92' lang='lat' dir='ltr'><strong>c.</strong></span> <span class='ocrx_word' id='word_1_229' title='bbox 1473 1853 1508 1887; x_wconf 83' lang='lat' dir='ltr'><strong>p.</strong></span> <span class='ocrx_word' id='word_1_230' title='bbox 1547 1846 1612 1883; x_wconf 83' lang='grc'><strong>58.</strong></span> 
     </span>
     <span class='ocr_line' id='line_1_46' title="bbox 968 1894 1615 1942; baseline 0 -12"><span class='ocrx_word' id='word_1_231' title='bbox 968 1903 1033 1942; x_wconf 83' lang='lat'><strong>39.</strong></span> <span class='ocrx_word' id='word_1_232' title='bbox 1094 1897 1193 1929; x_wconf 80' lang='lat' dir='ltr'><strong>Rem</strong></span> <span class='ocrx_word' id='word_1_233' title='bbox 1217 1894 1374 1930; x_wconf 80' lang='lat' dir='ltr'><strong>conficit</strong></span> <span class='ocrx_word' id='word_1_234' title='bbox 1393 1897 1522 1932; x_wconf 79' lang='lat' dir='ltr'><strong>versus</strong></span> <span class='ocrx_word' id='word_1_235' title='bbox 1544 1908 1615 1930; x_wconf 86' lang='lat' dir='ltr'><strong>no-</strong></span> 
     </span>
     <span class='ocr_line' id='line_1_47' title="bbox 967 1950 1613 1999; baseline 0.003 -13"><span class='ocrx_word' id='word_1_236' title='bbox 967 1951 1127 1987; x_wconf 82' lang='lat' dir='ltr'><strong>tiffimus</strong></span> <span class='ocrx_word' id='word_1_237' title='bbox 1151 1950 1310 1999; x_wconf 77' lang='lat' dir='ltr'>Virgilii</span> <span class='ocrx_word' id='word_1_238' title='bbox 1329 1953 1423 1987; x_wconf 87' lang='lat' dir='ltr'><strong>Aen.</strong></span> <span class='ocrx_word' id='word_1_239' title='bbox 1451 1959 1495 1995; x_wconf 87' lang='lat'><strong>5,</strong></span> <span class='ocrx_word' id='word_1_240' title='bbox 1520 1960 1613 1994; x_wconf 80' lang='lat'><strong>320.</strong></span> 
     </span>
     <span class='ocr_line' id='line_1_48' title="bbox 967 2007 1615 2056; baseline 0 -13"><span class='ocrx_word' id='word_1_241' title='bbox 967 2007 1117 2056; x_wconf 80' lang='lat' dir='ltr'><strong>„longo</strong></span> <span class='ocrx_word' id='word_1_242' title='bbox 1166 2008 1227 2042; x_wconf 82' lang='lat' dir='ltr'><strong>sed</strong></span> <span class='ocrx_word' id='word_1_243' title='bbox 1271 2011 1460 2055; x_wconf 73' lang='lat' dir='ltr'><strong>proximus</strong></span> <span class='ocrx_word' id='word_1_244' title='bbox 1496 2009 1615 2043; x_wconf 86' lang='lat' dir='ltr'><strong>inter-</strong></span> 
     </span>
     <span class='ocr_line' id='line_1_49' title="bbox 967 2064 1615 2111; baseline 0.002 -13"><span class='ocrx_word' id='word_1_245' title='bbox 967 2064 1144 2105; x_wconf 79' lang='lat' dir='ltr'><strong>‚‚vallo.“</strong></span> <span class='ocrx_word' id='word_1_246' title='bbox 1204 2065 1287 2099; x_wconf 85' lang='lat' dir='ltr'><strong>Nec</strong></span> <span class='ocrx_word' id='word_1_247' title='bbox 1324 2066 1470 2111; x_wconf 81' lang='lat' dir='ltr'><strong>majore</strong></span> <span class='ocrx_word' id='word_1_248' title='bbox 1501 2076 1615 2099; x_wconf 86' lang='lat' dir='ltr'><strong>enco-</strong></span> 
     </span>
     <span class='ocr_line' id='line_1_50' title="bbox 966 2120 1615 2169; baseline 0.002 -16"><span class='ocrx_word' id='word_1_249' title='bbox 966 2122 1049 2156; x_wconf 83' lang='lat' dir='ltr'><strong>mio</strong></span> <span class='ocrx_word' id='word_1_250' title='bbox 1079 2120 1293 2169; x_wconf 78' lang='lat' dir='ltr'>Virgilium</span> <span class='ocrx_word' id='word_1_251' title='bbox 1333 2122 1451 2155; x_wconf 81' lang='lat' dir='ltr'><strong>donat</strong></span> <span class='ocrx_word' id='word_1_252' title='bbox 1489 2120 1615 2157; x_wconf 82' lang='lat' dir='ltr'><strong>noster</strong></span> 
     </span>
     <span class='ocr_line' id='line_1_51' title="bbox 969 2175 1614 2225; baseline 0 -13"><span class='ocrx_word' id='word_1_253' title='bbox 969 2180 1003 2224; x_wconf 74' lang='grc' dir='ltr'><strong>ς).</strong></span> <span class='ocrx_word' id='word_1_254' title='bbox 1028 2177 1091 2221; x_wconf 80' lang='grc'><strong>86.</strong></span> <span class='ocrx_word' id='word_1_255' title='bbox 1123 2187 1161 2212; x_wconf 84' lang='lat' dir='ltr'><strong>et</strong></span> <span class='ocrx_word' id='word_1_256' title='bbox 1190 2175 1290 2211; x_wconf 88' lang='lat' dir='ltr'><strong>Plin.</strong></span> <span class='ocrx_word' id='word_1_257' title='bbox 1313 2178 1383 2225; x_wconf 90' lang='lat' dir='ltr'><strong>Ep.</strong></span> <span class='ocrx_word' id='word_1_258' title='bbox 1409 2187 1455 2220; x_wconf 90' lang='lat'><strong>7,</strong></span> <span class='ocrx_word' id='word_1_259' title='bbox 1479 2187 1552 2218; x_wconf 83' lang='lat'><strong>20,</strong></span> <span class='ocrx_word' id='word_1_260' title='bbox 1579 2183 1614 2219; x_wconf 76' lang='grc'><strong>4.</strong></span> 
     </span>
     <span class='ocr_line' id='line_1_52' title="bbox 969 2232 1616 2281; baseline 0.002 -14"><span class='ocrx_word' id='word_1_261' title='bbox 969 2232 1157 2268; x_wconf 81' lang='lat' dir='ltr'><strong>Secundae</strong></span> <span class='ocrx_word' id='word_1_262' title='bbox 1178 2233 1334 2281; x_wconf 80' lang='lat' dir='ltr'><strong>poffunt</strong></span> <span class='ocrx_word' id='word_1_263' title='bbox 1355 2233 1437 2268; x_wconf 80' lang='lat' dir='ltr'><strong>dari</strong></span> <span class='ocrx_word' id='word_1_264' title='bbox 1459 2234 1516 2274; x_wconf 90' lang='lat' dir='ltr'><strong>ei,</strong></span> <span class='ocrx_word' id='word_1_265' title='bbox 1547 2233 1616 2281; x_wconf 87' lang='lat' dir='ltr'><strong>qui</strong></span> 
     </span>
     <span class='ocr_line' id='line_1_53' title="bbox 970 2287 1616 2338; baseline 0 -14"><span class='ocrx_word' id='word_1_266' title='bbox 970 2302 1049 2325; x_wconf 87' lang='lat' dir='ltr'><strong>non</strong></span> <span class='ocrx_word' id='word_1_267' title='bbox 1081 2290 1124 2324; x_wconf 79' lang='lat' dir='ltr'><strong>sit</strong></span> <span class='ocrx_word' id='word_1_268' title='bbox 1146 2287 1340 2338; x_wconf 64' lang='lat' dir='ltr'><strong>secundus,</strong></span> <span class='ocrx_word' id='word_1_269' title='bbox 1374 2290 1435 2324; x_wconf 84' lang='lat' dir='ltr'><strong>sed</strong></span> <span class='ocrx_word' id='word_1_270' title='bbox 1468 2299 1616 2325; x_wconf 82' lang='lat' dir='ltr'><strong>tantum</strong></span> 
     </span>
     <span class='ocr_line' id='line_1_54' title="bbox 968 2344 1615 2396; baseline 0.003 -16"><span class='ocrx_word' id='word_1_271' title='bbox 968 2347 1170 2396; x_wconf 80' lang='lat' dir='ltr'><strong>proximus.</strong></span> <span class='ocrx_word' id='word_1_272' title='bbox 1234 2346 1353 2392; x_wconf 92' lang='lat' dir='ltr'>[Vid.</span> <span class='ocrx_word' id='word_1_273' title='bbox 1385 2344 1615 2396; x_wconf 83' lang='lat' dir='ltr'><strong>Addenda.]</strong></span> 
     </span>
    </p>

    <p class='ocr_par' dir='ltr' id='par_1_9' title="bbox 971 2401 1617 2790">
     <span class='ocr_line' id='line_1_55' title="bbox 1031 2401 1616 2452; baseline 0.003 -16"><span class='ocrx_word' id='word_1_274' title='bbox 1031 2409 1094 2445; x_wconf 73' lang='lat'><strong>512.</strong></span> <span class='ocrx_word' id='word_1_275' title='bbox 1142 2401 1348 2452; x_wconf 83' lang='lat' dir='ltr'><strong>I&#39;anyafin‚</strong></span> <span class='ocrx_word' id='word_1_276' title='bbox 1409 2401 1616 2438; x_wconf 78' lang='lat' dir='ltr'><strong>Heracleae</strong></span> 
     </span>
     <span class='ocr_line' id='line_1_56' title="bbox 971 2459 1617 2507; baseline 0 -13"><span class='ocrx_word' id='word_1_277' title='bbox 971 2469 1193 2500; x_wconf 79' lang='lat' dir='ltr'><strong>auctorem,</strong></span> <span class='ocrx_word' id='word_1_278' title='bbox 1247 2460 1292 2494; x_wconf 86' lang='lat' dir='ltr'><strong>de</strong></span> <span class='ocrx_word' id='word_1_279' title='bbox 1322 2472 1399 2507; x_wconf 84' lang='lat' dir='ltr'><strong>quo</strong></span> <span class='ocrx_word' id='word_1_280' title='bbox 1425 2459 1516 2495; x_wconf 79' lang='lat' dir='ltr'><strong>vide</strong></span> <span class='ocrx_word' id='word_1_281' title='bbox 1545 2459 1617 2494; x_wconf 89' lang='lat' dir='ltr'><strong>im·</strong></span> 
     </span>
     <span class='ocr_line' id='line_1_57' title="bbox 971 2514 1615 2564; baseline 0.003 -15"><span class='ocrx_word' id='word_1_282' title='bbox 971 2514 1110 2564; x_wconf 81' lang='lat' dir='ltr'>primis</span> <span class='ocrx_word' id='word_1_283' title='bbox 1153 2515 1354 2563; x_wconf 62' lang='lat' dir='ltr'><strong>He&#39;ynium</strong></span> <span class='ocrx_word' id='word_1_284' title='bbox 1397 2516 1439 2551; x_wconf 81' lang='lat' dir='ltr'>in</span> <span class='ocrx_word' id='word_1_285' title='bbox 1482 2515 1615 2551; x_wconf 85' lang='lat' dir='ltr'><strong>Indice</strong></span> 
     </span>
     <span class='ocr_line' id='line_1_58' title="bbox 973 2571 1614 2621; baseline 0.002 -15"><span class='ocrx_word' id='word_1_286' title='bbox 973 2582 1174 2606; x_wconf 82' lang='lat' dir='ltr'><strong>auctorum</strong></span> <span class='ocrx_word' id='word_1_287' title='bbox 1247 2571 1293 2607; x_wconf 82' lang='lat' dir='ltr'><strong>ab</strong></span> <span class='ocrx_word' id='word_1_288' title='bbox 1368 2571 1614 2621; x_wconf 81' lang='lat' dir='ltr'><strong>Apollodoro</strong></span> 
     </span>
     <span class='ocr_line' id='line_1_59' title="bbox 972 2627 1616 2677; baseline -0.002 -14"><span class='ocrx_word' id='word_1_289' title='bbox 972 2627 1228 2663; x_wconf 84' lang='lat' dir='ltr'><strong>laudatorum.</strong></span> <span class='ocrx_word' id='word_1_290' title='bbox 1291 2630 1331 2664; x_wconf 87' lang='lat' dir='ltr'>Si</span> <span class='ocrx_word' id='word_1_291' title='bbox 1360 2630 1536 2677; x_wconf 82' lang='lat' dir='ltr'><strong>quaeris,</strong></span> <span class='ocrx_word' id='word_1_292' title='bbox 1569 2640 1616 2663; x_wconf 84' lang='lat' dir='ltr'><strong>ex</strong></span> 
     </span>
     <span class='ocr_line' id='line_1_60' title="bbox 974 2684 1615 2734; baseline 0.003 -16"><span class='ocrx_word' id='word_1_293' title='bbox 974 2697 1047 2734; x_wconf 83' lang='lat' dir='ltr'><strong>quo</strong></span> <span class='ocrx_word' id='word_1_294' title='bbox 1080 2685 1233 2719; x_wconf 81' lang='lat' dir='ltr'><strong>tandem</strong></span> <span class='ocrx_word' id='word_1_295' title='bbox 1265 2696 1432 2732; x_wconf 81' lang='lat' dir='ltr'><strong>utroque</strong></span> <span class='ocrx_word' id='word_1_296' title='bbox 1466 2685 1508 2720; x_wconf 85' lang='lat' dir='ltr'><strong>iu</strong></span> <span class='ocrx_word' id='word_1_297' title='bbox 1537 2684 1615 2720; x_wconf 91' lang='lat' dir='ltr'><strong>elo·</strong></span> 
     </span>
     <span class='ocr_line' id='line_1_61' title="bbox 975 2741 1617 2790; baseline 0 -14"><span class='ocrx_word' id='word_1_298' title='bbox 975 2741 1130 2789; x_wconf 82' lang='lat' dir='ltr'><strong>queudo</strong></span> <span class='ocrx_word' id='word_1_299' title='bbox 1159 2741 1328 2777; x_wconf 83' lang='lat' dir='ltr'><strong>mixtum</strong></span> <span class='ocrx_word' id='word_1_300' title='bbox 1353 2741 1527 2790; x_wconf 81' lang='lat' dir='ltr'><strong>putarint</strong></span> <span class='ocrx_word' id='word_1_301' title='bbox 1550 2754 1617 2778; x_wconf 87' lang='lat' dir='ltr'><strong>ve·</strong></span> 
     </span>
    </p>
   </div>
  </div>
 </body>
</html>
