1779 3062
431 116 598 162 INST.
645 116 925 165 ORATOR.
971 119 1094 165 LlB.
1135 119 1208 175 x,
1248 127 1293 172 5.
1455 127 1547 172 181

185 241 343 315 Quod
367 240 604 291 accidisse
644 243 800 304 etiam
825 244 1014 293 Porcio
1038 246 1273 303 Latroni,
1316 245 1413 310 qui
1435 245 1542 311 pri-

182 339 302 371 mus
328 321 453 369 clari
478 321 715 369 nominis
739 318 998 385 professor
1022 320 1143 380 fuit,
1186 322 1441 372 traditur:
1483 332 1544 372 ut

185 416 310 448 cum
336 400 402 457 ei,
446 397 703 446 summam
737 399 796 445 in
817 396 1011 447 scholis
1053 401 1368 464 opinionem
1405 400 1544 448 obti-

184 477 365 533 nenti,
430 473 578 523 causa
612 476 670 522 in
705 472 826 523 foro
863 472 984 522 esset
1017 476 1242 534 oranda,
1305 475 1542 542 impense

183 554 412 621 petierit,
445 554 525 601 uti
548 550 792 600 subsellia
817 552 877 599 in
910 551 1175 601 basilicam
1197 553 1543 603 transferren-

183 643 287 681 tur.
368 634 444 679 Ita
483 630 566 678 illi
597 630 807 679 coelum
843 646 1053 678 novum
1090 629 1221 688 fuit,
1271 639 1333 679 ut
1369 633 1546 680 omnis

183 713 297 771 ejus
331 708 639 771 eloquentia
676 707 940 756 contineri
993 717 1131 756 tecto
1162 724 1219 755 ac
1251 708 1544 774 parietibus

181 787 473 836 videretur.
556 789 732 853 Quare
763 784 1003 845 juvenis,
1043 786 1138 849 qui
1169 786 1430 835 rationem
1461 787 1544 834 in-

182 863 440 913 veniendi
461 860 858 926 eloquendique
892 878 919 909 a
951 862 1383 928 praeceptoribus
1423 861 1546 911 dili-

183 952 369 1007 genter
390 940 674 1004 acceperit:
718 938 868 1004 quod
889 956 1001 988 non
1023 937 1096 987 est
1117 938 1327 988 infiniti
1346 941 1544 1005 operis,

182 1019 225 1068 si
253 1019 443 1068 docere
464 1015 628 1065 sciant
651 1027 703 1064 et
725 1017 923 1064 velint:
957 1017 1387 1066 exercitationem
1407 1035 1545 1083 quo-

184 1114 291 1164 que
312 1095 581 1146 modicam
601 1092 767 1144 fuerit
791 1092 1125 1153 consecutus,
1157 1105 1422 1145 oratorem
1441 1093 1543 1144 sibi

185 1275 411 1326 consuerint,
456 1289 474 1310 a
500 1275 640 1311 semm-
681 1273 909 1323 consuerunt.
954 1274 1083 1311 Guelf.
1128 1274 1246 1311 Goth.
1297 1273 1543 1322 (tac.Gesn.)

185 1333 459 1383 consueverunt.
494 1333 626 1380 Camp.
658 1332 756 1369 Jeus.
789 1330 879 1375 (tac,
901 1332 1031 1376 Gefn.)
1064 1332 1181 1367 Tarv.
1211 1332 1473 1383 consueverint.

281 1398 343 1435 18.
375 1392 487 1426 etiam
507 1391 650 1424 Porcio.
682 1387 814 1422 Turic.
845 1387 950 1424 Flor.
978 1389 1151 1424 inserunt
1181 1390 1229 1424 in.
1262 1391 1320 1424 An
1343 1389 1421 1424 fuit
1440 1389 1525 1424 M?

270 1445 466 1496 proseffor.
509 1446 643 1480 Tui-ic.
687 1443 790 1478 flor.
835 1443 919 1487 (hie
948 1457 967 1478 a
998 1458 1055 1492 pr.
1088 1446 1160 1487 m.)
1197 1444 1389 1493 profeffaf.
1443 1448 1544 1481 Item

184 1505 290 1542 Flor.
322 1508 361 1549 (a
379 1517 438 1553 pr.
463 1504 535 1547 m.)
562 1502 732 1536 numinis.
944 1502 1126 1536 truditur:
1160 1510 1210 1536 ut.
1232 1503 1364 1537 Turio.
1388 1503 1544 1537 traditus

184 1571 319 1598 autem.
602 1567 643 1592 ut
663 1576 718 1584 —
741 1559 829 1602 ejus.
882 1558 1017 1594 Turic.
1057 1556 1163 1594 flor.
1216 1558 1300 1602 (hic
1332 1571 1352 1592 a
1380 1572 1439 1607 pr.
1469 1561 1542 1604 m.)

186 1619 377 1655 omittunt
399 1627 487 1650 cum
507 1614 609 1650 Alm.

278 1686 339 1722 19.
372 1671 527 1720 infiniti.
560 1672 692 1708 Turic.
725 1671 828 1708 Flor.
863 1670 992 1708 Guelf.
1028 1670 1290 1720 Camp.siniti
1309 1684 1397 1707 cum
1419 1672 1540 1709 Goth.

183 1733 291 1770 Voss.
318 1743 350 1765 1.
375 1739 412 1763 2.
435 1738 472 1772 5.
511 1729 609 1767 Jens.
641 1730 755 1764 Tarv.
803 1730 850 1765 cf.
882 1742 955 1769 ιο,
1003 1744 1045 1768 1,
1080 1736 1146 1773 58.
1412 1730 1540 1765 velint.

183 1789 318 1826 Turio.
341 1785 379 1834 (a
402 1786 470 1821 sec.
492 1799 544 1819 m.
577 1786 638 1821 sed
660 1786 705 1821 ab
729 1786 860 1821 eadem
887 1796 923 1820 et
949 1783 1058 1834 sciat,
1095 1797 1131 1821 et
1151 1785 1192 1820 id
1211 1799 1370 1834 quoque
1386 1788 1539 1836 Camp.)

186 1847 320 1893 Camp.
352 1843 465 1877 velut.
499 1840 627 1878 Guelf.
659 1843 717 1877 vel
754 1844 802 1876 in.
835 1842 934 1880 Jens.
976 1842 1035 1877 vel
1078 1855 1165 1878 cum
1199 1843 1283 1878 edd.
1316 1854 1400 1878 ante
1428 1842 1541 1878 Bam.

186 1915 283 1952 quae
315 1899 464 1936 omittit
495 1912 582 1934 cum
612 1897 777 1947 reliquis
809 1909 894 1935 ante
918 1898 1011 1935 Obr.
1048 1912 1124 1935 acc.
1152 1899 1298 1935 Rollin.
1352 1899 1539 1936 Nostrum

249 2054 314 2092 13·
345 2047 477 2082 Porcio
500 2046 674 2081 Latroni.
724 2046 771 2082 cf.
795 2058 834 2095 9,
888 2059 960 2089 „ac
1016 2046 1181 2095 parietes
1250 2047 1540 2091 desiderantem,

134 2103 137 2106 ’
187 2114 224 2146 2,
250 2117 313 2152 9¹·
347 2105 387 2137 In
414 2102 567 2151 basilica
591 2102 637 2137 cf.
670 2111 729 2143 12,
747 2103 831 2147 5,6.
889 2117 1035 2152 „quani
1065 2104 1311 2153 impetravit,
1365 2116 1409 2140 ut
1436 2105 1540 2151 judi-

185 2173 224 2198 et
245 2161 401 2196 Lexica.
424 2161 480 2195 M.
495 2162 637 2195 Seneca
656 2159 696 2194 in
718 2160 837 2208 praef.
892 2162 1026 2202 „cium
1069 2174 1115 2195 ex
1151 2161 1239 2197 foro
1270 2161 1312 2197 in
1344 2161 1539 2198 basilicam

185 2217 255 2254 lib.
274 2218 517 2263 42Controv.
549 2226 838 2258 „narratur,——-
889 2217 1202 2258 „transferretun
1301 2221 1435 2267 Usque
1496 2233 1543 2257 eo

184 2273 507 2316 „declamatoriae
527 2272 686 2308 virtutis
698 2275 836 2309 Latro·
891 2275 1075 2323 ‚,ingenia
1103 2275 1146 2309 in
1177 2274 1409 2311 scholasticis
1436 2289 1543 2312 exer-

185 2344 301 2373 „nem
319 2330 501 2365 Porcium
524 2329 684 2364 unicum
708 2343 836 2365 exem·
894 2332 1177 2372 „citationibus
1191 2331 1352 2368 delicate
1363 2333 1544 2369 nutriun-

187 2386 336 2436 „plum,
355 2399 443 2421 cum
465 2398 538 2434 pro
559 2397 627 2420 reo
645 2385 687 2423 in
702 2387 837 2435 Hispa-
893 2399 997 2428 ‚,tur,
1020 2398 1063 2423 ut
1089 2388 1312 2430 clamorem,
1333 2388 1542 2431 [ilentium.

187 2443 282 2485 „nia
309 2442 466 2477 Rustico
496 2441 636 2477 Porcio
676 2443 837 2491 propin·
892 2444 1061 2485 „risum‚
1093 2444 1247 2480 coelum
1277 2445 1444 2494 denique
1462 2446 1546 2496 pati

185 2513 291 2548 „quo
323 2500 389 2534 [uo
426 2498 594 2538 diceret,
636 2512 759 2548 usque
789 2512 835 2535 eo
893 2501 1128 2542 „nesciant.“
1165 2502 1267 2539 Vide
1287 2502 1348 2538 his
1372 2512 1546 2539 utentem

184 2555 283 2597 „effe
316 2555 539 2596 confusum,
591 2565 636 2590 ut
667 2569 686 2590 a
715 2555 837 2591 soloe·
894 2557 1092 2592 VVolfium
1133 2559 1176 2593 in
1215 2559 1334 2607 praef.
1372 2559 1420 2596 ad
1452 2560 1545 2596 edit.

186 2613 333 2654 „cismo
374 2611 586 2659 inciperet,
647 2625 717 2647 nec
752 2623 839 2648 ante
899 2613 1171 2650 Marcellianae
1193 2628 1230 2663 p.
1258 2625 1323 2660 25.

189 2669 382 2720 „potuiffe
414 2667 663 2711 confirmari,
693 2679 840 2706 tectum
961 2682 1021 2719 ²9·
1055 2672 1237 2708 etvelint.
1269 2673 1318 2710 cf.
1339 2683 1376 2716 2,
1411 2682 1448 2719 5,
1480 2681 1516 2719 5.

1569 257 1618 297 ¹8

1568 809 1618 848 ¹9
