1779 3062
125 168 146 199 τ
159 160 223 210 84
424 124 428 127 ’
447 153 523 198 M.
557 155 692 198 FAB.
729 155 1148 216 QUINTILIANI

124 279 278 328 certis
315 277 504 328 diebus
547 278 966 329 audiendarum:
1030 280 1282 329 nonnihil
1317 281 1474 329 etiam

123 353 390 421 persuasio
417 367 645 422 patruni,
676 359 1073 406 numerantium
1096 359 1276 422 potius
1304 357 1474 405 decla-

50 452 107 479 22
131 432 419 491 mationes,
470 450 631 498 quam
669 432 1068 482 aestimantium.
1149 433 1280 491 Sed,
1324 433 1474 498 quod

125 509 235 557 dixi
271 509 476 574 primo,
531 522 592 560 ut
626 511 877 569 arbitror,
937 511 1103 567 libro,
1162 526 1259 557 nec
1289 511 1381 558 ille
1422 509 1474 559 fe

122 587 299 636 bonus
322 599 630 653 praeceptor
651 592 850 649 majore
873 604 1117 643 numero,
1142 603 1298 652 quam
1325 585 1474 635 susti-

123 680 252 712 nere
280 663 442 728 possit,
483 666 745 715 onerabit:
790 675 840 713 et
865 667 1076 713 inanem
1098 663 1474 727 loquacitatem

126 740 341 798 recidet,
379 753 440 790 ut
460 744 653 800 omnia,
695 758 829 807 quae
857 741 978 790 sunt
1009 743 1066 789 in
1103 738 1474 799 controversia,

127 834 257 874 non,
274 828 333 866 ut
359 819 578 883 quidem
606 821 809 876 volunt,
822 836 955 884 quae
981 820 1038 866 in
1067 835 1247 866 rerum
1271 827 1473 875 natura,

125 895 399 944 dicantur:
425 907 475 944 et
495 898 582 945 vel
604 897 847 961 longiore
868 897 1050 961 potius
1074 895 1286 943 dierum
1307 893 1472 959 spatio

126 972 329 1020 laxabit·
341 971 556 1021 dicendi
577 972 934 1031 neceffitatem,
958 973 1043 1020 vel
1066 974 1304 1020 materias
1333 971 1470 1019 divi-
1486 982 1565 1026 947

52 1066 104 1101 25
129 1048 253 1098 dere
282 1052 564 1115 permittet.
645 1053 764 1100 Una
795 1050 939 1099 enim
979 1049 1262 1115 diligenter
1293 1045 1476 1097 effecta

121 1204 228 1243 Voff.
257 1217 290 1240 1.
314 1214 349 1240 2.
378 1203 479 1242 Vall.
500 1204 613 1239 Bern.
636 1204 734 1242 Jens.
771 1215 808 1239 et
840 1203 924 1239 edd.
959 1204 1116 1252 posterr.
1149 1213 1232 1239 ante
1253 1202 1365 1238 Batil.
1394 1217 1475 1241 exc.

120 1259 210 1296 Ald.
241 1260 403 1308 Reliqui
435 1259 610 1307 frequens
640 1269 666 1295 t.
703 1260 739 1295 d.
781 1260 1000 1304 (rectissime
1029 1260 1295 1308 improbatum
1332 1261 1475 1307 Regio)

121 1316 194 1352 nisi
215 1317 321 1364 quod
346 1318 477 1363 Camp.
500 1316 629 1364 lepide
645 1315 812 1363 fremens
835 1326 858 1350 t.
873 1317 907 1351 d.
932 1317 1092 1364 Cappe1·.
1115 1316 1284 1351 nostrum
1308 1315 1475 1352 voluiffe

118 1373 290 1413 videtur,
324 1371 518 1421 appellans
544 1372 697 1420 aliquot
720 1371 804 1407 loca
826 1372 920 1407 libri
951 1386 979 1406 ι.
1005 1385 1082 1420 cap.
1105 1383 1139 1407 2.
1173 1371 1302 1416 (velut
1335 1376 1475 1420 §.15.)

118 1430 194 1474 ubi
219 1429 326 1464 turba
355 1431 431 1464 sine
460 1428 532 1464 illo
559 1428 737 1476 frequens
767 1433 912 1476 (neque
944 1440 1070 1463 amant
1100 1429 1295 1475 ejusmodi
1331 1429 1476 1466 addita-

119 1497 248 1521 menta
281 1487 351 1534 qui
381 1485 467 1521 stilo
496 1485 689 1534 pollent);
730 1485 793 1520 sed
827 1498 964 1534 operae
996 1485 1225 1520 defuerunt:
1278 1487 1476 1523 omittitur

123 1543 228 1578 enim
252 1542 348 1591 fere.

208 1609 273 1635 22.
313 1594 498 1645 sustinere.
539 1597 670 1633 Turio.
715 1596 842 1633 Guelf.
885 1595 1059 1646 sustineri
1097 1611 1185 1633 cum
1221 1599 1309 1635 Ald.
1350 1602 1474 1636 Stoer.

122 1655 291 1692 chouet.
334 1654 446 1689 Leid.
738 1656 895 1688 inanem.
949 1655 1010 1689 Sic
1044 1655 1173 1704 Camp.
1232 1656 1305 1691 Sed
1340 1657 1475 1693 Turic.

123 1714 300 1748 animam.
345 1709 448 1745 Flor.
489 1711 540 1754 (a
571 1723 629 1758 pr.
657 1711 740 1754 m.)
783 1712 971 1745 animiam.
1022 1710 1181 1759 Reliqui
1221 1714 1386 1752 nimiam.
1427 1714 1476 1749 cf.

128 1782 192 1808 ιο,
225 1777 262 1811 3,
298 1779 334 1804 2.
569 1767 716 1803 recidet.
750 1767 882 1804 Turio.
906 1766 1009 1802 Flor.
1034 1767 1162 1803 Guelf.
1197 1770 1355 1804 recidere
1386 1783 1476 1806 cum

125 1824 244 1860 Goth.
276 1824 381 1863 Voff.
404 1834 439 1859 2.
470 1822 572 1858 Alm.
594 1824 709 1858 Beni.
944 1825 1101 1872 quidem.
1134 1825 1195 1860 Sic
1216 1826 1348 1861 Turic-
1370 1826 1478 1862 Flor-

127 1884 163 1925 (a
186 1894 242 1929 pr.
267 1894 319 1916 m.
346 1881 542 1928 uterque).
602 1879 761 1928 Reliqui
781 1881 952 1929 quidam,
985 1881 1089 1927 quasi
1116 1881 1214 1916 serio
1246 1881 1370 1931 aliqui
1399 1883 1478 1918 lioc

126 1937 287 1973 vellent.
537 1936 686 1971 dierum.
719 1936 846 1971 Guelf.
886 1938 1054 1972 dixerim.
1304 1942 1479 1975 materias

128 1994 304 2030 dividere.
358 1992 493 2030 Turio.
536 1994 727 2027 materiam
750 1991 788 2041 si
817 1993 875 2033 d.‚
908 2007 927 2027 a
946 1993 1013 2027 sec.
1033 2006 1082 2028 m.
1118 1997 1311 2030 materiam
1334 1993 1411 2044 sibi
1439 1996 1477 2031 d.

130 2061 167 2085 et
196 2050 246 2085 [ic
277 2050 409 2097 Camp.
443 2062 530 2083 cum
558 2047 671 2083 Bodl.
703 2049 821 2085 Andr.
873 2051 1043 2084 materias
1067 2049 1144 2099 sibi
1175 2051 1212 2087 d.
1255 2053 1354 2089 Jens.
1388 2065 1477 2088 cum

129 2106 214 2142 edd.
237 2116 322 2142 ante
343 2105 436 2141 Bad.
470 2107 662 2140 materiam
688 2105 722 2139 d.
754 2105 871 2141 Goth.
897 2106 986 2150 (tac.
1010 2107 1138 2149 Gesn.)
1169 2120 1256 2141 cum
1279 2109 1383 2144 Voff.
1410 2120 1446 2144 2.

215 2172 280 2208 25.
319 2164 399 2198 Una
419 2163 526 2197 enim.
569 2161 701 2196 Turic-
730 2161 835 2201 Flor,
870 2161 997 2198 Guelf.
1034 2163 1223 2198 omittunt
1255 2176 1344 2198 cum
1375 2164 1478 2200 Alm.
1526 2156 1527 2159 Ἴ

126 2298 244 2332 Recte
294 2294 575 2331 Almelovenus
627 2293 779 2343 ablegat
892 2305 933 2330 ut
966 2296 1113 2345 quidem
1143 2298 1283 2333 volunt.
1343 2298 1481 2334 Decla-

127 2352 174 2387 ad
198 2364 241 2393 2,
273 2363 310 2397 7,
350 2367 383 2390 1.
608 2355 617 2359 ''
835 2363 981 2387 mantes
1017 2353 1175 2400 quidem
1213 2355 1373 2400 juvenes
1407 2355 1484 2391 hoe

187 2420 251 2445 22.
280 2411 401 2458 primo
419 2408 587 2444 -Ζὶὂι-ο.
613 2421 644 2448 ι,
661 2417 696 2448 2,
715 2414 778 2450 ¹5-
835 2407 997 2448 volunt,
1029 2420 1093 2445 aut
1131 2410 1232 2446 velle
1256 2412 1391 2459 potius
1424 2413 1483 2447 vi-

129 2465 235 2500 Illud
276 2476 315 2501 ut
355 2467 516 2501 arbitror
570 2464 780 2499 deliciandi
837 2464 987 2501 dentur.

131 2522 254 2569 magis
279 2523 382 2557 causa
400 2521 535 2557 dixiss‘e
551 2521 653 2556 mihi
671 2520 778 2555 vide·
895 2524 1068 2556 materias
1089 2522 1264 2558 dividere.
1325 2527 1414 2561 Hoc
1434 2540 1484 2562 no

131 2589 215 2618 tur,
268 2592 382 2627 quam
419 2589 580 2627 propter
609 2575 779 2612 oblivio·
837 2577 1017 2612 videatur
1051 2591 1224 2627 pugnare
1261 2580 1344 2622 illi,
1377 2582 1485 2630 quod

131 2647 234 2669 nem.
286 2635 347 2669 Ad
388 2649 495 2683 quam
522 2631 702 2683 sustinere
733 2645 780 2668 an
808 2651 812 2653 ·
839 2633 948 2681 cupit
972 2634 1072 2674 sieri,
1103 2645 1145 2670 ut
1165 2649 1234 2684 pei·
1260 2647 1357 2674 totns
1378 2649 1485 2674 eatur

131 2690 233 2726 forte
254 2704 359 2738 quem
379 2691 590 2726 inseremus
604 2688 625 2724 ’ἓ
838 2690 1027 2731 materias,
1043 2691 1251 2727 tenendum
1277 2695 1338 2737 est,
1359 2694 1488 2744 (quod
