<?xml version="1.0" encoding="UTF-8"?>
<!DOCTYPE html PUBLIC "-//W3C//DTD XHTML 1.0 Transitional//EN"
    "http://www.w3.org/TR/xhtml1/DTD/xhtml1-transitional.dtd">
<html xmlns="http://www.w3.org/1999/xhtml" xml:lang="en" lang="en">
 <head>
  <title>
</title>
<meta http-equiv="Content-Type" content="text/html;charset=utf-8" />
  <meta name='ocr-system' content='tesseract 3.04.00' />
  <meta name='ocr-capabilities' content='ocr_page ocr_carea ocr_par ocr_line ocrx_word'/>
</head>
<body>
  <div class='ocr_page' id='page_1' title='image "./deinstitutioneor04quinuoft_0589.png"; bbox 0 0 1779 3062; ppageno 0'>
   <div class='ocr_carea' id='block_1_1' title="bbox 441 156 1552 230">
    <p class='ocr_par' dir='ltr' id='par_1_1' title="bbox 441 156 1552 230">
     <span class='ocr_line' id='line_1_1' title="bbox 441 156 1552 230; baseline 0.002 -13"><span class='ocrx_word' id='word_1_1' title='bbox 441 171 607 218; x_wconf 79' lang='lat' dir='ltr'>1Nsr.</span> <span class='ocrx_word' id='word_1_2' title='bbox 645 170 926 219; x_wconf 73' lang='lat' dir='ltr'>onA’ron.</span> <span class='ocrx_word' id='word_1_3' title='bbox 963 167 1097 218; x_wconf 71' lang='lat' dir='ltr'>Lm</span> <span class='ocrx_word' id='word_1_4' title='bbox 1122 171 1233 229; x_wconf 74' lang='grc' dir='ltr'>ΧΠ,</span> <span class='ocrx_word' id='word_1_5' title='bbox 1271 184 1316 229; x_wconf 91' lang='lat'>7.</span> <span class='ocrx_word' id='word_1_6' title='bbox 1455 156 1552 230; x_wconf 76' lang='lat'>563</span> 
     </span>
    </p>
   </div>
   <div class='ocr_carea' id='block_1_2' title="bbox 185 295 1561 1221">
    <p class='ocr_par' dir='ltr' id='par_1_2' title="bbox 185 295 1561 1221">
     <span class='ocr_line' id='line_1_2' title="bbox 198 295 1556 365; baseline -0.002 -14"><span class='ocrx_word' id='word_1_7' title='bbox 198 311 379 351; x_wconf 73' lang='lat' dir='ltr'>tamen</span> <span class='ocrx_word' id='word_1_8' title='bbox 427 298 501 347; x_wconf 82' lang='lat' dir='ltr'>ita</span> <span class='ocrx_word' id='word_1_9' title='bbox 550 308 751 349; x_wconf 86' lang='lat' dir='ltr'>nomen</span> <span class='ocrx_word' id='word_1_10' title='bbox 790 298 967 365; x_wconf 84' lang='lat' dir='ltr'>ipsum</span> <span class='ocrx_word' id='word_1_11' title='bbox 1017 299 1327 350; x_wconf 71' lang='lat' dir='ltr'>acensatoris</span> <span class='ocrx_word' id='word_1_12' title='bbox 1368 295 1556 348; x_wconf 79' lang='lat' dir='ltr'>horre-</span> 
     </span>
     <span class='ocr_line' id='line_1_3' title="bbox 185 378 1554 446; baseline -0.001 -18"><span class='ocrx_word' id='word_1_13' title='bbox 185 379 312 436; x_wconf 88' lang='lat' dir='ltr'>·bit,</span> <span class='ocrx_word' id='word_1_14' title='bbox 352 386 416 425; x_wconf 87' lang='lat' dir='ltr'>ut</span> <span class='ocrx_word' id='word_1_15' title='bbox 454 378 610 426; x_wconf 88' lang='lat' dir='ltr'>nullo</span> <span class='ocrx_word' id='word_1_16' title='bbox 650 393 829 440; x_wconf 90' lang='lat' dir='ltr'>neque</span> <span class='ocrx_word' id='word_1_17' title='bbox 869 378 1089 443; x_wconf 85' lang='lat' dir='ltr'>publico</span> <span class='ocrx_word' id='word_1_18' title='bbox 1127 395 1305 444; x_wconf 86' lang='lat' dir='ltr'>neque</span> <span class='ocrx_word' id='word_1_19' title='bbox 1342 378 1554 446; x_wconf 82' lang='lat' dir='ltr'>privato</span> 
     </span>
     <span class='ocr_line' id='line_1_4' title="bbox 201 450 1559 521; baseline -0.001 -16"><span class='ocrx_word' id='word_1_20' title='bbox 201 455 335 505; x_wconf 85' lang='lat' dir='ltr'>duci</span> <span class='ocrx_word' id='word_1_21' title='bbox 372 453 521 521; x_wconf 86' lang='lat' dir='ltr'>poffit</span> <span class='ocrx_word' id='word_1_22' title='bbox 563 450 775 511; x_wconf 76' lang='lat' dir='ltr'>officiO,</span> <span class='ocrx_word' id='word_1_23' title='bbox 826 465 889 503; x_wconf 85' lang='lat' dir='ltr'>ut</span> <span class='ocrx_word' id='word_1_24' title='bbox 939 457 1170 521; x_wconf 76' lang='lat' dir='ltr'>aliquem</span> <span class='ocrx_word' id='word_1_25' title='bbox 1214 456 1281 504; x_wconf 89' lang='lat' dir='ltr'>ad.</span> <span class='ocrx_word' id='word_1_26' title='bbox 1327 455 1559 505; x_wconf 86' lang='lat' dir='ltr'>redden-</span> 
     </span>
     <span class='ocr_line' id='line_1_5' title="bbox 203 532 1558 599; baseline 0 -17"><span class='ocrx_word' id='word_1_27' title='bbox 203 532 330 582; x_wconf 86' lang='lat' dir='ltr'>dam</span> <span class='ocrx_word' id='word_1_28' title='bbox 377 533 642 582; x_wconf 86' lang='lat' dir='ltr'>rationem</span> <span class='ocrx_word' id='word_1_29' title='bbox 684 532 825 580; x_wconf 88' lang='lat' dir='ltr'>vit-ae</span> <span class='ocrx_word' id='word_1_30' title='bbox 874 544 1043 582; x_wconf 78' lang='lat' dir='ltr'>vocet.</span> <span class='ocrx_word' id='word_1_31' title='bbox 1132 535 1277 582; x_wconf 87' lang='lat' dir='ltr'>Nam</span> <span class='ocrx_word' id='word_1_32' title='bbox 1324 543 1377 582; x_wconf 90' lang='lat' dir='ltr'>et</span> <span class='ocrx_word' id='word_1_33' title='bbox 1415 534 1558 599; x_wconf 84' lang='lat' dir='ltr'>leges</span> 
     </span>
     <span class='ocr_line' id='line_1_6' title="bbox 199 608 1558 678; baseline 0.001 -20"><span class='ocrx_word' id='word_1_34' title='bbox 199 609 347 678; x_wconf 80' lang='lat' dir='ltr'>&#39;ipsae</span> <span class='ocrx_word' id='word_1_35' title='bbox 384 610 528 659; x_wconf 84' lang='lat' dir='ltr'>nihil</span> <span class='ocrx_word' id='word_1_36' title='bbox 566 610 791 667; x_wconf 69' lang='lat' dir='ltr'>valeant,</span> <span class='ocrx_word' id='word_1_37' title='bbox 831 608 934 658; x_wconf 71' lang='lat' dir='ltr'>nin</span> <span class='ocrx_word' id='word_1_38' title='bbox 974 612 1162 660; x_wconf 82' lang='lat' dir='ltr'>actoris</span> <span class='ocrx_word' id='word_1_39' title='bbox 1196 610 1392 661; x_wconf 85' lang='lat' dir='ltr'>idonea</span> <span class='ocrx_word' id='word_1_40' title='bbox 1421 627 1558 661; x_wconf 88' lang='lat' dir='ltr'>voce</span> 
     </span>
     <span class='ocr_line' id='line_1_7' title="bbox 195 686 1556 756; baseline 0 -19"><span class='ocrx_word' id='word_1_41' title='bbox 195 688 469 738; x_wconf 81' lang='lat' dir='ltr'>munitae:</span> <span class='ocrx_word' id='word_1_42' title='bbox 511 698 564 736; x_wconf 81' lang='lat' dir='ltr'>et</span> <span class='ocrx_word' id='word_1_43' title='bbox 603 687 646 736; x_wconf 80' lang='lat' dir='ltr'>fi</span> <span class='ocrx_word' id='word_1_44' title='bbox 688 702 886 753; x_wconf 88' lang='lat' dir='ltr'>poenas</span> <span class='ocrx_word' id='word_1_45' title='bbox 923 686 1180 737; x_wconf 77' lang='lat' dir='ltr'>scelerum</span> <span class='ocrx_word' id='word_1_46' title='bbox 1208 699 1452 756; x_wconf 85' lang='lat' dir='ltr'>expetere</span> <span class='ocrx_word' id='word_1_47' title='bbox 1477 687 1556 738; x_wconf 82' lang='lat' dir='ltr'>fas</span> 
     </span>
     <span class='ocr_line' id='line_1_8' title="bbox 202 763 1556 833; baseline -0.001 -18"><span class='ocrx_word' id='word_1_48' title='bbox 202 783 318 816; x_wconf 87' lang='lat' dir='ltr'>non</span> <span class='ocrx_word' id='word_1_49' title='bbox 357 764 448 823; x_wconf 85' lang='lat' dir='ltr'>est,</span> <span class='ocrx_word' id='word_1_50' title='bbox 486 782 657 832; x_wconf 85' lang='lat' dir='ltr'>prope</span> <span class='ocrx_word' id='word_1_51' title='bbox 697 764 797 823; x_wconf 89' lang='lat' dir='ltr'>est,</span> <span class='ocrx_word' id='word_1_52' title='bbox 838 773 900 814; x_wconf 85' lang='lat' dir='ltr'>ut</span> <span class='ocrx_word' id='word_1_53' title='bbox 936 763 1127 813; x_wconf 74' lang='lat' dir='ltr'>scelera</span> <span class='ocrx_word' id='word_1_54' title='bbox 1167 765 1277 833; x_wconf 81' lang='lat' dir='ltr'>ipsa</span> <span class='ocrx_word' id='word_1_55' title='bbox 1313 763 1556 832; x_wconf 82' lang='lat' dir='ltr'>permiffa</span> 
     </span>
     <span class='ocr_line' id='line_1_9' title="bbox 198 841 1557 900; baseline -0.001 -8"><span class='ocrx_word' id='word_1_56' title='bbox 198 843 334 893; x_wconf 78' lang='lat' dir='ltr'>sint:</span> <span class='ocrx_word' id='word_1_57' title='bbox 414 853 468 891; x_wconf 83' lang='lat' dir='ltr'>et</span> <span class='ocrx_word' id='word_1_58' title='bbox 505 843 774 891; x_wconf 82' lang='lat' dir='ltr'>licentiam</span> <span class='ocrx_word' id='word_1_59' title='bbox 813 843 966 891; x_wconf 87' lang='lat' dir='ltr'>malis</span> <span class='ocrx_word' id='word_1_60' title='bbox 1008 841 1151 900; x_wconf 84' lang='lat' dir='ltr'>dari,</span> <span class='ocrx_word' id='word_1_61' title='bbox 1193 854 1330 893; x_wconf 85' lang='lat' dir='ltr'>certe</span> <span class='ocrx_word' id='word_1_62' title='bbox 1373 852 1557 893; x_wconf 82' lang='lat' dir='ltr'>contra</span> 
     </span>
     <span class='ocr_line' id='line_1_10' title="bbox 202 918 1556 989; baseline 0.001 -19"><span class='ocrx_word' id='word_1_63' title='bbox 202 922 376 971; x_wconf 89' lang='lat' dir='ltr'>bonos</span> <span class='ocrx_word' id='word_1_64' title='bbox 406 919 492 969; x_wconf 83' lang='lat' dir='ltr'>est.</span> <span class='ocrx_word' id='word_1_65' title='bbox 573 924 748 989; x_wconf 79' lang='lat' dir='ltr'>Quare</span> <span class='ocrx_word' id='word_1_66' title='bbox 775 927 952 985; x_wconf 77' lang='lat' dir='ltr'>neque</span> <span class='ocrx_word' id='word_1_67' title='bbox 990 918 1259 969; x_wconf 85' lang='lat' dir='ltr'>sociorum</span> <span class='ocrx_word' id='word_1_68' title='bbox 1300 922 1556 986; x_wconf 80' lang='lat' dir='ltr'><strong>querelas,</strong></span> 
     </span>
     <span class='ocr_line' id='line_1_11' title="bbox 201 998 1560 1063; baseline -0.001 -15"><span class='ocrx_word' id='word_1_69' title='bbox 201 1015 301 1048; x_wconf 87' lang='lat' dir='ltr'>nec</span> <span class='ocrx_word' id='word_1_70' title='bbox 329 999 486 1047; x_wconf 89' lang='lat' dir='ltr'>amici</span> <span class='ocrx_word' id='word_1_71' title='bbox 518 999 605 1048; x_wconf 89' lang='lat' dir='ltr'>vel</span> <span class='ocrx_word' id='word_1_72' title='bbox 637 998 934 1063; x_wconf 87' lang='lat' dir='ltr'>propinqui</span> <span class='ocrx_word' id='word_1_73' title='bbox 968 1014 1169 1056; x_wconf 86' lang='lat' dir='ltr'>necem,</span> <span class='ocrx_word' id='word_1_74' title='bbox 1209 1014 1307 1046; x_wconf 89' lang='lat' dir='ltr'>nec</span> <span class='ocrx_word' id='word_1_75' title='bbox 1337 1008 1560 1063; x_wconf 86' lang='lat' dir='ltr'>eruptu-</span> 
     </span>
     <span class='ocr_line' id='line_1_12' title="bbox 202 1074 1559 1142; baseline -0.001 -17"><span class='ocrx_word' id='word_1_76' title='bbox 202 1093 285 1126; x_wconf 86' lang='lat' dir='ltr'>ras</span> <span class='ocrx_word' id='word_1_77' title='bbox 307 1077 368 1125; x_wconf 88' lang='lat' dir='ltr'>in</span> <span class='ocrx_word' id='word_1_78' title='bbox 390 1075 778 1142; x_wconf 85' lang='lat' dir='ltr'>rempublicam</span> <span class='ocrx_word' id='word_1_79' title='bbox 803 1074 1219 1142; x_wconf 81' lang='lat' dir='ltr'>conspirationes</span> <span class='ocrx_word' id='word_1_80' title='bbox 1248 1076 1448 1124; x_wconf 87' lang='lat' dir='ltr'>inultas</span> <span class='ocrx_word' id='word_1_81' title='bbox 1468 1092 1559 1141; x_wconf 86' lang='lat' dir='ltr'>pa-</span> 
     </span>
     <span class='ocr_line' id='line_1_13' title="bbox 201 1154 1561 1221; baseline -0.001 -17"><span class='ocrx_word' id='word_1_82' title='bbox 201 1155 365 1204; x_wconf 86' lang='lat' dir='ltr'>tietur</span> <span class='ocrx_word' id='word_1_83' title='bbox 404 1164 608 1203; x_wconf 86' lang='lat' dir='ltr'>orator:</span> <span class='ocrx_word' id='word_1_84' title='bbox 667 1170 781 1202; x_wconf 90' lang='lat' dir='ltr'>non</span> <span class='ocrx_word' id='word_1_85' title='bbox 813 1171 1019 1220; x_wconf 86' lang='lat' dir='ltr'>poenae</span> <span class='ocrx_word' id='word_1_86' title='bbox 1056 1154 1371 1203; x_wconf 85' lang='lat' dir='ltr'>nocentium</span> <span class='ocrx_word' id='word_1_87' title='bbox 1407 1154 1561 1221; x_wconf 88' lang='lat' dir='ltr'>cupi-</span> 
     </span>
    </p>
   </div>
   <div class='ocr_carea' id='block_1_3' title="bbox 1581 939 1604 966">
    <p class='ocr_par' dir='ltr' id='par_1_3' title="bbox 1581 939 1604 966">
     <span class='ocr_line' id='line_1_14' title="bbox 1581 939 1604 966; textangle 90"><span class='ocrx_word' id='word_1_88' title='bbox 1581 939 1604 966; x_wconf 63' lang='grc' dir='ltr'>ὓ</span> 
     </span>
    </p>
   </div>
   <div class='ocr_carea' id='block_1_4' title="bbox 174 1327 1576 2518">
    <p class='ocr_par' dir='ltr' id='par_1_4' title="bbox 174 1327 1566 2291">
     <span class='ocr_line' id='line_1_15' title="bbox 201 1327 1560 1377; baseline 0.001 -12"><span class='ocrx_word' id='word_1_89' title='bbox 201 1331 267 1367; x_wconf 82' lang='lat' dir='ltr'>Sic</span> <span class='ocrx_word' id='word_1_90' title='bbox 295 1330 413 1365; x_wconf 79' lang='lat' dir='ltr'>Tarv.</span> <span class='ocrx_word' id='word_1_91' title='bbox 444 1330 544 1367; x_wconf 85' lang='lat' dir='ltr'>Ven.</span> <span class='ocrx_word' id='word_1_92' title='bbox 576 1330 688 1365; x_wconf 80' lang='lat' dir='ltr'>Ruso.</span> <span class='ocrx_word' id='word_1_93' title='bbox 720 1327 807 1364; x_wconf 79' lang='lat' dir='ltr'><strong>Ald.</strong></span> <span class='ocrx_word' id='word_1_94' title='bbox 838 1327 932 1362; x_wconf 85' lang='lat' dir='ltr'>Bad.</span> <span class='ocrx_word' id='word_1_95' title='bbox 968 1328 1119 1377; x_wconf 76' lang='lat' dir='ltr'>Gryph.</span> <span class='ocrx_word' id='word_1_96' title='bbox 1153 1328 1250 1365; x_wconf 80' lang='lat' dir='ltr'>Obr.</span> <span class='ocrx_word' id='word_1_97' title='bbox 1280 1330 1368 1377; x_wconf 83' lang='lat' dir='ltr'>Bip.</span> <span class='ocrx_word' id='word_1_98' title='bbox 1401 1343 1403 1346; x_wconf 60' lang='lat'><em>⁴</em></span> <span class='ocrx_word' id='word_1_99' title='bbox 1430 1331 1560 1368; x_wconf 69' lang='lat' dir='ltr'>mallee</span> 
     </span>
     <span class='ocr_line' id='line_1_16' title="bbox 201 1385 1557 1438; baseline 0.001 -14"><span class='ocrx_word' id='word_1_100' title='bbox 201 1387 353 1435; x_wconf 76' lang='lat' dir='ltr'>reliqui</span> <span class='ocrx_word' id='word_1_101' title='bbox 391 1398 429 1422; x_wconf 86' lang='lat' dir='ltr'>et</span> <span class='ocrx_word' id='word_1_102' title='bbox 465 1387 597 1438; x_wconf 81' lang='lat' dir='ltr'>scripti</span> <span class='ocrx_word' id='word_1_103' title='bbox 628 1388 809 1436; x_wconf 88' lang='lat' dir='ltr'>quidem,</span> <span class='ocrx_word' id='word_1_104' title='bbox 857 1385 886 1419; x_wconf 79' lang='lat' dir='ltr'>si</span> <span class='ocrx_word' id='word_1_105' title='bbox 916 1385 1015 1421; x_wconf 85' lang='lat' dir='ltr'>fides</span> <span class='ocrx_word' id='word_1_106' title='bbox 1048 1386 1364 1428; x_wconf 73' lang='lat' dir='ltr'>conferentibus,</span> <span class='ocrx_word' id='word_1_107' title='bbox 1408 1400 1557 1427; x_wconf 85' lang='lat' dir='ltr'>omnes.</span> 
     </span>
     <span class='ocr_line' id='line_1_17' title="bbox 205 1442 1558 1491; baseline 0.001 -12"><span class='ocrx_word' id='word_1_108' title='bbox 205 1445 421 1481; x_wconf 80' lang='lat' dir='ltr'>Certiffima</span> <span class='ocrx_word' id='word_1_109' title='bbox 455 1455 582 1482; x_wconf 82' lang='lat' dir='ltr'>tamen</span> <span class='ocrx_word' id='word_1_110' title='bbox 608 1445 732 1480; x_wconf 83' lang='lat' dir='ltr'>nostra</span> <span class='ocrx_word' id='word_1_111' title='bbox 762 1442 970 1489; x_wconf 84' lang='lat' dir='ltr'>scriptura;</span> <span class='ocrx_word' id='word_1_112' title='bbox 1003 1456 1117 1491; x_wconf 78' lang='lat' dir='ltr'>quam</span> <span class='ocrx_word' id='word_1_113' title='bbox 1151 1444 1364 1484; x_wconf 79' lang='lat' dir='ltr'>Gesnerus,</span> <span class='ocrx_word' id='word_1_114' title='bbox 1395 1445 1558 1480; x_wconf 53' lang='lat' dir='ltr'>variet&amp;</span> 
     </span>
     <span class='ocr_line' id='line_1_18' title="bbox 202 1500 1557 1550; baseline -0.001 -12"><span class='ocrx_word' id='word_1_115' title='bbox 202 1513 282 1538; x_wconf 84' lang='lat' dir='ltr'>tem</span> <span class='ocrx_word' id='word_1_116' title='bbox 313 1501 513 1550; x_wconf 83' lang='lat' dir='ltr'>ignorans,</span> <span class='ocrx_word' id='word_1_117' title='bbox 546 1502 765 1547; x_wconf 79' lang='lat' dir='ltr'>conjectura</span> <span class='ocrx_word' id='word_1_118' title='bbox 796 1501 984 1535; x_wconf 75' lang='lat' dir='ltr'>assecutus</span> <span class='ocrx_word' id='word_1_119' title='bbox 1018 1500 1078 1540; x_wconf 80' lang='lat' dir='ltr'>est,</span> <span class='ocrx_word' id='word_1_120' title='bbox 1112 1500 1173 1534; x_wconf 84' lang='lat' dir='ltr'>fed</span> <span class='ocrx_word' id='word_1_121' title='bbox 1206 1502 1311 1535; x_wconf 74' lang='lat' dir='ltr'>malit</span> <span class='ocrx_word' id='word_1_122' title='bbox 1332 1502 1446 1536; x_wconf 78' lang='lat' dir='ltr'>etiam</span> <span class='ocrx_word' id='word_1_123' title='bbox 1467 1515 1557 1550; x_wconf 88' lang='lat' dir='ltr'>pro-</span> 
     </span>
     <span class='ocr_line' id='line_1_19' title="bbox 200 1556 1560 1608; baseline 0.001 -15"><span class='ocrx_word' id='word_1_124' title='bbox 200 1568 365 1608; x_wconf 77' lang='lat' dir='ltr'>ponens.</span> <span class='ocrx_word' id='word_1_125' title='bbox 402 1560 628 1595; x_wconf 67' lang='lat' dir='ltr'>&#39;Consentit</span> <span class='ocrx_word' id='word_1_126' title='bbox 668 1559 709 1592; x_wconf 88' lang='lat' dir='ltr'>in</span> <span class='ocrx_word' id='word_1_127' title='bbox 751 1557 876 1593; x_wconf 77' lang='lat' dir='ltr'>nostra</span> <span class='ocrx_word' id='word_1_128' title='bbox 917 1556 1045 1604; x_wconf 79' lang='lat' dir='ltr'>Spald.</span> <span class='ocrx_word' id='word_1_129' title='bbox 1088 1557 1130 1592; x_wconf 89' lang='lat' dir='ltr'>in</span> <span class='ocrx_word' id='word_1_130' title='bbox 1164 1557 1337 1597; x_wconf 79' lang='lat' dir='ltr'>schedis,</span> <span class='ocrx_word' id='word_1_131' title='bbox 1382 1558 1560 1594; x_wconf 78' lang='lat' dir='ltr'>conferre</span> 
     </span>
     <span class='ocr_line' id='line_1_20' title="bbox 200 1613 1560 1663; baseline 0 -13"><span class='ocrx_word' id='word_1_132' title='bbox 200 1616 341 1663; x_wconf 81' lang='lat' dir='ltr'>jubens</span> <span class='ocrx_word' id='word_1_133' title='bbox 377 1627 440 1656; x_wconf 80' lang='lat'>12,</span> <span class='ocrx_word' id='word_1_134' title='bbox 479 1629 511 1656; x_wconf 84' lang='lat'>1,</span> <span class='ocrx_word' id='word_1_135' title='bbox 544 1623 610 1663; x_wconf 78' lang='lat'>40.</span> <span class='ocrx_word' id='word_1_136' title='bbox 650 1616 720 1651; x_wconf 89' lang='lat' dir='ltr'>ubi</span> <span class='ocrx_word' id='word_1_137' title='bbox 756 1614 862 1649; x_wconf 84' lang='lat' dir='ltr'>idem</span> <span class='ocrx_word' id='word_1_138' title='bbox 893 1613 1035 1648; x_wconf 82' lang='lat' dir='ltr'>accidit</span> <span class='ocrx_word' id='word_1_139' title='bbox 1067 1613 1109 1648; x_wconf 86' lang='lat' dir='ltr'>in</span> <span class='ocrx_word' id='word_1_140' title='bbox 1140 1614 1264 1649; x_wconf 76' lang='lat' dir='ltr'>verbo</span> <span class='ocrx_word' id='word_1_141' title='bbox 1295 1615 1410 1650; x_wconf 70' lang='lat' dir='ltr'>nolet.</span> <span class='ocrx_word' id='word_1_142' title='bbox 1499 1629 1560 1650; x_wconf 85' lang='lat' dir='ltr'>ac-</span> 
     </span>
     <span class='ocr_line' id='line_1_21' title="bbox 202 1669 1564 1721; baseline -0.002 -13"><span class='ocrx_word' id='word_1_143' title='bbox 202 1671 404 1721; x_wconf 75' lang='lat' dir='ltr'>cusationis·</span> <span class='ocrx_word' id='word_1_144' title='bbox 430 1673 563 1709; x_wconf 86' lang='lat' dir='ltr'>Turic.</span> <span class='ocrx_word' id='word_1_145' title='bbox 595 1672 700 1708; x_wconf 83' lang='lat' dir='ltr'>Flor.</span> <span class='ocrx_word' id='word_1_146' title='bbox 738 1673 872 1719; x_wconf 81' lang='lat' dir='ltr'>Camp.</span> <span class='ocrx_word' id='word_1_147' title='bbox 902 1683 933 1705; x_wconf 89' lang='lat' dir='ltr'>c.</span> <span class='ocrx_word' id='word_1_148' title='bbox 971 1669 1074 1705; x_wconf 85' lang='lat' dir='ltr'>Alm.</span> <span class='ocrx_word' id='word_1_149' title='bbox 1109 1671 1215 1707; x_wconf 85' lang='lat' dir='ltr'>Voff.</span> <span class='ocrx_word' id='word_1_150' title='bbox 1259 1683 1290 1706; x_wconf 87' lang='lat'>1.</span> <span class='ocrx_word' id='word_1_151' title='bbox 1330 1673 1442 1707; x_wconf 79' lang='lat' dir='ltr'>Bern.</span> <span class='ocrx_word' id='word_1_152' title='bbox 1504 1686 1564 1706; x_wconf 72' lang='lat' dir='ltr'>ne-</span> 
     </span>
     <span class='ocr_line' id='line_1_22' title="bbox 205 1727 1566 1778; baseline -0.001 -14"><span class='ocrx_word' id='word_1_153' title='bbox 205 1743 274 1778; x_wconf 81' lang='lat' dir='ltr'>que</span> <span class='ocrx_word' id='word_1_154' title='bbox 313 1730 415 1776; x_wconf 83' lang='lat' dir='ltr'><em>publ.</em></span> <span class='ocrx_word' id='word_1_155' title='bbox 467 1742 544 1767; x_wconf 87' lang='lat' dir='ltr'>om.</span> <span class='ocrx_word' id='word_1_156' title='bbox 590 1730 726 1767; x_wconf 86' lang='lat' dir='ltr'>Turic.</span> <span class='ocrx_word' id='word_1_157' title='bbox 766 1727 872 1764; x_wconf 81' lang='lat' dir='ltr'>Flor.</span> <span class='ocrx_word' id='word_1_158' title='bbox 913 1728 1047 1774; x_wconf 83' lang='lat' dir='ltr'>Camp.</span> <span class='ocrx_word' id='word_1_159' title='bbox 1088 1741 1120 1762; x_wconf 91' lang='lat' dir='ltr'>c.</span> <span class='ocrx_word' id='word_1_160' title='bbox 1160 1727 1263 1762; x_wconf 82' lang='lat' dir='ltr'>Alm.</span> <span class='ocrx_word' id='word_1_161' title='bbox 1328 1728 1474 1777; x_wconf 75' lang='lat' dir='ltr'>aliquid</span> <span class='ocrx_word' id='word_1_162' title='bbox 1515 1727 1566 1764; x_wconf 76' lang='lat' dir='ltr'>ad</span> 
     </span>
     <span class='ocr_line' id='line_1_23' title="bbox 204 1783 1561 1832; baseline -0.001 -10"><span class='ocrx_word' id='word_1_163' title='bbox 204 1785 334 1822; x_wconf 78' lang='lat' dir='ltr'>Guelf.</span> <span class='ocrx_word' id='word_1_164' title='bbox 389 1796 501 1822; x_wconf 81' lang='lat' dir='ltr'>vocat</span> <span class='ocrx_word' id='word_1_165' title='bbox 530 1786 634 1822; x_wconf 87' lang='lat' dir='ltr'>Flor.</span> <span class='ocrx_word' id='word_1_166' title='bbox 695 1786 822 1822; x_wconf 77' lang='lat' dir='ltr'>valent</span> <span class='ocrx_word' id='word_1_167' title='bbox 854 1784 989 1832; x_wconf 83' lang='lat' dir='ltr'>Camp.</span> <span class='ocrx_word' id='word_1_168' title='bbox 1023 1794 1060 1819; x_wconf 79' lang='lat' dir='ltr'>et</span> <span class='ocrx_word' id='word_1_169' title='bbox 1092 1783 1177 1820; x_wconf 81' lang='lat' dir='ltr'>edd.</span> <span class='ocrx_word' id='word_1_170' title='bbox 1210 1795 1296 1819; x_wconf 79' lang='lat' dir='ltr'>ante</span> <span class='ocrx_word' id='word_1_171' title='bbox 1330 1785 1443 1820; x_wconf 70' lang='lat' dir='ltr'>Leid.</span> <span class='ocrx_word' id='word_1_172' title='bbox 1477 1798 1561 1821; x_wconf 78' lang='lat' dir='ltr'>exc.</span> 
     </span>
     <span class='ocr_line' id='line_1_24' title="bbox 204 1840 1562 1900; baseline -0.002 -21"><span class='ocrx_word' id='word_1_173' title='bbox 204 1842 293 1879; x_wconf 83' lang='lat' dir='ltr'>Ald.</span> <span class='ocrx_word' id='word_1_174' title='bbox 326 1844 422 1878; x_wconf 80' lang='lat' dir='ltr'>Sane</span> <span class='ocrx_word' id='word_1_175' title='bbox 453 1841 752 1889; x_wconf 81' lang='lat' dir='ltr'>conjunctivum</span> <span class='ocrx_word' id='word_1_176' title='bbox 784 1841 827 1876; x_wconf 88' lang='lat' dir='ltr'>in</span> <span class='ocrx_word' id='word_1_177' title='bbox 860 1840 929 1875; x_wconf 64' lang='lat' dir='ltr'>tali</span> <span class='ocrx_word' id='word_1_178' title='bbox 958 1841 1145 1875; x_wconf 84' lang='lat' dir='ltr'>structura</span> <span class='ocrx_word' id='word_1_179' title='bbox 1176 1853 1257 1875; x_wconf 85' lang='lat' dir='ltr'>non</span> <span class='ocrx_word' id='word_1_180' title='bbox 1290 1840 1562 1900; x_wconf 49' lang='lat' dir='ltr'>expectabam:</span> 
     </span>
     <span class='ocr_line' id='line_1_25' title="bbox 208 1897 1563 1948; baseline 0 -14"><span class='ocrx_word' id='word_1_181' title='bbox 208 1911 336 1935; x_wconf 85' lang='lat' dir='ltr'>tamen</span> <span class='ocrx_word' id='word_1_182' title='bbox 379 1912 468 1934; x_wconf 90' lang='lat' dir='ltr'>cum</span> <span class='ocrx_word' id='word_1_183' title='bbox 498 1913 658 1948; x_wconf 82' lang='lat' dir='ltr'>peccare</span> <span class='ocrx_word' id='word_1_184' title='bbox 694 1913 784 1934; x_wconf 82' lang='lat' dir='ltr'>eum</span> <span class='ocrx_word' id='word_1_185' title='bbox 822 1898 865 1931; x_wconf 88' lang='lat' dir='ltr'>in</span> <span class='ocrx_word' id='word_1_186' title='bbox 901 1897 1006 1946; x_wconf 84' lang='lat' dir='ltr'>leges</span> <span class='ocrx_word' id='word_1_187' title='bbox 1038 1897 1225 1933; x_wconf 84' lang='lat' dir='ltr'>sermonis</span> <span class='ocrx_word' id='word_1_188' title='bbox 1257 1911 1374 1932; x_wconf 86' lang='lat' dir='ltr'>neruo</span> <span class='ocrx_word' id='word_1_189' title='bbox 1407 1897 1563 1940; x_wconf 81' lang='lat' dir='ltr'>dixerit,</span> 
     </span>
     <span class='ocr_line' id='line_1_26' title="bbox 208 1953 1565 2005; baseline 0 -14"><span class='ocrx_word' id='word_1_190' title='bbox 208 1957 397 2005; x_wconf 76' lang='lat' dir='ltr'>scriptura</span> <span class='ocrx_word' id='word_1_191' title='bbox 439 1957 636 1992; x_wconf 80' lang='lat' dir='ltr'>editorum</span> <span class='ocrx_word' id='word_1_192' title='bbox 677 1955 856 2004; x_wconf 81' lang='lat' dir='ltr'>quamvis</span> <span class='ocrx_word' id='word_1_193' title='bbox 896 1953 1254 2002; x_wconf 72' lang='lat' dir='ltr'>antiquiss&#39;imorum</span> <span class='ocrx_word' id='word_1_194' title='bbox 1297 1965 1431 1990; x_wconf 78' lang='lat' dir='ltr'>contra</span> <span class='ocrx_word' id='word_1_195' title='bbox 1472 1956 1565 1991; x_wconf 82' lang='lat' dir='ltr'>scri-</span> 
     </span>
     <span class='ocr_line' id='line_1_27' title="bbox 206 2011 1564 2062; baseline -0.001 -13"><span class='ocrx_word' id='word_1_196' title='bbox 206 2025 294 2062; x_wconf 84' lang='lat' dir='ltr'>ptos</span> <span class='ocrx_word' id='word_1_197' title='bbox 335 2026 470 2049; x_wconf 86' lang='lat' dir='ltr'>omnes</span> <span class='ocrx_word' id='word_1_198' title='bbox 515 2014 696 2048; x_wconf 81' lang='lat' dir='ltr'>revocari</span> <span class='ocrx_word' id='word_1_199' title='bbox 727 2025 805 2048; x_wconf 88' lang='lat' dir='ltr'>non</span> <span class='ocrx_word' id='word_1_200' title='bbox 832 2022 996 2060; x_wconf 86' lang='lat' dir='ltr'>poterat.</span> <span class='ocrx_word' id='word_1_201' title='bbox 1121 2014 1280 2046; x_wconf 73' lang='lat' dir='ltr'>auctoris</span> <span class='ocrx_word' id='word_1_202' title='bbox 1312 2011 1439 2046; x_wconf 74' lang='lat' dir='ltr'>Guelf.</span> <span class='ocrx_word' id='word_1_203' title='bbox 1501 2027 1564 2047; x_wconf 84' lang='lat' dir='ltr'>au-</span> 
     </span>
     <span class='ocr_line' id='line_1_28' title="bbox 174 2068 1565 2119; baseline -0.001 -13"><span class='ocrx_word' id='word_1_204' title='bbox 174 2068 175 2071; x_wconf 26' lang='lat'><em>*</em></span> <span class='ocrx_word' id='word_1_205' title='bbox 213 2072 303 2106; x_wconf 75' lang='lat' dir='ltr'>toris</span> <span class='ocrx_word' id='word_1_206' title='bbox 332 2070 442 2105; x_wconf 78' lang='lat' dir='ltr'>Bam.</span> <span class='ocrx_word' id='word_1_207' title='bbox 477 2069 627 2119; x_wconf 72' lang='lat' dir='ltr'>Gryph.</span> <span class='ocrx_word' id='word_1_208' title='bbox 663 2069 822 2115; x_wconf 76' lang='lat'>(1536).</span> <span class='ocrx_word' id='word_1_209' title='bbox 882 2082 971 2104; x_wconf 86' lang='lat' dir='ltr'>voce</span> <span class='ocrx_word' id='word_1_210' title='bbox 1003 2071 1040 2104; x_wconf 88' lang='lat' dir='ltr'>in</span> <span class='ocrx_word' id='word_1_211' title='bbox 1071 2070 1215 2103; x_wconf 72' lang='lat' dir='ltr'>unitate</span> <span class='ocrx_word' id='word_1_212' title='bbox 1246 2068 1351 2104; x_wconf 85' lang='lat' dir='ltr'>Flor.</span> <span class='ocrx_word' id='word_1_213' title='bbox 1412 2083 1444 2103; x_wconf 84' lang='lat' dir='ltr'>v.</span> <span class='ocrx_word' id='word_1_214' title='bbox 1485 2072 1565 2104; x_wconf 85' lang='lat' dir='ltr'>uni-</span> 
     </span>
     <span class='ocr_line' id='line_1_29' title="bbox 215 2125 1565 2175; baseline -0.001 -12"><span class='ocrx_word' id='word_1_215' title='bbox 215 2136 295 2163; x_wconf 76' lang='lat' dir='ltr'>tate</span> <span class='ocrx_word' id='word_1_216' title='bbox 327 2126 432 2164; x_wconf 88' lang='lat' dir='ltr'>Alm.</span> <span class='ocrx_word' id='word_1_217' title='bbox 470 2143 504 2163; x_wconf 88' lang='lat' dir='ltr'>v.</span> <span class='ocrx_word' id='word_1_218' title='bbox 535 2128 704 2162; x_wconf 74' lang='lat' dir='ltr'>imitatae</span> <span class='ocrx_word' id='word_1_219' title='bbox 729 2128 863 2175; x_wconf 76' lang='lat' dir='ltr'>Camp.</span> <span class='ocrx_word' id='word_1_220' title='bbox 926 2136 962 2161; x_wconf 73' lang='lat' dir='ltr'>et</span> <span class='ocrx_word' id='word_1_221' title='bbox 995 2125 1033 2175; x_wconf 88' lang='lat' dir='ltr'>si</span> <span class='ocrx_word' id='word_1_222' title='bbox 1072 2139 1120 2174; x_wconf 78' lang='lat' dir='ltr'>pe</span> <span class='ocrx_word' id='word_1_223' title='bbox 1152 2125 1304 2160; x_wconf 72' lang='lat' dir='ltr'>celerum</span> <span class='ocrx_word' id='word_1_224' title='bbox 1334 2125 1438 2160; x_wconf 84' lang='lat' dir='ltr'>Flor.</span> <span class='ocrx_word' id='word_1_225' title='bbox 1501 2141 1565 2162; x_wconf 75' lang='lat' dir='ltr'>ex·</span> 
     </span>
     <span class='ocr_line' id='line_1_30' title="bbox 212 2176 1566 2234; baseline 0.001 -15"><span class='ocrx_word' id='word_1_226' title='bbox 212 2192 342 2234; x_wconf 63' lang='lat' dir='ltr'>pertae</span> <span class='ocrx_word' id='word_1_227' title='bbox 367 2176 433 2232; x_wconf 76' lang='lat' dir='ltr'>fas</span> <span class='ocrx_word' id='word_1_228' title='bbox 465 2182 593 2221; x_wconf 73' lang='lat' dir='ltr'>Guelf‚</span> <span class='ocrx_word' id='word_1_229' title='bbox 655 2186 802 2232; x_wconf 79' lang='lat' dir='ltr'>exigere</span> <span class='ocrx_word' id='word_1_230' title='bbox 835 2181 872 2231; x_wconf 82' lang='lat' dir='ltr'>f.</span> <span class='ocrx_word' id='word_1_231' title='bbox 913 2182 1052 2219; x_wconf 79' lang='lat' dir='ltr'>Floril.</span> <span class='ocrx_word' id='word_1_232' title='bbox 1093 2184 1194 2218; x_wconf 77' lang='lat' dir='ltr'>Sant.</span> <span class='ocrx_word' id='word_1_233' title='bbox 1241 2191 1279 2217; x_wconf 77' lang='lat' dir='ltr'>ut</span> <span class='ocrx_word' id='word_1_234' title='bbox 1319 2195 1396 2218; x_wconf 87' lang='lat' dir='ltr'>om.</span> <span class='ocrx_word' id='word_1_235' title='bbox 1435 2183 1566 2221; x_wconf 80' lang='lat' dir='ltr'>Guelf.</span> 
     </span>
     <span class='ocr_line' id='line_1_31' title="bbox 208 2239 802 2291; baseline -0.002 -15"><span class='ocrx_word' id='word_1_236' title='bbox 208 2240 291 2291; x_wconf 75' lang='lat' dir='ltr'>sint</span> <span class='ocrx_word' id='word_1_237' title='bbox 319 2239 496 2291; x_wconf 70' lang='lat' dir='ltr'>permiſj&#39;a</span> <span class='ocrx_word' id='word_1_238' title='bbox 526 2240 663 2277; x_wconf 79' lang='lat' dir='ltr'>Floril.</span> <span class='ocrx_word' id='word_1_239' title='bbox 700 2243 802 2276; x_wconf 84' lang='lat' dir='ltr'>Sant.</span> 
     </span>
    </p>

    <p class='ocr_par' dir='ltr' id='par_1_5' title="bbox 218 2297 1576 2518">
     <span class='ocr_line' id='line_1_32' title="bbox 333 2297 1572 2347; baseline 0.002 -15"><span class='ocrx_word' id='word_1_240' title='bbox 333 2307 371 2334; x_wconf 84' lang='lat'>2.</span> <span class='ocrx_word' id='word_1_241' title='bbox 422 2313 540 2347; x_wconf 81' lang='lat' dir='ltr'>neque</span> <span class='ocrx_word' id='word_1_242' title='bbox 568 2309 654 2333; x_wconf 76' lang='lat' dir='ltr'>ante</span> <span class='ocrx_word' id='word_1_243' title='bbox 686 2299 797 2333; x_wconf 84' lang='lat' dir='ltr'>amici</span> <span class='ocrx_word' id='word_1_244' title='bbox 830 2307 866 2333; x_wconf 86' lang='lat' dir='ltr'>et</span> <span class='ocrx_word' id='word_1_245' title='bbox 898 2308 984 2333; x_wconf 85' lang='lat' dir='ltr'>ante</span> <span class='ocrx_word' id='word_1_246' title='bbox 1025 2306 1142 2345; x_wconf 76' lang='lat' dir='ltr'>erupc.</span> <span class='ocrx_word' id='word_1_247' title='bbox 1176 2297 1309 2346; x_wconf 81' lang='lat' dir='ltr'>Camp.</span> <span class='ocrx_word' id='word_1_248' title='bbox 1368 2299 1572 2346; x_wconf 80' lang='lat' dir='ltr'>propinqui</span> 
     </span>
     <span class='ocr_line' id='line_1_33' title="bbox 219 2351 1572 2404; baseline 0.001 -15"><span class='ocrx_word' id='word_1_249' title='bbox 219 2355 344 2390; x_wconf 81' lang='lat' dir='ltr'>eedem</span> <span class='ocrx_word' id='word_1_250' title='bbox 373 2355 428 2391; x_wconf 82' lang='lat' dir='ltr'>id.</span> <span class='ocrx_word' id='word_1_251' title='bbox 488 2368 611 2390; x_wconf 78' lang='lat' dir='ltr'>necem</span> <span class='ocrx_word' id='word_1_252' title='bbox 642 2364 849 2404; x_wconf 75' lang='lat' dir='ltr'>recepturus</span> <span class='ocrx_word' id='word_1_253' title='bbox 880 2357 918 2390; x_wconf 79' lang='lat' dir='ltr'>in</span> <span class='ocrx_word' id='word_1_254' title='bbox 951 2369 1064 2403; x_wconf 81' lang='lat' dir='ltr'>remp.</span> <span class='ocrx_word' id='word_1_255' title='bbox 1100 2354 1232 2389; x_wconf 71' lang='lat' dir='ltr'>Turia.</span> <span class='ocrx_word' id='word_1_256' title='bbox 1297 2369 1360 2389; x_wconf 79' lang='lat' dir='ltr'>nec</span> <span class='ocrx_word' id='word_1_257' title='bbox 1397 2351 1448 2402; x_wconf 75' lang='lat' dir='ltr'>est</span> <span class='ocrx_word' id='word_1_258' title='bbox 1477 2369 1572 2402; x_wconf 50' lang='lat' dir='ltr'>receq</span> 
     </span>
     <span class='ocr_line' id='line_1_34' title="bbox 218 2410 1571 2461; baseline 0.003 -16"><span class='ocrx_word' id='word_1_259' title='bbox 218 2421 350 2460; x_wconf 80' lang='lat' dir='ltr'>pturus</span> <span class='ocrx_word' id='word_1_260' title='bbox 380 2414 404 2447; x_wconf 87' lang='lat' dir='ltr'>i.</span> <span class='ocrx_word' id='word_1_261' title='bbox 434 2426 463 2446; x_wconf 87' lang='lat' dir='ltr'>r.</span> <span class='ocrx_word' id='word_1_262' title='bbox 499 2411 602 2448; x_wconf 84' lang='lat' dir='ltr'>Flor.</span> <span class='ocrx_word' id='word_1_263' title='bbox 665 2410 802 2460; x_wconf 79' lang='lat' dir='ltr'>neceffe</span> <span class='ocrx_word' id='word_1_264' title='bbox 831 2425 905 2461; x_wconf 86' lang='lat' dir='ltr'>pro</span> <span class='ocrx_word' id='word_1_265' title='bbox 938 2425 1060 2446; x_wconf 82' lang='lat' dir='ltr'>necem</span> <span class='ocrx_word' id='word_1_266' title='bbox 1093 2411 1213 2446; x_wconf 86' lang='lat' dir='ltr'>Goth.</span> <span class='ocrx_word' id='word_1_267' title='bbox 1250 2422 1287 2447; x_wconf 80' lang='lat' dir='ltr'>et</span> <span class='ocrx_word' id='word_1_268' title='bbox 1325 2412 1379 2447; x_wconf 70' lang='lat' dir='ltr'>ita</span> <span class='ocrx_word' id='word_1_269' title='bbox 1413 2425 1431 2446; x_wconf 85' lang='lat' dir='ltr'>e</span> <span class='ocrx_word' id='word_1_270' title='bbox 1462 2412 1571 2449; x_wconf 75' lang='lat' dir='ltr'>Voss&#39;,</span> 
     </span>
     <span class='ocr_line' id='line_1_35' title="bbox 225 2466 1576 2518; baseline 0.001 -14"><span class='ocrx_word' id='word_1_271' title='bbox 225 2482 261 2504; x_wconf 79' lang='lat'>1.</span> <span class='ocrx_word' id='word_1_272' title='bbox 323 2467 611 2518; x_wconf 79' lang='lat' dir='ltr'>conspirationis</span> <span class='ocrx_word' id='word_1_273' title='bbox 648 2466 825 2518; x_wconf 76' lang='lat' dir='ltr'>simultas</span> <span class='ocrx_word' id='word_1_274' title='bbox 863 2468 969 2505; x_wconf 87' lang='lat' dir='ltr'>Flor.</span> <span class='ocrx_word' id='word_1_275' title='bbox 1010 2481 1042 2504; x_wconf 90' lang='lat' dir='ltr'>c.</span> <span class='ocrx_word' id='word_1_276' title='bbox 1081 2467 1184 2504; x_wconf 81' lang='lat' dir='ltr'>Alm.</span> <span class='ocrx_word' id='word_1_277' title='bbox 1227 2467 1305 2514; x_wconf 79' lang='lat' dir='ltr'>(ex</span> <span class='ocrx_word' id='word_1_278' title='bbox 1336 2482 1415 2517; x_wconf 82' lang='lat' dir='ltr'>quo</span> <span class='ocrx_word' id='word_1_279' title='bbox 1448 2479 1576 2505; x_wconf 82' lang='lat' dir='ltr'>tamen</span> 
     </span>
    </p>
   </div>
   <div class='ocr_carea' id='block_1_5' title="bbox 225 2616 1584 2771">
    <p class='ocr_par' dir='ltr' id='par_1_6' title="bbox 225 2616 1584 2771">
     <span class='ocr_line' id='line_1_36' title="bbox 278 2616 1584 2666; baseline 0.002 -14"><span class='ocrx_word' id='word_1_280' title='bbox 278 2616 725 2666; x_wconf 80' lang='lat' dir='ltr'>nomen—accusatoris.</span> <span class='ocrx_word' id='word_1_281' title='bbox 742 2620 796 2654; x_wconf 85' lang='lat' dir='ltr'>Ita</span> <span class='ocrx_word' id='word_1_282' title='bbox 807 2631 878 2653; x_wconf 89' lang='lat' dir='ltr'>no·</span> <span class='ocrx_word' id='word_1_283' title='bbox 937 2629 1026 2652; x_wconf 85' lang='lat' dir='ltr'>cero</span> <span class='ocrx_word' id='word_1_284' title='bbox 1065 2616 1112 2652; x_wconf 87' lang='lat' dir='ltr'>de</span> <span class='ocrx_word' id='word_1_285' title='bbox 1141 2617 1218 2652; x_wconf 75' lang='lat' dir='ltr'>Off.</span> <span class='ocrx_word' id='word_1_286' title='bbox 1256 2627 1292 2658; x_wconf 80' lang='lat'>2,</span> <span class='ocrx_word' id='word_1_287' title='bbox 1332 2623 1393 2665; x_wconf 65' lang='lat'>¹4·</span> <span class='ocrx_word' id='word_1_288' title='bbox 1439 2616 1511 2653; x_wconf 88' lang='lat' dir='ltr'>ubi</span> <span class='ocrx_word' id='word_1_289' title='bbox 1541 2618 1584 2654; x_wconf 84' lang='lat' dir='ltr'>in</span> 
     </span>
     <span class='ocr_line' id='line_1_37' title="bbox 225 2674 1469 2723; baseline 0.001 -14"><span class='ocrx_word' id='word_1_290' title='bbox 225 2674 370 2709; x_wconf 85' lang='lat' dir='ltr'>minari</span> <span class='ocrx_word' id='word_1_291' title='bbox 394 2674 562 2722; x_wconf 84' lang='lat' dir='ltr'>contigit</span> <span class='ocrx_word' id='word_1_292' title='bbox 584 2676 637 2709; x_wconf 84' lang='lat' dir='ltr'>M.</span> <span class='ocrx_word' id='word_1_293' title='bbox 659 2676 795 2715; x_wconf 83' lang='lat' dir='ltr'>Bruto,</span> <span class='ocrx_word' id='word_1_294' title='bbox 816 2676 879 2722; x_wconf 80' lang='lat' dir='ltr'>ju·</span> <span class='ocrx_word' id='word_1_295' title='bbox 939 2674 1104 2710; x_wconf 85' lang='lat' dir='ltr'>eundem</span> <span class='ocrx_word' id='word_1_296' title='bbox 1126 2675 1271 2708; x_wconf 72' lang='lat' dir='ltr'>sensum</span> <span class='ocrx_word' id='word_1_297' title='bbox 1286 2675 1469 2723; x_wconf 74' lang='lat' dir='ltr'>disputat.</span> 
     </span>
     <span class='ocr_line' id='line_1_38' title="bbox 226 2730 1415 2771; baseline 0 -5"><span class='ocrx_word' id='word_1_298' title='bbox 226 2730 453 2767; x_wconf 81' lang='lat' dir='ltr'>risconsulti</span> <span class='ocrx_word' id='word_1_299' title='bbox 474 2730 582 2771; x_wconf 81' lang='lat' dir='ltr'>filio,</span> <span class='ocrx_word' id='word_1_300' title='bbox 614 2742 658 2767; x_wconf 86' lang='lat' dir='ltr'>ut</span> <span class='ocrx_word' id='word_1_301' title='bbox 680 2732 798 2768; x_wconf 82' lang='lat' dir='ltr'>refert</span> <span class='ocrx_word' id='word_1_302' title='bbox 818 2732 882 2769; x_wconf 86' lang='lat' dir='ltr'>Ci—</span> <span class='ocrx_word' id='word_1_303' title='bbox 996 2731 1149 2767; x_wconf 75' lang='lat' dir='ltr'>valeam:</span> <span class='ocrx_word' id='word_1_304' title='bbox 1167 2745 1205 2765; x_wconf 82' lang='lat' dir='ltr'>v.</span> <span class='ocrx_word' id='word_1_305' title='bbox 1226 2742 1307 2768; x_wconf 79' lang='lat' dir='ltr'>not.</span> <span class='ocrx_word' id='word_1_306' title='bbox 1330 2731 1415 2769; x_wconf 80' lang='lat' dir='ltr'>crit.</span> 
     </span>
    </p>
   </div>
   <div class='ocr_carea' id='block_1_6' title="bbox 1064 2811 1182 2847">
    <p class='ocr_par' dir='ltr' id='par_1_7' title="bbox 1064 2811 1182 2847">
     <span class='ocr_line' id='line_1_39' title="bbox 1064 2811 1182 2847; baseline -0.017 0"><span class='ocrx_word' id='word_1_307' title='bbox 1064 2811 1182 2847; x_wconf 89' lang='lat' dir='ltr'>Nn2</span> 
     </span>
    </p>
   </div>
  </div>
 </body>
</html>
