1779 3062
275 186 372 236 578
534 209 537 212 .
587 172 665 220 Μ.
700 172 838 220 FAB.
879 171 1301 235 ommmm

277 301 476 351 habere
508 310 846 350 momentum
893 295 1230 349 videbantur.
1319 298 1438 350 Nec
1484 309 1625 359 tanta

280 377 347 427 sit
387 388 570 427 acturo
607 377 897 440 memoriae
937 374 1168 435 fiducia,
1205 385 1269 426 ut
1302 375 1627 427 subscribere

281 455 461 504 audita
498 448 684 520 pigeat.
766 455 884 503 Nec
928 451 1087 503 semel
1131 451 1328 503 audisse
1375 453 1440 503 sit
1478 453 1622 504 satis:

283 530 554 597 cogendus
606 530 791 580 eadem
841 531 1037 579 iterum
1089 547 1146 578 ac
1194 528 1397 596 saepius
1448 530 1625 581 dicere

282 609 544 674 litigator,
609 625 725 658 non
774 606 945 658 solum
994 607 1120 672 quia
1166 603 1400 673 effugere
1449 608 1628 672 aliqua

281 687 454 752 prima
488 683 820 751 expositione
847 693 1158 751 potuerunt,
1197 682 1502 749 praesertim
1527 684 1630 733 ho:-

280 764 485 812 minem
525 760 703 829 (quod
737 759 887 826 saepe
918 759 1120 824 evenit)
1160 761 1499 826 imperitum:
1537 759 1628 810 sed

239 855 264 893 9
288 841 475 897 etiam,
514 848 578 889 ut
615 837 852 895 sciamus,
892 854 958 885 an
998 836 1184 886 eadem
1224 836 1376 886 dicat.
1456 837 1630 886 Pluri-

284 917 364 966 mi
403 917 548 965 enim
587 915 942 972 mentiuntur,
982 924 1050 972 et,
1089 924 1343 979 tanquam
1380 931 1494 964 non
1514 905 1632 964 'do-

286 1003 437 1042 ceant
477 991 710 1050 causam,
759 988 850 1039 sed
889 1001 1067 1055 agant,
1125 1008 1239 1040 non
1277 1001 1340 1039 ut
1379 1008 1500 1041 cum
1541 1008 1633 1056 pa-

278 1080 471 1127 trono,
507 1067 597 1117 sed
637 1078 698 1116 ut
739 1085 862 1116 cum
894 1066 1077 1128 judice
1112 1063 1428 1131 loquuntur.
1490 1071 1634 1137 Qua-

286 1157 506 1213 propter
547 1160 828 1208 nunquam
884 1142 1004 1193 satis
1052 1143 1379 1193 credendum
1412 1142 1502 1203 est,
1543 1142 1634 1193 sed

288 1220 568 1287 agitandus
612 1220 861 1269 omnibus
900 1218 1101 1277 modis,
1138 1230 1190 1267 et
1230 1220 1546 1278 turbandus,
1581 1231 1635 1269 et

211 1324 261 1352 ιο
288 1295 608 1349 evocandus.
688 1296 832 1345 Nam
871 1305 934 1344 ut
974 1295 1197 1346 medicis
1236 1314 1350 1347 non
1382 1313 1636 1363 apparen-

290 1508 400 1539 tanta
413 1497 494 1549 sint
515 1498 649 1535 Turio.
673 1495 778 1533 Flor.
821 1506 849 1532 t.
862 1494 953 1546 sunt
973 1496 1106 1545 Camp.
1148 1499 1346 1533 memoriae
1368 1496 1490 1546 ‘³¹'ff1'01‘
1508 1507 1549 1534 ut
1559 1498 1638 1536 Tu-

288 1559 362 1594 rio.
393 1556 497 1592 Flor.
530 1568 562 1590 c.
593 1553 695 1590 Alm.
765 1554 895 1588 iterum
937 1553 1057 1587 dicere
1095 1566 1138 1587 ac
1168 1552 1274 1601 saep.
1317 1554 1446 1590 Guelf.
1516 1555 1638 1591 dicam

292 1625 365 1662 pro
397 1611 626 1649 dicereJens.
659 1608 750 1653 (tac.
769 1609 898 1653 Gesn.)
958 1622 1034 1644 non
1069 1610 1159 1658 quia
1177 1609 1282 1646 Voff.
1305 1624 1338 1645 ι.
1356 1620 1394 1654 5.
1455 1613 1518 1661 qui
1545 1611 1638 1659 effu-

292 1682 381 1718 gere
414 1669 548 1715 Camp.
608 1666 708 1715 quod
741 1663 803 1712 eff.
838 1666 971 1701 Turic.
1088 1674 1124 1699 et
1144 1664 1330 1714 positione
1347 1666 1451 1703 Flor.
1571 1668 1639 1704 ho·

293 1727 430 1760 minem
463 1720 682 1771 prosequens
723 1721 822 1770 quod
864 1722 997 1756 Turio.
1029 1720 1135 1756 Flor.
1179 1722 1270 1765 (sed
1301 1722 1368 1758 hic
1397 1723 1642 1774 presequens)

293 1793 386 1818 cum
415 1779 518 1814 Ahn.
548 1780 594 1813 In
624 1790 702 1826 quo
733 1777 995 1813 additamento
1026 1777 1125 1826 quid
1156 1776 1281 1820 lateat,
1312 1776 1558 1816 feliciorib'us
1584 1780 1640 1817 di-

294 1835 512 1874 vinandum
552 1833 750 1883 relinquo

408 1948 446 1984 9.
481 1949 556 1972 non
577 1944 732 1972 noceant
756 1934 861 1971 Flor.
913 1933 984 1983 sed
1004 1949 1082 1970 cum
1097 1935 1223 1980 judice
1245 1935 1372 1972 Guelf.
1395 1936 1514 1974 Goth.
1539 1939 1636 1976 Jens.

296 2004 336 2031 et
364 1993 450 2030 edd.
479 1992 575 2042 post.
606 2003 691 2027 ante
721 1992 814 2027 Bad.
849 1992 1047 2040 loquantur
1075 1992 1180 2028 Flor.
1205 1991 1333 2030 Guelf.
1363 1992 1496 2044 Camp.
1516 1994 1637 2031 Goth.

296 2051 393 2091 Jens.
425 2062 457 2086 c.
488 2047 594 2089 Voff.
625 2058 664 2085 2.
694 2059 731 2084 et
762 2048 847 2085 edd.
881 2059 967 2085 ante
995 2047 1082 2084 ΑΜ.
1139 2094 1145 2096 7

356 2215 394 2254 8.
413 2204 648 2257 subscribere.
665 2203 936 2254 subscribimus,
994 2205 1159 2241 astruere
1193 2215 1356 2251 nequeo.
1416 2201 1480 2237 Est
1510 2213 1635 2241 tamen

296 2265 544 2302 subnotamus
566 2261 708 2301 audita,
740 2274 828 2296 cum
858 2275 939 2297 non
980 2261 1040 2297 “ab
1073 2274 1142 2302 eo,
1190 2259 1296 2309 quod
1327 2270 1449 2300 recte,
1482 2260 1637 2308 opinor,

297 2321 431 2357 omnia
462 2318 584 2356 verbo
613 2328 724 2354 tenus
756 2327 937 2364 tanquam
995 2318 1138 2354 dicitur
1156 2329 1264 2359 „non
1283 2316 1369 2352 satis
1389 2315 1503 2351 credo
1524 2316 1638 2352 tibi.“

297 2377 438 2413 dictata
494 2374 640 2410 calamo
698 2373 936 2422 excipimus:

296 2433 361 2468 sed
391 2446 430 2468 ea
459 2431 699 2481 potissimum
731 2443 828 2478 quae
857 2442 937 2465 me-
1051 2430 1268 2470 evocandus,
1293 2428 1404 2465 velut
1426 2442 1445 2464 e
1464 2427 1635 2471 latebris,

296 2489 444 2525 moriae
465 2487 550 2524 usui
569 2487 698 2522 futura
720 2487 815 2521 sunt.
997 2486 1039 2521 in
1072 2485 1214 2533 quibus
1243 2486 1278 2521 se
1309 2496 1346 2522 et
1374 2484 1471 2521 vitia
1507 2487 1636 2521 causae

356 2558 393 2594 9.
451 2556 634 2591 nunquam
661 2540 757 2590 satis
796 2542 939 2577 creden·
996 2541 1204 2577 abscondit.
1245 2543 1304 2576 Ita
1327 2554 1407 2578 non
1430 2553 1528 2590 opus
1551 2542 1638 2577 Ges·

298 2601 384 2637 dum
413 2598 474 2648 eft.
520 2610 719 2646 nunquam
750 2598 795 2633 ab
830 2597 939 2633 omni
995 2598 1252 2645 ne1i‚quam
1282 2598 1361 2645 ipse
1392 2610 1472 2633 non
1504 2596 1635 2632 admo-

296 2668 404 2706 parte
426 2656 628 2691 fidendum
653 2654 701 2689 est
724 2654 772 2689 ei.
813 2654 937 2700 Quam
980 2642 1088 2688 dum
1116 2664 1255 2702 urget,
1294 2655 1515 2701 conjectura
1544 2665 1634 2692 avo-

297 2713 407 2749 vocis
418 2711 516 2762 satis
533 2710 723 2747 rationem
747 2708 937 2759 exemplis
996 2710 1143 2745 eandm.
