1779 3062
467 142 633 192 INST.
673 110 1116 193 ORATOELIB.
1148 147 1258 204 XII,
1295 161 1337 194 1.
1450 143 1576 207 ι493

228 276 465 331 animus,
506 288 618 337 quo
649 273 830 322 minus
863 275 1081 340 optimis
1113 273 1165 322 se
1203 271 1470 340 partibus}
1519 276 1580 326 id

228 352 330 409 est,
369 350 725 417 reipublicae,
765 354 1023 415 jungeret.

227 429 388 478 detur
424 426 774 493 quibusdam:
831 430 1030 492 quibus
1068 433 1270 496 optime
1305 431 1581 496 respondit

225 505 366 574 ipse,
418 523 517 554 non
536 500 605 576 se
637 505 871 552 timidum
914 509 964 552 2'72
987 503 1358 577 suscipiendis,
1402 505 1500 580 sed
1530 513 1581 557 in

1105 356 1300 401 Parum
1323 352 1476 403 fortis
1498 356 1579 403 vi·
1610 380 1655 416 ¹7

184 597 188 600 ’
221 584 564 650 providendis
598 581 872 647 periculis.-
933 585 1079 646 quod
1119 587 1367 650 probavit
1408 594 1582 636 morte
1637 644 1642 646 ,

227 678 450 726 quoque
485 659 618 726 ipsa,
678 677 838 724 quam
876 658 1308 724 praestantissimo
1356 662 1583 729 suscepit

191 746 195 750 '
225 741 421 788 animo.
503 735 710 807 Quodsi
748 735 922 785 defuit
956 736 1042 785 his
1076 740 1207 788 viris
1235 740 1441 791 summa
1470 743 1580 790 vir-

225 828 339 866 tus:
376 815 472 873 sic,
524 815 933 880 quaerentibus,
982 831 1048 862 an
1088 827 1323 866 oratores
1361 817 1583 876 fuerint,

202 893 588 959 ·respondebo‚
630 892 910 957 quomodo
946 893 1136 956 Stoici,
1175 892 1216 941 si
1248 896 1584 962 interrogen-

228 982 332 1028 tur,
372 988 438 1018 an
460 969 666 1034 sapiens
688 972 851 1027 Zeno,
894 987 959 1018 an
986 971 1286 1030 Cleanthes,
1321 991 1386 1021 an
1407 975 1586 1039 Chry-

228 1048 431 1114 lippus,
471 1045 840 1112 respondeant,
876 1051 1104 1113 IWagnos
1133 1049 1355 1114 quidem
1377 1052 1502 1100 illos
1528 1068 1585 1099 ac

228 1125 588 1184 venerabiles,
622 1142 736 1175 non
770 1135 943 1175 tamen
971 1125 1054 1184 id,
1092 1127 1243 1193 quod
1266 1140 1456 1178 natura
1484 1130 1586 1179 110-

317 1324 382 1362 18.
408 1315 444 1366 si
477 1318 754 1363 interrogantur
774 1314 908 1350 Turio.
935 1312 1039 1352 Flor.
1057 1315 1094 1366 si
1116 1320 1431 1367 interrogarentur
1445 1321 1579 1369 Camp.

226 1389 316 1412 eum
349 1374 468 1411 Goth.
501 1384 538 1408 et
569 1374 654 1407 edd.
691 1380 776 1407 ante
807 1371 895 1407 Ald.
917 1396 920 1400 ·
946 1374 1036 1409 Hoc
1066 1376 1193 1423 ipsum
1229 1390 1366 1411 verum
1399 1378 1583 1426 suspicor,

227 1432 350 1469 modo
384 1442 421 1467 et
448 1443 544 1466 mox
571 1429 845 1478 respondebant
874 1443 1087 1478 reponatur
1114 1445 1186 1480 pro
1219 1432 1480 1480 respondeant.
1502 1435 1584 1469 Ne-

229 1504 304 1539 que
337 1488 442 1524 enim
475 1498 578 1524 recte
606 1487 639 1520 se
674 1487 900 1521 Stoicorum
935 1488 1115 1536 exemplo
1148 1500 1279 1524 tuetur
1310 1491 1450 1530 noster,
1482 1491 1511 1525 [i
1536 1490 1585 1524 il-

227 1546 358 1582 lorum
393 1557 551 1594 quoque
582 1543 867 1590 responsionem
899 1544 1017 1592 fingit
1045 1546 1187 1584 modo,
1240 1546 1394 1593 qualem
1438 1548 1586 1595 poffint

228 1603 402 1642 reddere,
434 1614 516 1636 non
545 1599 682 1649 prodit
713 1613 807 1638 eam,
840 1613 956 1648 quam
987 1614 1079 1636 vere
1107 1602 1297 1637 dederint.
1358 1605 1497 1639 Latere
1521 1618 1586 1638 au-

228 1671 330 1701 tem,
392 1657 501 1707 quod
541 1657 692 1706 prob0‚
753 1657 797 1691 in
838 1657 917 1705 ipsa
959 1657 1208 1693 vetustissima
1249 1660 1438 1709 scriptura
1468 1672 1581 1709 puto·

229 1715 462 1766 Chrysippus
493 1714 580 1764 ipse,
611 1713 703 1762 resp.
739 1714 802 1748 Sic
824 1715 960 1753 Ambr.
989 1726 1025 1751 2.
1062 1717 1125 1751 Ch.
1159 1714 1228 1764 ipsi
1258 1730 1287 1750 r.
1318 1719 1452 1754 Turic.
1475 1718 1581 1754 Flor.

228 1773 357 1809 Guelf.
394 1774 527 1819 Camp.
561 1785 649 1806 cum
680 1770 782 1806 Alm.
814 1771 918 1807 Voff.
955 1783 990 1807 2.
1023 1783 1061 1807 et
1089 1772 1175 1808 edd.
1203 1783 1290 1808 ante
1319 1775 1472 1823 Gryph.
1509 1773 1586 1823 ipse

231 1843 309 1865 om.
340 1829 496 1877 reliqui.
529 1828 602 1863 Sed
633 1827 752 1863 Goth.
789 1829 852 1863 Ch.
889 1831 952 1876 qui
982 1844 1010 1863 r.
1326 1844 1463 1880 magno
1506 1835 1588 1881 qui·

230 1887 313 1921 dem.
341 1886 446 1921 Flor.
472 1883 656 1933 summum
686 1884 846 1920 habebat
885 1885 1003 1920 Goth.
1037 1885 1136 1924 Jens.
1180 1884 1278 1935 (tac.
1316 1888 1455 1937 Gesn.)
1495 1902 1587 1924 curn

231 1943 317 1980 edd.
349 1943 444 1993 post.
477 1953 564 1978 ante
595 1941 704 1977 Bam.
733 1940 767 1991 s.
800 1942 934 1978 habeat
965 1944 1097 1992 Camp.
1131 1957 1211 1980 non
1242 1944 1354 1981 male.

287 2133 352 2168 17.
412 2121 604 2174 respondit
643 2123 730 2173 ipse.
773 2125 879 2161 Haec

936 2120 1087 2162 tionem
1111 2128 1260 2176 arguit,
1293 2129 1361 2178 qui
1393 2142 1441 2164 ne
1465 2132 1587 2166 morti

210 2181 312 2230 *ipsa
345 2181 526 2230 quidem,
558 2195 654 2230 quae
687 2182 878 2217 continuo

228 2239 494 2280 recensentur,
529 2240 729 2274 Ciceronis
760 2239 880 2274 verba

228 2306 311 2330 non
331 2296 517 2336 invenio,
547 2309 617 2331 nec
647 2295 878 2331 demonstra-

229 2362 322 2386 runt
360 2352 441 2388 VV.
477 2354 569 2397 DD.
641 2354 881 2387 Sententiam

230 2408 443 2457 saepissime
459 2409 619 2458 profert,
638 2422 726 2444 cum
738 2410 780 2444 in
798 2410 878 2459 epi—

231 2463 337 2500 stolis
369 2467 546 2514 queritur
576 2466 630 2501 de
661 2467 879 2510 temeritate

230 2523 584 2572 Pompejanorum,·
596 2521 706 2558 velut
725 2523 877 2559 Pamin,

234 2578 272 2619 6,
316 2591 383 2616 21.
432 2578 644 2628 multisque
683 2591 879 2628 praeterea

232 2635 344 2674 locis.
405 2636 593 2672 Gesnerus
616 2636 715 2671 hanc
739 2650 879 2672 vanam

187 2728 193 2731 Α
233 2694 437 2732 Ciceronis
472 2704 508 2730 et
548 2706 621 2743 pro
650 2693 732 2743 ipso
762 2694 875 2741 jacta-

939 2184 1099 2230 quidem
1123 2186 1204 2231 ejus
1225 2186 1394 2222 multum
1426 2187 1586 2224 fortitu·

939 2241 1040 2276 dinis
1054 2241 1200 2277 affuisse
1214 2245 1346 2283 censet,
1368 2245 1482 2279 simul
1499 2245 1586 2281 usus

938 2299 1017 2346 ipsa
1041 2301 1204 2334 Senecae
1222 2302 1340 2348 patris
1363 2301 1410 2335 ad
1429 2300 1586 2337 laudem

940 2355 1143 2391 Ciceronis
1164 2358 1343 2392 tendente
1363 2359 1538 2393 Suasoria
1549 2369 1586 2402 7.

1005 2405 1316 2462 praeslaizcffnzo
1353 2435 1410 2442 —
1444 2418 1584 2452 animo.

936 2469 1032 2505 Non
1054 2469 1103 2503 est
1128 2473 1233 2517 quod
1259 2484 1346 2506 cum
1364 2473 1528 2521 francio
1550 2485 1589 2510 et

935 2526 1165 2562 Burmanno
1231 2542 1420 2577 reponere
1486 2529 1587 2566 velis

935 2582 1243 2632 praesentss'imo.
1285 2586 1331 2621 cf,
1368 2588 1411 2626 ὁ,
1447 2601 1483 2628 1,
1518 2595 1585 2632 25.

1000 2646 1061 2683 ¹8·
1119 2639 1158 2688 si
1207 2644 1491 2690 interrogentur.
1532 2645 1581 2682 cf.

935 2707 1017 2735 not.
1052 2695 1138 2734 crit.
1184 2736 1191 2746 ,
