1779 3062
313 176 477 222 INST.
526 176 806 222 ORATOR.
849 178 972 223 Lm.
1016 180 1090 236 x,
1140 193 1182 225 ι.
1355 193 1418 238 97

70 304 159 353 vel
191 303 371 369 potius
410 317 592 351 omnes
633 317 696 348 ex
726 299 779 348 se
811 300 926 365 ipso
971 304 1192 353 virtutes
1226 306 1418 355 extulit

71 380 386 428 immortalis
409 378 611 443 ingenii
644 377 921 425 beatiffima
951 381 1202 430 ubertate.
1282 383 1415 432 Non

71 458 218 504 enim
245 455 474 519 pluvias,
511 464 570 502 ut
599 455 670 501 ait
690 453 964 512 Pindarus,
998 475 1164 520 aquas
1185 459 1383 529 colligit
1392 477 1414 519 ,·

57 528 166 605 sed
186 535 313 581 vivo
334 534 554 599 gurgite
577 532 821 588 exundat,
860 530 1005 580 dono
1034 535 1264 596 quodam
1290 553 1416 602 pro-

70 609 340 657 videntiae
362 606 569 673 genitus
584 644 597 664 ,
635 608 693 654 in
721 623 829 672 quo
855 617 987 656 totas
1010 610 1148 657 vires
1171 610 1285 659 suas
1305 613 1415 659 elo-

71 687 288 750 quentia
322 685 660 749 experiretur.
740 685 881 731 Nam
919 686 1037 747 quis
1068 685 1258 734 docere
1290 688 1506 736 dili-110

71 763 306 826 gentius,
366 777 583 809 movere
627 760 997 809 vehementius
1038 761 1240 826 potest?
1313 766 1419 814 Cui

71 848 211 886 tanta
255 854 493 902 unquam
538 836 840 898 jucunditas
890 833 1076 885 affuit?
1157 837 1267 904 Ipsa
1310 842 1418 898 illa,

71 931 204 980 quae
249 923 550 980 extorquet,
611 914 892 980 impetrare
931 930 1056 963 eum
1091 915 1291 975 credas,
1351 927 1418 976 et,

71 1107 264 1144 quoquam.
499 1106 632 1129 omnes.
665 1092 798 1128 Turic.
819 1091 923 1128 ΠΟΥ.
945 1094 1077 1142 Camp.
1108 1095 1296 1130 omittunt
1327 1109 1419 1131 cum

68 1150 172 1186 Alm.
213 1150 286 1186 Sed
309 1149 413 1186 Flor.
443 1150 481 1197 (a
511 1151 580 1184 sec.
614 1150 752 1196 manu)
773 1147 807 1197 s.
841 1150 900 1184 vel
926 1150 1106 1198 plurimas
1136 1154 1263 1198 potius
1292 1166 1336 1187 ex
1359 1152 1414 1202 se.

71 1206 189 1242 Goth.
214 1208 310 1245 Jens.
335 1208 422 1252 (tac.
446 1206 574 1248 Gesn.)
597 1207 712 1241 Tarv.
728 1203 761 1253 s
786 1205 844 1239 vel
861 1206 914 1252 pl.
933 1220 969 1254 p.
993 1219 1118 1241 onmes
1139 1221 1182 1242 ex
1196 1206 1250 1256 se.
1286 1210 1422 1245 Locet.

64 1260 99 1311 s.
121 1276 156 1296 v.
175 1276 211 1309 p.
233 1277 275 1297 ac
293 1277 331 1311 p.
357 1276 390 1297 ο.
414 1276 443 1297 e.
458 1262 493 1310 s.
516 1274 602 1296 cum
628 1261 712 1296 edd.
736 1261 894 1308 posterr.
917 1261 1098 1297 anteAld.
1113 1263 1269 1308 jubente
1282 1265 1423 1312 Regio.

70 1318 258 1353 Nostrum
281 1329 318 1353 et
339 1318 438 1355 Vall.
585 1316 876 1364 extuli:.·G11elf,
901 1317 1050 1352 omittit
1072 1331 1160 1352 cum
1183 1320 1289 1356 Voff.
1317 1334 1349 1355 1.

157 1374 333 1410 ubertate.
383 1374 517 1410 Turic.
557 1372 660 1408 Flor.
695 1371 820 1407 Guelf.
858 1374 991 1420 Camp.
1024 1374 1170 1408 ubertas
1199 1388 1287 1409 cum
1320 1375 1423 1411 Alm.

69 1429 184 1465 Bodl.
213 1431 350 1468 Joann.
371 1429 477 1467 Voff.
514 1444 547 1466 1.
576 1440 612 1465 2.
642 1427 681 1472 (ἱ)
709 1442 756 1463 an
787 1428 887 1463 forte
909 1427 968 1472 δ’.)
1010 1442 1136 1476 neque
1169 1431 1273 1465 enim
1303 1433 1424 1472 Goth,

71 1486 119 1521 cf.
154 1497 219 1532 91.
259 1487 354 1521 item
385 1498 456 1526 ιο,
498 1497 545 1526 2,
581 1487 664 1528 17.)
704 1485 818 1518 Bern.
851 1495 887 1518 et
918 1484 1001 1519 edd.
1038 1496 1122 1519 ante
1153 1486 1302 1535 Gryph.
1338 1501 1419 1524 exc.

69 1541 162 1577 Bad.
187 1541 373 1577 Nostrum
395 1541 485 1576 dant
506 1553 542 1576 et
562 1540 680 1576 Goth.
703 1538 803 1578 Vall.
836 1540 878 1574 Si
900 1538 980 1587 ipsa
1001 1540 1090 1574 effer
1110 1541 1152 1575 in
1182 1543 1290 1578 MSS.
1312 1556 1421 1591 prae-

69 1597 210 1632 ferrem
234 1597 389 1633 alteram
416 1598 653 1644 scripturam.
827 1595 989 1644 pluvias.
1023 1596 1142 1631 Goth.
1174 1597 1263 1641 (tac.
1289 1600 1420 1642 Gesn.)

67 1662 111 1688 ut
138 1653 332 1701 pluviales.
386 1654 516 1701 Camp.
569 1654 761 1700 plurimas.
994 1653 1048 1686 ait
1074 1653 1265 1687 Pindarus.
1312 1654 1418 1691 Flor-

69 1711 107 1754 (a
125 1722 183 1757 pr.
205 1711 340 1754 manu)
370 1710 420 1745 ad
440 1709 630 1756 pindoras.
863 1721 989 1757 aquas.
1023 1709 1155 1756 camp.
1189 1710 1335 1758 aliquis.

151 1767 247 1801 vires
259 1765 359 1814 suas.
381 1766 514 1800 Turio.
542 1759 587 1800 af.
619 1764 688 1809 (cf.
711 1768 744 1812 ς.
767 1769 831 1808 24.
864 1764 959 1799 item
988 1776 1050 1804 ιο,
1084 1774 1120 1806 7,
1161 1767 1243 1812 14.)
1273 1766 1426 1816 curass.

67 1821 171 1857 Flor.
204 1822 300 1857 alias
332 1820 466 1869 vit-ess.
500 1820 628 1858 Guelf.
657 1823 810 1856 virtutes
832 1820 867 1869 s.
900 1833 988 1855 cum
1022 1821 1137 1855 Bern.
1168 1822 1266 1859 Jens.
1298 1836 1424 1872 eoque

66 1877 224 1926 postest.
257 1888 341 1912 ante
371 1877 459 1912 Ald.
495 1879 742 1912 Burmannus
779 1876 884 1912 hunc
933 1891 952 1911 e
987 1875 1211 1924 gloffemate
1248 1891 1423 1916 errorem

67 1934 208 1981 repetit
242 1936 338 1980 (quo
370 1932 462 1968 hinc
493 1931 661 1980 ablegat)
692 1932 738 1967 ad
773 1943 820 1973 2,
858 1947 874 1967 1
894 1959 905 1973 ,
938 1940 976 1976 5.
1007 1933 1050 1967 in
1084 1944 1162 1980 quo
1196 1932 1286 1968 loeo
1323 1934 1420 1972 Obr.

66 1989 184 2024 viritas
207 2001 278 2038 pro
301 1990 367 2029 υἷε,
400 1989 524 2024 citatis
546 1989 683 2024 Servio
715 1988 762 2022 ad
774 1988 933 2023 Aeneid.
961 2001 994 2028 1,
1033 1988 1123 2035 169.-
1155 1998 1192 2023 et
1213 1989 1344 2026 Schol.
1370 1991 1419 2026 ad

66 2045 166 2080 Hor.
195 2045 320 2080 carm.
346 2053 382 2088 5,
415 2051 450 2088 4,
485 2045 548 2080 66.
583 2045 831 2079 Turicensem
851 2044 1080 2092 scripturam
1100 2054 1227 2079 natam
1248 2046 1420 2095 suspicor

66 2113 117 2136 ex
134 2110 226 2138 nota
252 2101 385 2136 critica
406 2101 453 2135 ad
472 2103 567 2137 vires
592 2102 784 2149 appofita:
816 2099 915 2141 „alii
938 2106 1081 2137 curas.“

158 2193 175 2214 1
189 2191 251 2215 10.
284 2181 351 2215 Cui
373 2187 490 2215 tanta.
521 2178 653 2214 Turic.
670 2178 776 2213 Flor.
798 2177 883 2224 (hic
907 2191 928 2212 a
946 2191 1004 2228 pr.
1020 2180 1156 2221 manu)
1180 2180 1292 2214 alicui
1309 2194 1424 2230 quan·

65 2248 188 2284 quam.
238 2236 419 2284 Suspicor
457 2235 567 2271 fuiffe
597 2244 662 2270 auc
694 2236 762 2270 cui.
996 2235 1138 2282 affuit?
1186 2235 1282 2284 Ipsa.
1362 2239 1427 2273 Sic

66 2291 201 2327 Turic.
234 2291 337 2327 Flor.
370 2291 455 2335 (hic
487 2306 506 2326 a
535 2305 594 2340 pr.
627 2292 764 2338 manu)
792 2303 883 2327 cum
915 2289 1018 2327 Alm.
1062 2293 1167 2330 Jens.
1200 2302 1237 2327 et
1266 2293 1425 2341 posterr.

67 2357 153 2383 ante
184 2346 272 2383 Ald.
302 2346 463 2396 Reliqui
490 2348 663 2384 inserunt
693 2357 745 2384 ut.
978 2346 1064 2397 Ipsa
1083 2367 1136 2374 —
1161 2361 1254 2384 eum.
1287 2349 1419 2386 Turie.

129 2481 220 2517 109.
284 2479 324 2506 ut:
399 2473 454 2505 ait
517 2472 712 2508 Pindarus.
772 2481 900 2506 tamen
935 2470 981 2506 ab
1011 2469 1170 2516 HeanO
1208 2471 1252 2506 in
1288 2473 1423 2509 Indice

64 2525 204 2573 Neque
237 2537 370 2562 extant
404 2526 498 2562 haec
529 2527 648 2563 hodie
671 2529 714 2563 in
772 2538 977 2563 auctorum
994 2526 1219 2573 fragmentis
1236 2528 1422 2575 subjecto.

65 2582 302 2618 carminibus
349 2583 528 2624 Pindari,
587 2598 714 2632 neque

65 2638 159 2673 dum
184 2650 335 2687 recepta
355 2639 503 2674 suntin
524 2639 714 2687 fragmen·
837 2652 928 2676 no.
973 2641 1042 2675 Cui
1081 2646 1201 2677 tanta.
1239 2640 1288 2676 cf.
1336 2650 1421 2678 not.

65 2703 195 2729 torum
217 2694 514 2738 collectionem;
545 2696 715 2732 indicata
772 2697 860 2732 crit.

126 2751 232 2788 Tom.
265 2753 283 2787 1
290 2752 333 2788 V.
917 2751 953 2787 G
