1779 3062
269 176 366 224 283
580 165 656 214 M.
694 165 829 214 FAss.
868 167 1284 231 QUINTILIANI

267 291 502 344 breviter
533 292 777 353 videtur,
819 295 966 360 quod
997 295 1108 345 fere
1145 296 1359 345 dicendi
1388 294 1612 345 virtutes

269 369 636 420 diversiffimae
682 389 794 421 non
833 370 1004 422 solum
1047 372 1170 422 suos
1219 385 1475 422 amatores
1519 372 1613 420 ha-

267 449 442 506 beant,
481 447 570 496 sed.
597 449 658 496 ab
693 449 891 499 eisdem
917 449 1065 514 saepe
1087 449 1386 498 laudentur.
1468 451 1612 498 Nam

268 527 457 576 Cicero
491 525 726 590 quodam
754 528 873 575 loco
906 525 1109 584 scribit,
1151 528 1206 573 id
1223 521 1327 598 effe
1349 530 1610 590 optimum,

266 604 410 666 quod
439 621 551 650 cum
585 613 635 651 te
655 599 829 672 facile
864 605 1141 651 credideris
1173 599 1410 674 consequi
1444 606 1612 651 imita*

267 684 430 738 tione,
471 698 569 728 non
600 672 774 750 poffis.
856 682 977 729 Alio
1016 697 1172 737 vero,
1214 698 1312 729 non
1347 681 1403 727 id
1428 675 1612 752 egiffe,

269 768 326 806 ut
346 760 420 805 ἰέιι
444 758 649 815 diceret,
692 759 942 822 quomodo
952 753 1021 828 se
1042 755 1252 822 quilibet
1272 753 1421 830 poffe
1445 753 1613 826 confi·
1664 778 1669 780 >

195 850 246 890 95
269 836 446 892 deret,
501 830 610 905 sed
651 836 901 899 quomodo
964 853 1121 883 nemo.
1225 833 1387 903 Qqu.
1440 833 1613 900 potest

265 928 502 978 pugnare
539 913 678 960 inter
710 910 761 960 se
803 911 990 961 videri.
1069 915 1268 960 Verum
1301 921 1613 977 utrumque,

353 1121 416 1159 92.
442 1104 538 1158 fere.
562 1106 813 1147 Turic.Flor.
828 1112 955 1148 Guelf.
970 1111 1062 1160 fiat.
1084 1113 1203 1147 mire!
1439 1111 1610 1148 habeant.

265 1168 385 1205 Goth.
417 1168 506 1213 (tac.
531 1169 660 1209 Gesn.)
685 1169 840 1208 habent,
871 1172 941 1203 ne'c
972 1180 1097 1204 tamen
1129 1169 1342 1204 laudantur.
1384 1169 1484 1203 Mox
1505 1169 1611 1202 idem

266 1226 406 1260 iisdem.
633 1238 712 1257 cum
746 1233 789 1259 te.
818 1225 949 1266 Turio.
974 1225 1143 1264 omittit,
1184 1226 1245 1258 sed
1268 1225 1312 1259 ab
1339 1225 1469 1260 eadem
1492 1239 1613 1262 manu.

262 1283 404 1316 inserto
437 1294 510 1314 non
539 1291 624 1315 ante
649 1279 791 1327 facile,·
823 1291 859 1315 et
891 1281 945 1316 sic
974 1280 1077 1316 Flor-
1114 1280 1241 1316 Guelf.
1275 1290 1310 1315 te
1330 1280 1453 1316 solum
1478 1283 1611 1331 Camp-

263 1351 354 1372 cum
385 1336 502 1372 Goth.
539 1337 645 1372 Voff.
668 1347 703 1371 2.
737 1336 835 1371 Van.
869 1348 942 1372 non
968 1347 1003 1372 te
1022 1338 1119 1377 Jens.
1145 1348 1182 1372 et
1202 1337 1286 1372 edd.
1313 1348 1397 1372 ante
1418 1337 1506 1373 Ald.
1533 1353 1612 1376 eae-

263 1395 350 1428 dem
369 1406 464 1428 mox
480 1390 609 1441 poffet.
637 1393 787 1440 Regius
811 1395 994 1430 correxit.
1229 1407 1305 1428 non
1327 1395 1376 1429 id.
1404 1394 1468 1429 Sic
1479 1396 1612 1433 Turio.

262 1450 366 1486 Flor.
392 1449 519 1485 Guelf.
544 1449 674 1497 Camp.
704 1463 791 1484 cum
812 1450 916 1486 Voff.
944 1461 979 1484 2.
1008 1462 1045 1486 et
1066 1450 1150 1486 edd.
1177 1460 1262 1485 ante
1281 1450 1368 1486 Ald.
1400 1448 1524 1500 quise
1549 1466 1613 1488 an-

263 1507 434 1555 teponit,
470 1506 575 1554 quod
608 1519 626 1539 a
661 1506 759 1543 Jens.
790 1506 881 1541 inde
908 1506 1052 1542 habent
1070 1507 1154 1555 post
1176 1509 1242 1543 ita.
1284 1507 1447 1556 Reliqui
1472 1522 1548 1544 non
1568 1509 1614 1559 se

263 1563 314 1599 id.
337 1563 383 1598 cf.
401 1574 446 1607 7,
474 1576 507 1603 1,
530 1563 597 1600 60.
631 1578 636 1584 ·

321 1753 385 1790 92.
428 1743 589 1791 quodam
626 1742 707 1777 Ioco
740 1763 798 1770 —-
819 1743 908 1778 Alio

261 1814 361 1838 vero.
407 1800 504 1835 Satis
530 1800 579 1834 est
611 1800 718 1847 quod
749 1801 909 1834 demon-

260 1859 375 1892 strant
384 1858 468 1894 VV.
481 1857 574 1891 DD.
587 1857 666 1891 Cic.
681 1856 785 1892 Orat.
798 1869 829 1891 c.
844 1865 908 1898 23.

262 1926 300 1950 ct
323 1921 386 1957 28.
408 1912 479 1948 ubi
499 1913 585 1947 sunt
613 1912 778 1953 horum,
812 1925 908 1960 quae

263 1973 337 2018 Qu.
360 1970 490 2010 refert,
506 1969 645 2003 semina
657 1970 778 2016 magis
794 1982 907 2017 quam

263 2026 434 2076 expressa
462 2025 591 2060 verba.
660 2026 744 2060 Neo
771 2026 910 2060 attinet

261 2084 436 2118 laborare
459 2081 504 2116 de
526 2081 774 2116 inveniendis
801 2082 908 2117 Cice-

260 2140 449 2179 ronianis,
469 2152 566 2186 quae
589 2137 635 2172 ad
658 2138 831 2172 amuffim
850 2151 908 2172 re-

261 2197 473 2245 spondeant
504 2195 661 2234 nostris,
711 2207 797 2228 curn
830 2196 908 2240 jam

263 2253 459 2300 cognitam
502 2251 711 2287 habeamus
752 2250 907 2296 Quinti·

261 2308 359 2343 liani
378 2310 420 2342 in
435 2308 636 2344 afferendis
650 2306 785 2341 alienis
805 2307 905 2340 secu-

261 2366 428 2400 ritatem.
474 2364 639 2412 Alioqui
667 2362 787 2397 multa
825 2363 908 2396 sane

262 2422 396 2456 desunt
424 2420 485 2455 illi
521 2419 794 2459 similitudini:
842 2431 907 2452 ne-

262 2491 337 2525 que
357 2478 460 2512 enim
487 2478 620 2526 priore
647 2475 734 2510 loco
758 2486 906 2510 tantum

264 2533 405 2568 tribuit
425 2535 563 2569 Cicero
583 2532 645 2567 illi
668 2533 777 2567 tenui
792 2544 906 2580 gene-

261 2590 308 2625 ri,
340 2600 381 2624 ut
405 2591 597 2638 optimum
627 2589 811 2636 agnoscat,
841 2601 906 2622 ne-

264 2658 337 2691 que
369 2645 487 2680 altero
511 2647 544 2680 se
565 2645 808 2693 potiffimum
830 2645 906 2679 hoc

264 2701 378 2748 egiss'e
433 2702 599 2739 testatur.
703 2703 747 2736 In
806 2701 905 2736 hanc

970 1743 1130 1791 quidem
1160 1744 1383 1779 sententiam
1414 1742 1613 1792 aliquanto

967 1800 1090 1847 magis
1123 1802 1307 1848 congruit
1336 1801 1445 1835 locus
1468 1814 1487 1834 a
1504 1801 1613 1837 Gesn.

967 1855 1160 1892 indicatus
1184 1858 1292 1892 Brut.
1317 1870 1347 1892 c.
1374 1866 1436 1903 95.
1462 1865 1615 1904 propter

968 1911 1180 1962 exquisitius
1219 1922 1255 1947 ec
1281 1915 1430 1948 minime
1459 1904 1614 1960 vulgare

969 1971 1145 2004 orationis
1174 1983 1288 2017 genus
1321 1973 1463 2005 animos
1494 1970 1613 2003 homi-

967 2039 1053 2059 num
1092 2027 1143 2060 ad
1175 2039 1231 2059 me
1269 2027 1416 2060 dicendi
1446 2028 1613 2061 novitate

1305 2082 1411 2117 Illud
1452 2093 1611 2129 quoque

969 2137 1214 2184 Quintiliano
1235 2138 1301 2173 hic
1323 2137 1537 2186 disputanti
1552 2149 1611 2171 ac-

968 2194 1089 2233 cedit,
1120 2194 1214 2228 item
1249 2208 1267 2228 a
1292 2196 1457 2230 Gesnero
1483 2206 1611 2241 reper-

967 2259 1061 2288 tum,
1082 2250 1124 2284 in
1139 2249 1304 2285 Oratore
1319 2251 1448 2286 versus
1463 2250 1584 2285 finem
1599 2263 1608 2283 τ

964 2303 1088 2352 Potest
1108 2327 1165 2333 -—
1191 2321 1264 2341 non
1279 2306 1403 2355 solum
1424 2306 1527 2342 aliud
1543 2308 1611 2346 mid

967 2361 1016 2402 hi,
1048 2376 1091 2397 ac
1113 2364 1191 2402 tibi,
1214 2363 1284 2412 sed
1307 2365 1395 2398 mihi
1418 2362 1488 2412 ipsi
1507 2363 1612 2398 aliud

967 2420 1065 2453 alias
1086 2421 1214 2454 videri.
1246 2420 1306 2455 Ad
1326 2419 1435 2455 illam
1459 2421 1503 2454 de
1516 2419 1608 2455 falso

964 2475 1132 2520 judicata
1169 2476 1353 2512 facilitate
1384 2477 1607 2511 sententiam

965 2542 1065 2566 recte
1102 2534 1247 2567 Badius
1295 2533 1476 2568 admonet
1520 2545 1605 2567 ver-⁵

964 2588 1074 2622 suum
1117 2590 1274 2625 Horatii
1309 2589 1425 2638 Epist.
1455 2589 1500 2623 ad
1535 2589 1604 2624 Pis.

966 2651 1044 2688 240
1061 2665 1110 2673 —
1127 2652 1189 2689 42.

967 2090 1226 2117 converteram.
