1779 3062
1467 174 1569 227 479

339 570 416 622 Μ.
496 569 740 620 FABn
819 570 1436 639 QUINTILIANI

843 714 932 739 ΒΕ.

556 813 1223 875 ORATORIA

209 949 1568 1026 INSTITUTIONE

404 1102 680 1148 LIBER
748 1100 1371 1148 DUODECIMUS.

646 1220 1135 1267 PROOEMIUM.

124 1353 499 1455 1042VENTUM
528 1384 601 1435 est
616 1384 691 1434 ‘ad
712 1396 916 1453 partem
939 1386 1114 1452 operis
1137 1384 1383 1437 destinati
1408 1389 1570 1455 longe

215 1465 576 1536 graviffimam.
657 1464 826 1525 Cujus
855 1464 1109 1529 equidem
1133 1482 1270 1513 onus
1296 1464 1337 1512 si
1361 1477 1571 1518 tantum

217 1546 478 1614 opinione
508 1542 682 1606 prima
716 1541 996 1606 concipere
1028 1539 1326 1605 potuissem,
1367 1555 1570 1608 quanto

216 1641 303 1674 me
319 1621 494 1690 premi
506 1617 680 1666 ferens
700 1616 886 1682 sentio,
911 1619 1174 1667 maturius
1196 1617 1572 1670 consuluiffem

215 1702 359 1752 vires
383 1714 538 1748 meas.
593 1694 697 1744 Sed
721 1696 880 1745 initio
904 1693 1084 1761 pudor
1109 1695 1410 1755 omittendi,
1436 1715 1572 1763 quae

214 1775 592 1846 promiseram,
632 1773 836 1820 tenuit:
916 1788 1070 1829 mox,
1117 1790 1427 1838 quanquam
1475 1792 1573 1841 per

214 1855 450 1921 singulas
482 1867 651 1918 prope
677 1859 849 1914 partes
873 1849 1025 1897 labor
1050 1847 1316 1908 cresceret,
1357 1868 1427 1899 ne
1453 1870 1574 1918 per-

215 1933 419 1988 derem,
445 1944 580 1995 quae
605 1930 712 1989 jam
733 1923 919 1975 effecta
944 1937 1110 1985 erant,
1144 1943 1240 1992 per
1262 1944 1448 1979 omnes
1468 1929 1574 1979 dif-

305 2108 395 2132 onus
418 2093 473 2143 sic
491 2091 531 2142 si
559 2092 692 2129 Turio.
717 2090 823 2127 Flor.
848 2090 983 2127 Ambr.
1006 2101 1044 2126 2.
1076 2091 1204 2128 Guelf.
1237 2105 1327 2130 cum
1343 2092 1449 2132 Voff.
1472 2109 1507 2131 1.
1530 2105 1570 2141 5,

220 2153 346 2190 Modo
379 2152 527 2201 quidem
558 2151 692 2199 Camp.
735 2157 874 2198 quanto
911 2150 1031 2197 premi
1060 2148 1196 2196 foreas
1225 2149 1358 2186 Turic.
1393 2151 1499 2189 Flor.
1533 2167 1569 2202 q.

221 2225 268 2247 m.
310 2211 429 2256 prime
460 2206 496 2255 f.
540 2207 644 2246 Voff.
691 2220 725 2242 1.
759 2215 798 2250 5.
838 2207 900 2241 An
940 2219 976 2255 q.
1016 2219 1053 2253 p.
1096 2219 1153 2241 me
1184 2206 1254 2255 f.?
1311 2209 1389 2242 Pro
1427 2220 1570 2257 quanto

153 2270 155 2272 ’
213 2265 351 2302 ,(ὴωὶὶ.
385 2274 573 2315 quantum,
605 2265 738 2312 Camp.
770 2277 879 2313 quam
912 2276 1018 2297 nunc,
1058 2264 1159 2299 Mox
1189 2264 1399 2300 omittendo
1431 2267 1568 2306 Turio.

219 2323 326 2358 Flor.
369 2321 632 2371 praemiseram
673 2322 807 2367 Camp.
849 2333 993 2371 quoque
1029 2329 1159 2369 partes
1190 2320 1318 2356 Guelf.
1351 2334 1439 2356 clun
1467 2325 1569 2362 Jens.

221 2390 262 2416 et
301 2378 386 2414 edd.
425 2377 520 2427 post.
563 2388 648 2415 ante
679 2380 803 2414 Stoer.
836 2377 933 2412 libor
961 2375 1067 2412 Flor.
1099 2390 1155 2413 me
1175 2374 1403 2426 sustentavit
1432 2380 1567 2417 Turic.

221 2434 326 2473 Flor.
359 2448 450 2471 cum
478 2433 580 2472 Alm.
613 2430 756 2485 mensus
785 2436 968 2483 temptavi
998 2432 1127 2472 Guelf-

277 2607 315 2630 1.
344 2593 467 2641 pudor
498 2594 705 2631 omittendi.
735 2593 784 2630 cf.
806 2607 868 2631 ve-
927 2591 1057 2642 ipsum,
1085 2592 1172 2629 illic
1191 2594 1568 2635 verecundaturalia-

218 2652 429 2687 recundiam
449 2652 613 2700 negandi
638 2653 727 2689 Ero.
753 2663 788 2693 1,
821 2660 859 2695 5.
920 2663 1014 2688 rum
1053 2651 1172 2686 causa.

218 2716 269 2751 ὅ·
303 2714 352 2753 5·
393 2714 455 2751 ι5·
524 2708 600 2744 Sed
639 2707 705 2747 hic
744 2709 863 2759 pudet
