1779 3062
459 148 626 195 INST.
664 149 949 198 ORATOR,
985 153 1108 201 LIB.
1145 154 1243 212 XI,
1283 166 1329 219 lt
1469 166 1570 215 245

199 276 392 345 agendi
415 294 567 327 more
599 295 656 326 ac
679 275 863 336 modo,
901 281 1191 331 contineri:
1233 298 1344 347 quo
1367 282 1430 332 ab
1452 282 1569 351 ipso

196 357 390 407 mentis
433 356 622 406 habitu
653 355 997 405 manifestum
1034 356 1124 416 sit,
1172 370 1276 408 tam
1314 363 1368 410 in
1408 360 1568 411 susci-

196 434 437 502 piendss,
489 451 651 502 quam
686 435 744 483 in
780 434 997 500 agendis
1033 436 1200 487 causis
1237 439 1376 487 nihil
1415 438 1565 506 pensi

194 511 402 563 habere.
518 512 729 564 Profert
784 513 931 562 enim
1002 531 1178 564 mores
1238 518 1564 584 plerumque
1585 538 1639 575 30

195 594 391 653 oratio,
474 603 527 643 et
559 595 725 642 animi
758 590 951 640 secreta
986 591 1198 659 detegit.
1301 597 1419 644 Nec
1450 595 1564 646 sine

99 677 180 727 968
194 670 343 721 causa
364 673 549 721 Graeci
573 671 951 739 prodiderunt,
1002 672 1083 723 Ut
1100 675 1274 733 vivat,
1310 692 1566 741 quemque

191 754 349 800 eciam
369 751 552 800 dicere.
633 751 942 800 Humiliora
980 751 1072 799 illa
1096 752 1254 802 vitia:
1296 750 1563 803 summissa

191 828 448 888 adulatio,
484 826 718 878 affectata
738 828 1046 889 scurrilitas,
1087 833 1146 880 in
1167 831 1330 881 rebus
1359 848 1417 879 ac
1442 849 1562 882 ver-

188 907 272 957 bis
291 925 483 975 parum
510 908 765 958 modestis
790 925 847 956 ac
876 907 1092 974 pudicis
1117 910 1243 959 vilis
1265 909 1459 976 pudor,
1499 912 1560 962 in

188 988 342 1036 omni
371 988 591 1052 negotio
635 987 873 1053 neglecta
903 988 1188 1036 auctoritas
1206 1005 1221 1046 ;
1277 1004 1414 1053 quae
1446 987 1560 1038 fere

184 1063 439 1113 accidunt
463 1065 565 1125 iis„
590 1066 688 1130 qui
713 1065 950 1114 nimium
981 1075 1073 1114 aut
1104 1065 1290 1114 blandi
1315 1064 1430 1124 effe,
1452 1077 1561 1117 ·aut

183 1141 408 1193 ridiculi
453 1142 661 1192 volunt.
780 1141 962 1208 Ipsum
1006 1144 1166 1192 etiam
1217 1144 1558 1208 eloquentiae
1581 1169 1636 1207 52

183 1238 356 1287 genus
401 1221 531 1271 alios
573 1220 724 1270 aliud
763 1219 930 1270 decet.
1042 1223 1186 1270 Nam
1228 1238 1406 1287 neque
1450 1233 1560 1276 tam.
1595 1248 1601 1253 ·

184 1299 429 1366 plenum,
469 1308 521 1348 et
544 1308 799 1357 erectum,
839 1308 892 1346 et
917 1297 1107 1358 audaX‚
1147 1309 1200 1349 et
1220 1301 1560 1365 praecultum

182 1453 275 1493 Ald.
512 1466 616 1489 more
637 1466 691 1488 ac.
724 1452 858 1489 Tui-ic.
890 1451 996 1488 Flor.
1026 1453 1112 1498 (hic
1134 1467 1154 1489 a
1175 1467 1234 1503 pr.
1252 1456 1326 1501 m.)
1367 1456 1561 1495 omittunt

183 1525 276 1548 cum
309 1510 412 1548 Alm.
446 1512 565 1547 Recte
607 1521 712 1547 tenet
748 1512 884 1545 Burm.
919 1511 1131 1559 Praecipue
1162 1512 1268 1546 enim
1305 1513 1561 1553 necessarium

183 1583 300 1611 more,
333 1569 442 1617 quod
464 1568 630 1603 alterum
651 1568 776 1616 magis
800 1568 926 1602 secum
949 1567 1083 1608 trahit,
1115 1581 1231 1616 quam
1255 1580 1300 1604 ut
1318 1569 1435 1617 poffit
1455 1571 1561 1608 illud

182 1626 263 1663 fine
287 1626 366 1662 hoc
388 1625 497 1661 fen-i.
532 1626 667 1673 Camp.
693 1624 821 1660 nostra
849 1623 971 1659 verba
1005 1623 1221 1673 posteriore
1259 1624 1350 1661 loco
1378 1628 1495 1675 ponit
1524 1639 1563 1666 et

181 1683 307 1721 modo
321 1683 549 1729 judiciorum
566 1694 638 1732 pro
654 1682 835 1726 judicum.
1061 1684 1269 1717 contineri:
1301 1696 1372 1731 quo
1395 1685 1441 1719 ab
1464 1684 1560 1734 ipso.

182 1741 249 1777 Sic
271 1740 404 1776 Turio.
427 1739 558 1787 Camp.
583 1752 672 1774 cum
697 1737 797 1774 Alm.
819 1752 846 1774 c.
868 1750 939 1787 quo
964 1736 1044 1786 ipso
1075 1739 1210 1776 Ambr.
1237 1750 1272 1776 2.
1309 1741 1438 1778 Guelf.
1466 1755 1559 1778 cum

144 1798 147 1801 ’
181 1798 300 1835 Bern.
323 1807 359 1833 et
378 1811 451 1847 quo
471 1797 517 1833 ab
538 1794 618 1846 ipso
639 1795 743 1833 Flor.
767 1809 856 1845 quos
881 1793 960 1844 ipso
981 1795 1103 1832 Andr.
1134 1795 1225 1834 Ald.
1257 1797 1361 1835 Gibs.
1392 1798 1557 1850 Reliqui

182 1867 231 1892 ea:
254 1868 326 1905 quo
351 1853 444 1903 ipso.

275 1921 341 1956 50.
372 1912 488 1947 vivat.
520 1910 654 1946 Turio.
680 1910 830 1956 jubant.
859 1907 965 1946 Flor.
997 1912 1038 1954 (a
1057 1921 1116 1958 pr.
1137 1911 1211 1956 m.)
1236 1910 1383 1956 jubeat.
1416 1913 1553 1953 Guelf.

183 1970 321 2017 camp.
359 1970 473 2014 juvat
513 1981 602 2004 cum
634 1967 755 2003 Goth.
795 1965 893 2005 Jenl'.
928 1967 1046 2002 Tarv.
1088 1968 1203 2005 etiam
1234 1966 1336 2004 abest
1366 1983 1386 2005 a
1416 1970 1551 2009 Turio.

151 2062 154 2066 ,
183 2026 292 2063 Flor.
326 2024 366 2071 (a
386 2038 443 2074 pr.
467 2024 540 2074 m.)
574 2025 706 2072 Camp.
734 2037 808 2073 pro
840 2036 887 2059 eo
918 2033 956 2060 et:
986 2023 1116 2060 Guelf.
1354 2040 1398 2062 ac
1416 2029 1551 2064 verbis.

181 2083 320 2121 Ambr.
347 2092 384 2118 2.
421 2081 551 2118 Guelf.
585 2082 789 2117 omittunt.
1014 2081 1114 2119 vilis.
1145 2082 1280 2122 Turio.
1309 2083 1431 2121 verbis
1461 2098 1554 2122 cuna

182 2140 286 2177 Alm.
317 2139 391 2175 nisi
409 2139 519 2188 quod
538 2139 606 2174 hie
627 2151 695 2187 per
715 2137 1008 2187 compendium.

273 2207 339 2242 51.
390 2197 631 2247 praecultum.
672 2196 792 2233 Goth.
833 2196 1032 2246 petulcum.
1072 2198 1246 2235 Nonnisi
1273 2190 1399 2234 casum
1431 2198 1554 2235 inter·

181 2265 330 2306 pretor.
362 2255 570 2303 percultum
600 2251 699 2291 Obr.
730 2252 845 2290 male.
874 2254 972 2291 Non
993 2253 1220 2292 inauditum
1244 2255 1295 2292 est
1312 2254 1553 2293 vocabulum

897 2398 985 2425 tum
1025 2389 1216 2430 afferunt,
1274 2390 1477 2427 Erafmum
1510 2390 1573 2429 in·

898 2446 1047 2495 Adagg.
1078 2461 1112 2487 1,
1145 2447 1181 2488 6,
1215 2453 1279 2490 50.
1325 2449 1480 2497 Menag.
1505 2449 1556 2486 ad

245 2399 312 2434 50.
336 2389 474 2425 Graeci
492 2388 748 2438 prodiderunt.
772 2390 842 2425 So·

186 2447 275 2484 loni
319 2447 509 2482 tribuitur
556 2445 741 2482 sententia
785 2445 844 2481 τὸν

186 2504 302 2553 λόγον
333 2501 477 2538 εἴδωλον
498 2499 587 2538 εἶναι
616 2506 686 2537 τῶν
715 2502 843 2552 ἔργων,

187 2561 266 2603 vel,
287 2553 357 2602 οἷος
375 2560 391 2595 ὁ
408 2559 549 2609 τρόπος,
573 2564 733 2596 τοιοῦτον
755 2557 845 2596 εἶναι

186 2617 324 2654 καὶτὸν
344 2616 466 2666 λόγον.
505 2617 622 2658 Vide,
656 2617 725 2665 qui
749 2617 844 2652 haec

188 2675 365 2711 indicant
394 2684 432 2709 et
461 2672 573 2710 aliter
609 2686 768 2723 quoque
796 2674 842 2709 ab

189 2732 278 2768 aliis
301 2730 470 2767 eundem
496 2731 644 2768 sensum
671 2731 847 2767 enuntia·

899 2503 1028 2540 Laert.
1062 2516 1106 2544 1,
1140 2510 1206 2550 58.
1237 2505 1371 2541 Davir.
1400 2505 1449 2541 ad
1470 2506 1553 2542 Cic.

900 2559 1012 2597 Ture.
1039 2567 1075 2604 5,
1113 2560 1177 2596 16.

957 2617 1044 2652 vilis
1062 2616 1194 2664 pudor.
1227 2618 1392 2655 Attende
1409 2633 1558 2657 nomen

904 2673 1144 2720 adjectivum
1177 2675 1361 2724 potestate
1398 2677 1559 2728 partici-

902 2731 964 2782 pii
982 2731 1222 2781 usurpatum.
