1779 3062
1770 0 1779 163 Ι

340 170 430 214 158
652 159 728 205 M.
764 160 899 205 ΕΑΒ.
937 149 1356 222 QUINTILIANI

333 286 667 345 recondebat,
706 304 774 336 ne
815 288 964 337 aliud
999 305 1148 354 agere
1179 299 1413 337 mentem
1434 300 1683 355 cogerent

335 366 494 414 oculi.
546 365 780 429 Ideoque
805 366 1159 423 lucubrantes,
1198 364 1469 415 silentium
1492 369 1682 426 noctis,

335 453 388 490 et
413 440 649 490 clausum
673 442 1000 500 cubiculum,
1041 453 1092 490 et
1123 444 1308 490 lumen
1335 460 1506 492 unum
1528 445 1680 492 velut

259 524 312 562 26
335 529 500 566 tectos
540 520 765 567 maxime
803 529 990 567 teneat.
1109 517 1207 569 Sed
1257 535 1382 567 cum
1424 520 1483 567 in
1530 521 1681 569 omni

331 595 634 644 studiorum
654 588 860 662 genere,
893 607 1009 645 tum
1027 597 1085 643 in
1105 595 1208 644 hoc
1232 596 1515 660 praecipue
1539 596 1680 653 bona

330 672 611 732 valetudo,
689 690 932 739 quaeque
993 689 1107 721 eam
1161 674 1389 735 maxime
1444 671 1680 738 praestat,

1770 167 1772 186 1

1770 284 1775 304 [-

329 835 368 862 et
399 839 444 861 ex
475 839 545 875 quo
585 840 673 863 cum
705 828 790 863 edd.
823 838 907 863 ante
929 826 1022 863 Bad.
1051 825 1122 861 nffi
1153 824 1258 873 quod
1279 824 1403 861 Aldus
1434 838 1529 861 mox
1557 822 1678 878 potest

327 895 400 930 pro
430 882 571 931 peffet;
603 895 811 933 utrumque
847 895 948 919 recte
980 882 1225 931 improbante
1249 882 1396 922 Badio,
1429 882 1498 929 qui
1532 881 1677 917 omiffis

327 939 467 974 nostris
490 940 652 989 nihilque
677 954 763 975 cum
787 941 871 979 edd.
895 951 979 975 ante
1003 939 1098 975 Obr.
1122 951 1201 973 exe.
1220 937 1329 972 Bam.
1363 951 1438 972 acc.
1459 937 1562 973 Roll.
1604 937 1679 972 Sed

332 993 428 1030 Obr.
463 1008 557 1031 mox
587 1006 737 1043 poterat
776 1010 848 1044 pro
888 994 1020 1045 poſjet.
1309 994 1539 1030 recondebat.
1579 994 1680 1033 Jens.

328 1052 559 1087 recumbebat
581 1066 666 1087 cum
692 1054 775 1089 edd.
798 1054 955 1101 posterr.
979 1063 1063 1087 ante
1083 1050 1168 1086 Ald.
1193 1051 1262 1098 qui
1294 1051 1506 1098 recipiebat.
1769 1080 1771 1084 .

413 1118 570 1144 mentem
601 1118 783 1156 cogerent.
835 1109 967 1144 Turic.
998 1108 1131 1144 inserit
1163 1107 1290 1148 occuli,
1338 1107 1519 1155 sequente
1551 1118 1681 1143 tamen

329 1176 425 1198 mox
448 1165 557 1199 oculi.

411 1221 582 1266 Ideoque.
626 1222 759 1270 Camp.
799 1222 900 1256 Ideo.
943 1220 1082 1255 Placet.
1345 1218 1514 1267 clausum.
1557 1220 1678 1256 Goth.

329 1279 414 1321 (tac.
441 1277 572 1322 Gesn.)
604 1277 740 1325 clusum
773 1290 862 1312 cum
888 1276 984 1313 Vall.
1010 1275 1101 1310 Bad.
1132 1276 1178 1312 cf.
1203 1289 1244 1324 9,
1280 1282 1316 1319 4,
1354 1286 1443 1311 102.

410 1332 512 1367 velut:
548 1342 676 1369 tectos.
711 1334 842 1369 Tui-ic.
866 1332 969 1368 Flor.
1001 1342 1036 1367 et
1066 1333 1176 1367 velud
1209 1342 1336 1367 rectos.
1399 1333 1445 1366 In
1474 1331 1547 1368 illo
1573 1332 1677 1368 inter

325 1398 362 1423 σε
397 1399 434 1423 et
462 1389 563 1423 velat
592 1391 886 1438 suprascriptum
915 1390 984 1424 vel.
1028 1389 1155 1424 Guelf.
1186 1390 1318 1437 Camp.
1349 1402 1393 1425 Ὃ.
1428 1398 1545 1424 rectos
1586 1402 1677 1424 eum

324 1445 426 1482 Alm.
460 1446 564 1481 Voff.
593 1461 626 1482 1.
657 1457 692 1482 2.
725 1447 843 1482 Goth.
874 1449 986 1481 Bern.
1018 1456 1054 1481 et
1085 1445 1168 1480 edd.
1201 1455 1286 1480 ante
1316 1445 1427 1480 Leid.
1466 1458 1540 1480 acc.
1571 1446 1673 1481 Gibs.

320 1502 603 1549 Interpretatur
628 1503 789 1537 Badius:
823 1502 962 1543 „velut
982 1513 1083 1537 recta
1103 1502 1143 1536 in
1166 1515 1249 1537 rem
1272 1514 1388 1536 unam
1417 1501 1601 1543 intentos,
1633 1503 1677 1537 in

320 1571 429 1598 „eam
457 1557 643 1594 videlicet
665 1571 779 1606 quam
800 1558 1112 1607 proposuerint.“
1171 1559 1310 1593 Tentat
1330 1559 1462 1592 Burm.
1483 1558 1542 1592 vel
1562 1561 1678 1594 etiam

321 1614 454 1652 lectus,
486 1613 630 1649 multos
667 1615 816 1650 testatus
846 1615 914 1662 qui
949 1615 995 1649 de
1022 1615 1206 1649 Romanis
1241 1615 1283 1648 in
1301 1612 1403 1648 lecto
1436 1612 1676 1650 studentibus

321 1669 580 1718 prodiderint.
642 1671 748 1705 Huic
785 1671 1022 1719 respondent
1044 1671 1204 1719 Capper.
1245 1682 1287 1704 ac
1317 1671 1518 1716 Gesnerus,
1542 1671 1676 1706 mode-

321 1726 414 1761 stius
455 1725 520 1760 hic
553 1735 590 1760 et
619 1727 824 1762 eruditius.
882 1729 1063 1775 Apparet,
1103 1741 1218 1775 quam
1253 1725 1393 1773 exigua
1422 1725 1477 1766 sit,
1528 1740 1603 1774 qua
1631 1725 1676 1761 hi

319 1782 525 1823 nituntur,
587 1794 761 1831 receptae
793 1785 1010 1819 auctoritas.
1103 1783 1208 1817 Mihi
1238 1784 1349 1829 juxta
1379 1795 1420 1817 ac
1450 1784 1674 1817 Burmanno

319 1851 418 1879 „nec
451 1847 564 1873 tectos
594 1853 664 1874 nec
705 1849 822 1874 rectos
862 1841 945 1875 satis
985 1839 1151 1887 placet.“
1241 1840 1367 1885 Quare
1396 1838 1499 1873 enim
1546 1840 1676 1880 „velut
1724 1885 1727 1887 Α

319 1893 534 1935 „tectos“'?
565 1896 673 1930 Num
704 1897 745 1930 in
778 1897 939 1931 cubiculo
971 1895 1092 1944 clauso
1123 1909 1203 1931 non
1223 1897 1307 1931 sunt
1344 1897 1459 1938 tecti?
1487 1895 1675 1943 Inprimis

321 1961 449 1985 autem
483 1952 759 1987 attendendum
799 1954 929 1988 censeo
961 1963 998 1988 ec
1017 1952 1117 1987 illud
1139 1952 1387 2001 praemissum
1411 1951 1454 1987 in
1474 1951 1674 1987 vetuftiffi·

318 2007 406 2042 mis.
467 2008 580 2041 Latet
601 2007 763 2055 aliquid,
791 2009 834 2043 ni
860 2008 986 2048 fallor,
1017 2009 1059 2043 in
1089 2009 1158 2044 isto
1192 2018 1320 2048 rectos,
1353 2020 1468 2054 quem
1497 2008 1675 2043 nomina·

320 2063 452 2098 tivum
474 2063 642 2111 suspicor
664 2066 826 2099 Graecae
858 2064 1023 2111 alicujus
1059 2066 1180 2101 vocis.
1242 2064 1301 2099 Ad
1324 2062 1497 2098 Plinium
1516 2076 1675 2112 quoque

323 2131 360 2167 9,
394 2120 459 2164 56,
491 2129 528 2156 2.
568 2119 767 2168 vulgatam
794 2122 961 2156 nostram
984 2133 1116 2157 tuetur
1137 2121 1336 2157 Gesnerus.

319 2243 516 2279 Plutarch.
562 2245 605 2280 in
648 2245 726 2281 Vit.
766 2245 968 2282 Demosth.
1084 2246 1206 2280 lumen
1226 2257 1348 2280 unum.
1390 2243 1555 2292 Ablegat
1574 2245 1672 2279 Bur-

320 2312 351 2335 c.
377 2310 412 2343 7.
454 2300 491 2334 ἐκ
525 2299 653 2336 τούτου
683 2301 875 2350 κατάγειον
905 2301 970 2346 μὲν
1027 2315 1192 2336 mannus
1260 2302 1306 2334 ad
1362 2299 1674 2348 Bynkershoekii

319 2353 552 2400 οἰκοδομῆσαι
584 2357 851 2406 μελετητὴριον,
887 2355 903 2392 ὃ
929 2359 969 2401 δὴ
1029 2359 1188 2394 Observ.
1211 2357 1317 2395 Juris
1338 2358 1450 2392 Rom.
1478 2371 1513 2397 1,
1543 2363 1604 2402 14.
1626 2369 1673 2393 ex

318 2412 509 2454 διεσώζετο
583 2414 640 2448 καὶ
715 2413 798 2450 καθ’
862 2414 968 2458 ἡμᾶς.
1026 2414 1104 2464 hoc
1125 2414 1213 2449 loco
1237 2413 1484 2452 ostendentes,
1508 2412 1602 2461 quid
1627 2413 1674 2447 sit

317 2468 556 2504 Enarrantur
605 2471 754 2506 ibidem
803 2481 840 2506 et
879 2469 968 2505 reli·
1029 2471 1150 2505 lumen
1198 2472 1342 2505 unicum
1391 2469 1493 2518 apud
1539 2467 1672 2517 Ulpia·

318 2537 416 2571 quae
448 2526 528 2560 viri
567 2528 882 2566 exercitationes,
921 2527 966 2561 de
1025 2540 1133 2561 num.

317 2581 460 2626 quibus
530 2583 786 2618 conferendus
851 2584 968 2618 etiam

315 2634 505 2672 Libanius
556 2639 598 2673 in
647 2640 728 2674 vita
762 2639 964 2675 Demosth.
1082 2639 1182 2674 velut
1241 2647 1365 2675 tectos.
1447 2637 1528 2674 vid.
1587 2646 1669 2673 not.

315 2689 372 2740 (Ρ.
399 2699 434 2736 4.
466 2694 521 2730 ed.
542 2695 744 2732 Demosth.
766 2696 915 2740 Reisk.)
1024 2695 1122 2730 crit.-
