1779 3062
204 149 332 195 .626
503 160 513 185 ι
558 144 637 193 Μ.
671 143 811 192 FAB.
846 141 1270 206 QUINTILIA'NI
1313 178 1317 181 f

207 274 358 326 »sive
379 269 547 340 ipsius
579 283 795 330 natura,
855 270 950 322 seu
985 271 1104 338 lege
1140 272 1365 322 civitatis
1395 273 1586 323 viden-

158 839 205 877 27

211 365 351 412 -tur,
412 350 686 412 adiecerit,
746 359 810 400 ut
853 345 1071 399 affectus
1118 351 1429 401 concitatius
1465 368 1584 401 mo-

232 441 380 489 veat,
417 428 632 483 audiam
660 429 954 487 dicentem,
1001 429 1134 478 Non
1156 423 1299 498 fecit
1332 427 1426 478 hoc
1463 429 1675 485 De-1092

230 505 559 579 mosthenes?
597 517 650 555 et
675 504 718 556 si
740 506 876 572 quid
905 506 1092 555 exierit
1121 505 1360 555 numeris
1383 507 1580 573 aptius;

213 583 441 638 »fortass'e
470 602 584 635 non
615 583 792 651 poffit3
866 582 958 634 sed.
995 595 1173 633 tamen
1206 581 1249 632 si
1281 581 1417 649 quid
1443 585 1584 632 exie-

214 667 334 724 nt,
377 680 494 714 non
531 664 634 711 erit
663 663 933 713 Atticum?
1010 662 1213 712 Melius
1245 660 1314 710 de
1347 660 1453 710 hoc
1483 677 1583 711 no-

233 744 382 794 mine
419 740 669 801 sentiant,
712 740 1036 806 credantque
1070 739 1250 789 Attice
1281 739 1450 787 dicere
1480 733 1586 812 effe

237 824 429 888 optime
461 820 643 870 dicere.
685 820 861 886 Atque
891 820 952 868 in
981 818 1080 867 hac
1111 827 1288 869 tamen
1324 816 1586 885 opinione

231 1027 317 1049 nere
339 1010 421 1061 sive
451 1010 586 1047 Turio.
617 1009 724 1046 Flor.
753 1023 788 1046 c.
818 1009 921 1044 Alm.
954 1009 1058 1044 Mira
1089 1006 1277 1044 variatio:
1310 1007 1353 1043 in
1381 1019 1457 1055 qua
1488 1004 1585 1054 quid

229 1071 359 1110 lateat,
388 1069 468 1104 [ive
502 1068 704 1117 quomodo
738 1080 785 1103 ex
816 1066 1007 1116 aptiffirna
1038 1066 1178 1114 utique
1207 1062 1367 1113 vulgata
1389 1061 1491 1099 nasci
1513 1075 1584 1111 po-

215 1127 373 1167 'tuerit,
433 1124 548 1175 plane
589 1138 670 1160 non
708 1124 897 1173 affequor,
958 1125 1034 1158 Pro
1077 1124 1111 1156 ei
1149 1132 1279 1156 autem
1319 1131 1355 1156 et
1384 1117 1514 1156 Guelf».
1545 1131 1579 1154 c.

230 1183 338 1222 Voss.
370 1191 407 1226 5.
666 1180 748 1230 seu.
810 1180 874 1215 Sic
913 1174 1045 1215 Turio.
1077 1177 1183 1214 Flor.
1216 1177 1346 1214 Guelf.
1377 1175 1461 1226 sive
1491 1175 1583 1212 reli-

230 1242 314 1288 qui.
431 1238 602 1274 viderent
633 1238 769 1273 Turic.
802 1236 908 1272 Flor.
941 1249 973 1272 e.
1005 1235 1108 1272 Alm.
1223 1236 1363 1271 audeat
1385 1233 1456 1269 iid.
1518 1247 1584 1268 au-

231 1298 314 1332 cliat
342 1296 477 1343 Camp.
523 1308 554 1331 c.
585 1294 692 1332 voss.
728 1304 764 1329 2.
875 1291 913 1342 fi
952 1294 1042 1343 quid
1080 1292 1238 1327 numeris
1280 1293 1410 1327 exierit
1455 1289 1586 1326 Guelf-

229 1354 366 1402 Camp.
408 1351 528 1388 Goth.
562 1353 663 1396 (tac.
697 1351 837 1394 Gesn.)
882 1363 971 1387 cum
1000 1349 1103 1388 Voff.
1140 1361 1173 1383 ι.
1207 1357 1245 1392 5.
1283 1349 1359 1384 nisi
1395 1346 1509 1396 quod·
1539 1347 1587 1383 hi

229 1411 402 1446 muneris.
463 1408 529 1444 Ob
569 1407 925 1444 homoeoteleuton
965 1418 1093 1443 autem
1124 1405 1244 1441 verba
1273 1407 1399 1455 aptius
1426 1424 1484 1432 ——
1520 1417 1585 1441 us-

231 1481 308 1516 que
340 1467 388 1501 ad.
421 1465 587 1501 alterum
620 1467 750 1501 exierit
780 1478 858 1501 om.
894 1463 1023 1501 Guelf.
1056 1477 1087 1498 e.
1112 1462 1219 1502 Voff.
1255 1476 1288 1498 1.
1316 1471 1353 1506 3.
1417 1461 1491 1498 Sed
1510 1473 1584 1511 pro

232 1525 365 1560 exierit:
393 1522 456 1559 bis
484 1522 620 1558 dixerit
649 1522 784 1557 Turio.
809 1521 914 1558 Flor.
948 1535 980 1557 c.
1010 1521 1112 1557 Alm.
1152 1519 1260 1567 quod
1292 1519 1472 1567 quamvis
1492 1519 1586 1553 stare

231 1580 360 1630 ponit,
393 1593 413 1615 e
443 1580 587 1614 mendo
620 1589 748 1614 tamen
773 1589 907 1614 natum
928 1577 1078 1625 judico,
1110 1588 1194 1612 tum
1222 1575 1450 1611 incredulus
1471 1587 1584 1610 caeco

232 1636 335 1673 casui
369 1636 490 1671 Persii
517 1635 711 1671 imitatori
740 1635 840 1679 (vid.
875 1645 957 1671 not.
992 1628 1151 1684 exeg.)‚
1209 1643 1295 1668 tum
1326 1633 1586 1668 variationem

232 1693 440 1742 agnoscens
471 1692 514 1726 in
542 1691 680 1727 bifaria
711 1690 922 1728 relatione:
984 1691 1162 1737 adjecerit
1174 1688 1395 1738 —fect't—
1421 1689 1467 1725 de
1500 1701 1585 1725 ora·

233 1761 341 1792 t01·e;
404 1751 599 1785 exierit—
614 1751 685 1784 erit
703 1769 761 1777 --
781 1749 828 1784 de
851 1761 963 1785 voce.

289 1920 373 1969 lege
409 1921 586 1956 civitatis.
630 1919 713 1956 vid.
755 1922 801 1956 ad
835 1931 880 1962 2,
941 1920 1126 1957 omnibus
1147 1928 1244 1956 noto
1269 1913 1434 1954 utatur?
1484 1915 1585 1952 Add.

237 1976 303 2020 16,
335 1984 373 2023 4.
939 1990 1021 2014 not.
1046 1978 1131 2014 crit.

291 2033 379 2083 etsi
404 2034 494 2083 quid
514 2036 658 2070 exierit.
716 2035 810 2071 Non
834 2037 880 2072 de
995 2034 1336 2079 Attice—optime
1349 2032 1479 2067 dicere.
1499 2030 1587 2066 Dis-

232 2089 363 2128 nihilo
399 2091 450 2126 est
480 2091 588 2139 quod
622 2091 764 2128 Badius
798 2106 882 2128 mo-
938 2091 1077 2127 similis
1110 2090 1332 2137 aliquanto,
1382 2098 1427 2122 ut
1459 2086 1585 2123 obser-

232 2158 321 2188 nct.
354 2147 525 2183 alludere
555 2147 726 2183 nostrum
758 2149 804 2184 ad
833 2149 882 2184 il·
937 2159 1005 2184 vat
1033 2146 1164 2188 Valla,
1197 2145 1246 2180 est
1275 2143 1478 2180 Ciceronis
1506 2144 1587 2178 sen·

231 2203 303 2239 lud
328 2204 448 2240 Persii
475 2204 564 2239 Nou
597 2217 667 2251 ego
698 2219 776 2240 cum
790 2206 880 2254 seri-
938 2206 1057 2242 tentia
1088 2205 1198 2239 Brut.
1233 2207 1299 2246 34.
1331 2203 1389 2236 ita
1415 2199 1512 2248 fiet,
1545 2210 1586 2235 ut

233 2261 295 2300 bo,
314 2260 354 2310 si
374 2261 480 2309 forte
512 2261 601 2310 quid
626 2263 750 2309 aptius
776 2266 878 2297 exit:
938 2277 1012 2297 ηυιι
1053 2273 1180 2296 omnes
1220 2260 1284 2308 qui
1321 2258 1444 2292 Attice
1471 2257 1585 2292 iidem

234 2318 395 2369 Quando
419 2318 507 2354 haec
536 2332 622 2353 rara
644 2320 725 2353 av1's
746 2316 818 2367 est:
840 2319 879 2368 si
936 2320 1048 2360 hene,
1078 2316 1148 2366 sed
1179 2312 1219 2351 u't
1249 2327 1376 2351 omnes
1403 2316 1466 2363 qui
1495 2313 1586 2348 bene

232 2375 322 2423 quid
348 2384 470 2410 tamen
491 2376 617 2422 aptius
643 2378 743 2417 exie,
773 2377 878 2412 Lau·
936 2377 1049 2410 iidem
1071 2377 1183 2409 etiam
1209 2374 1333 2408 Attice
1356 2371 1492 2406 dicant.
1507 2369 1582 2406 Sed

230 2432 316 2466 dari
337 2440 505 2467 metuam.
537 2432 639 2467 Nam
654 2445 770 2480 quem
783 2446 876 2482 poe·
935 2433 1073 2469 Cicero
1096 2429 1223 2480 priori
1245 2428 1334 2464 loco
1352 2427 1469 2462 siccos
1488 2425 1584 2462 illos

231 2497 308 2523 tam
326 2487 401 2523 illo
428 2501 490 2529 ιο,
516 2500 551 2529 1,
575 2494 639 2536 94.
661 2488 792 2538 elogio
816 2502 877 2526 or·
937 2500 974 2524 et
992 2486 1384 2535 jejunosAtticorum
1409 2484 1583 2519 imitato-

231 2555 309 2585 nat,
339 2545 526 2593 cujusque
577 2556 616 2581 et
665 2547 797 2582 versus
839 2558 877 2582 et
934 2558 994 2582 res
1013 2555 1149 2581 notan·
1166 2544 1226 2580 Cf.
1249 2553 1377 2578 totum
1403 2549 1583 2590 caput,et

231 2599 347 2636 verba
369 2601 486 2637 toties
516 2601 559 2637 in
589 2602 766 2638 medium
786 2615 875 2651 pro·
922 2601 981 2637 ·de
1016 2601 1108 2651 Opt.
1142 2602 1238 2636 Gen.
1266 2598 1376 2636 Orat.
1398 2605 1438 2645 4.

228 2656 324 2695 fert:
385 2657 526 2706 quidni
558 2656 726 2707 eleganti
756 2660 873 2694 etiam
990 2669 1055 2702 27.
1087 2661 1125 2693 in
1147 2659 1215 2693 Ῐιασ
1235 2666 1372 2691 tamen.
1413 2654 1498 2690 Nos
1521 2651 1580 2687 di-

229 2710 416 2750 allufione
437 2713 629 2767 loco-ejus
642 2716 872 2753 memoriter
931 2727 1105 2751 ceremus
1129 2717 1165 2751 in
1179 2713 1267 2750 illa:
1299 2710 1455 2761 respicit
1474 2709 1580 2745 enim
