<?xml version="1.0" encoding="UTF-8"?>
<!DOCTYPE html PUBLIC "-//W3C//DTD XHTML 1.0 Transitional//EN"
    "http://www.w3.org/TR/xhtml1/DTD/xhtml1-transitional.dtd">
<html xmlns="http://www.w3.org/1999/xhtml" xml:lang="en" lang="en">
 <head>
  <title>
</title>
<meta http-equiv="Content-Type" content="text/html;charset=utf-8" />
  <meta name='ocr-system' content='tesseract 3.04.00' />
  <meta name='ocr-capabilities' content='ocr_page ocr_carea ocr_par ocr_line ocrx_word'/>
</head>
<body>
  <div class='ocr_page' id='page_1' title='image "./deinstitutioneor04quinuoft_0618.png"; bbox 0 0 1779 3062; ppageno 0'>
   <div class='ocr_carea' id='block_1_1' title="bbox 254 175 351 229">
    <p class='ocr_par' dir='ltr' id='par_1_1' title="bbox 254 175 351 229">
     <span class='ocr_line' id='line_1_1' title="bbox 254 175 351 229; baseline 0.041 -4"><span class='ocrx_word' id='word_1_1' title='bbox 254 175 351 229; x_wconf 80' lang='lat'>592</span> 
     </span>
    </p>
   </div>
   <div class='ocr_carea' id='block_1_2' title="bbox 573 162 1284 227">
    <p class='ocr_par' dir='ltr' id='par_1_2' title="bbox 573 162 1284 227">
     <span class='ocr_line' id='line_1_2' title="bbox 573 162 1284 227; baseline -0.003 -13"><span class='ocrx_word' id='word_1_2' title='bbox 573 163 650 214; x_wconf 84' lang='grc' dir='ltr'>Μ.</span> <span class='ocrx_word' id='word_1_3' title='bbox 678 162 823 211; x_wconf 71' lang='grc' dir='ltr'><strong>ΕΑΒ.</strong></span> <span class='ocrx_word' id='word_1_4' title='bbox 860 162 1284 227; x_wconf 75' lang='lat' dir='ltr'><strong>QUINTILIANI</strong></span> 
     </span>
    </p>
   </div>
   <div class='ocr_carea' id='block_1_3' title="bbox 247 288 1656 360">
    <p class='ocr_par' dir='ltr' id='par_1_3' title="bbox 247 288 1656 360">
     <span class='ocr_line' id='line_1_3' title="bbox 247 288 1656 360; baseline -0.001 -17"><span class='ocrx_word' id='word_1_5' title='bbox 247 291 591 359; x_wconf 70' lang='lat' dir='ltr'><strong>cognituram</strong></span> <span class='ocrx_word' id='word_1_6' title='bbox 610 290 772 360; x_wconf 48' lang='lat' dir='ltr'>{male</span> <span class='ocrx_word' id='word_1_7' title='bbox 814 289 1032 341; x_wconf 72' lang='lat' dir='ltr'>dicendi</span> <span class='ocrx_word' id='word_1_8' title='bbox 1068 288 1276 342; x_wconf 79' lang='lat' dir='ltr'>subire:</span> <span class='ocrx_word' id='word_1_9' title='bbox 1327 289 1480 358; x_wconf 82' lang='lat' dir='ltr'>quod</span> <span class='ocrx_word' id='word_1_10' title='bbox 1527 290 1606 342; x_wconf 80' lang='lat' dir='ltr'>fa·-</span> <span class='ocrx_word' id='word_1_11' title='bbox 1648 304 1656 338; x_wconf 78' lang='grc' dir='ltr'><em>ξ</em></span> 
     </span>
    </p>
   </div>
   <div class='ocr_carea' id='block_1_4' title="bbox 247 483 1612 766">
    <p class='ocr_par' dir='ltr' id='par_1_4' title="bbox 247 483 1612 766">
     <span class='ocr_line' id='line_1_4' title="bbox 363 483 1601 543; baseline 0 -17"><span class='ocrx_word' id='word_1_12' title='bbox 363 501 402 538; x_wconf 85' lang='grc'>9.</span> <span class='ocrx_word' id='word_1_13' title='bbox 435 491 681 538; x_wconf 73' lang='lat' dir='ltr'>cognituram.</span> <span class='ocrx_word' id='word_1_14' title='bbox 743 489 805 526; x_wconf 83' lang='lat' dir='ltr'>Sic</span> <span class='ocrx_word' id='word_1_15' title='bbox 826 502 961 527; x_wconf 78' lang='lat' dir='ltr'>omnes</span> <span class='ocrx_word' id='word_1_16' title='bbox 981 490 1146 526; x_wconf 80' lang='lat' dir='ltr'>omnino</span> <span class='ocrx_word' id='word_1_17' title='bbox 1170 489 1252 526; x_wconf 77' lang='lat' dir='ltr'>mss‘.</span> <span class='ocrx_word' id='word_1_18' title='bbox 1271 483 1362 543; x_wconf 75' lang='lat' dir='ltr'>(nisi</span> <span class='ocrx_word' id='word_1_19' title='bbox 1377 488 1484 540; x_wconf 85' lang='lat' dir='ltr'>quod</span> <span class='ocrx_word' id='word_1_20' title='bbox 1495 487 1601 526; x_wconf 73' lang='lat' dir='ltr'>Flor-</span> 
     </span>
     <span class='ocr_line' id='line_1_5' title="bbox 250 541 1604 596; baseline -0.003 -11"><span class='ocrx_word' id='word_1_21' title='bbox 250 549 497 587; x_wconf 78' lang='lat' dir='ltr'>conm&#39;turam,</span> <span class='ocrx_word' id='word_1_22' title='bbox 527 546 633 584; x_wconf 77' lang='lat' dir='ltr'>vom</span> <span class='ocrx_word' id='word_1_23' title='bbox 656 555 694 590; x_wconf 77' lang='grc'>5.</span> <span class='ocrx_word' id='word_1_24' title='bbox 715 541 927 596; x_wconf 78' lang='lat' dir='ltr'>cognitura)</span> <span class='ocrx_word' id='word_1_25' title='bbox 959 557 997 582; x_wconf 87' lang='lat' dir='ltr'>et</span> <span class='ocrx_word' id='word_1_26' title='bbox 1024 546 1110 582; x_wconf 87' lang='lat' dir='ltr'>edd.</span> <span class='ocrx_word' id='word_1_27' title='bbox 1145 546 1388 595; x_wconf 82' lang='lat' dir='ltr'>antiquiores</span> <span class='ocrx_word' id='word_1_28' title='bbox 1413 555 1501 581; x_wconf 81' lang='lat' dir='ltr'>ante</span> <span class='ocrx_word' id='word_1_29' title='bbox 1513 543 1604 587; x_wconf 67' lang='lat' dir='ltr'>Ala,</span> 
     </span>
     <span class='ocr_line' id='line_1_6' title="bbox 248 599 1603 654; baseline -0.003 -14"><span class='ocrx_word' id='word_1_30' title='bbox 248 606 321 654; x_wconf 82' lang='lat' dir='ltr'>qui</span> <span class='ocrx_word' id='word_1_31' title='bbox 351 605 517 652; x_wconf 78' lang='lat' dir='ltr'>primus,</span> <span class='ocrx_word' id='word_1_32' title='bbox 550 617 599 639; x_wconf 84' lang='lat' dir='ltr'>ex</span> <span class='ocrx_word' id='word_1_33' title='bbox 627 616 734 640; x_wconf 85' lang='lat' dir='ltr'>mera</span> <span class='ocrx_word' id='word_1_34' title='bbox 764 603 870 640; x_wconf 85' lang='lat' dir='ltr'>haud</span> <span class='ocrx_word' id='word_1_35' title='bbox 895 603 1015 640; x_wconf 84' lang='lat' dir='ltr'>dubie</span> <span class='ocrx_word' id='word_1_36' title='bbox 1045 603 1281 651; x_wconf 79' lang='lat' dir='ltr'>conjectura,</span> <span class='ocrx_word' id='word_1_37' title='bbox 1301 602 1459 643; x_wconf 80' lang='lat' dir='ltr'>invexit</span> <span class='ocrx_word' id='word_1_38' title='bbox 1480 599 1603 649; x_wconf 61' lang='lat' dir='ltr'>censua—</span> 
     </span>
     <span class='ocr_line' id='line_1_7' title="bbox 247 657 1612 709; baseline -0.003 -12"><span class='ocrx_word' id='word_1_39' title='bbox 247 676 341 702; x_wconf 81' lang='lat' dir='ltr'>ram,</span> <span class='ocrx_word' id='word_1_40' title='bbox 366 661 475 709; x_wconf 84' lang='lat' dir='ltr'>quod</span> <span class='ocrx_word' id='word_1_41' title='bbox 495 673 630 697; x_wconf 80' lang='lat' dir='ltr'>omnes</span> <span class='ocrx_word' id='word_1_42' title='bbox 654 659 796 696; x_wconf 75' lang='lat' dir='ltr'>deinde</span> <span class='ocrx_word' id='word_1_43' title='bbox 815 661 1060 696; x_wconf 84' lang='lat' dir='ltr'>retinuerunt</span> <span class='ocrx_word' id='word_1_44' title='bbox 1078 670 1231 708; x_wconf 80' lang='lat' dir='ltr'>praeter</span> <span class='ocrx_word' id='word_1_45' title='bbox 1253 673 1377 696; x_wconf 85' lang='lat' dir='ltr'>uuum</span> <span class='ocrx_word' id='word_1_46' title='bbox 1399 658 1492 695; x_wconf 84' lang='lat' dir='ltr'>Obr.</span> <span class='ocrx_word' id='word_1_47' title='bbox 1517 657 1612 707; x_wconf 56' lang='lat' dir='ltr'>quijv</span> 
     </span>
     <span class='ocr_line' id='line_1_8' title="bbox 247 710 1603 766; baseline -0.004 -12"><span class='ocrx_word' id='word_1_48' title='bbox 247 718 359 766; x_wconf 81' lang='lat' dir='ltr'>quod</span> <span class='ocrx_word' id='word_1_49' title='bbox 382 717 579 754; x_wconf 84' lang='lat' dir='ltr'>rationem</span> <span class='ocrx_word' id='word_1_50' title='bbox 609 730 691 753; x_wconf 86' lang='lat' dir='ltr'>non</span> <span class='ocrx_word' id='word_1_51' title='bbox 720 718 910 765; x_wconf 81' lang='lat' dir='ltr'>exposuit,</span> <span class='ocrx_word' id='word_1_52' title='bbox 950 717 1192 753; x_wconf 81' lang='lat' dir='ltr'>imitatorem</span> <span class='ocrx_word' id='word_1_53' title='bbox 1221 715 1362 753; x_wconf 82' lang='lat' dir='ltr'><strong>habuit</strong></span> <span class='ocrx_word' id='word_1_54' title='bbox 1391 710 1603 751; x_wconf 79' lang='lat' dir='ltr'>neminem.</span> 
     </span>
    </p>
   </div>
   <div class='ocr_carea' id='block_1_5' title="bbox 247 773 1174 830">
    <p class='ocr_par' dir='ltr' id='par_1_5' title="bbox 247 773 1174 830">
     <span class='ocr_line' id='line_1_9' title="bbox 247 773 1174 830; baseline -0.004 -17"><span class='ocrx_word' id='word_1_55' title='bbox 247 775 429 830; x_wconf 75' lang='lat' dir='ltr'>Suspecta</span> <span class='ocrx_word' id='word_1_56' title='bbox 448 784 578 811; x_wconf 86' lang='lat' dir='ltr'>tamen</span> <span class='ocrx_word' id='word_1_57' title='bbox 591 783 745 825; x_wconf 79' lang='lat' dir='ltr'>recepta</span> <span class='ocrx_word' id='word_1_58' title='bbox 763 773 843 812; x_wconf 75' lang='lat' dir='ltr'>fuit</span> <span class='ocrx_word' id='word_1_59' title='bbox 860 773 1023 811; x_wconf 86' lang='lat' dir='ltr'>Rollino</span> <span class='ocrx_word' id='word_1_60' title='bbox 1045 774 1174 810; x_wconf 74' lang='lat' dir='ltr'>etiam.</span> 
     </span>
    </p>
   </div>
   <div class='ocr_carea' id='block_1_6' title="bbox 233 965 897 2758">
    <p class='ocr_par' dir='ltr' id='par_1_6' title="bbox 233 965 897 2758">
     <span class='ocr_line' id='line_1_10' title="bbox 302 965 896 1018; baseline -0.005 -14"><span class='ocrx_word' id='word_1_61' title='bbox 302 969 540 1018; x_wconf 71' lang='lat' dir='ltr'><strong><em>cognituram</em></strong></span> <span class='ocrx_word' id='word_1_62' title='bbox 599 965 697 1002; x_wconf 80' lang='lat' dir='ltr'>male</span> <span class='ocrx_word' id='word_1_63' title='bbox 748 965 896 1002; x_wconf 76' lang='lat' dir='ltr'>dicendi</span> 
     </span>
     <span class='ocr_line' id='line_1_11' title="bbox 236 1022 896 1076; baseline -0.003 -16"><span class='ocrx_word' id='word_1_64' title='bbox 236 1022 377 1076; x_wconf 75' lang='lat' dir='ltr'>[ubire.</span> <span class='ocrx_word' id='word_1_65' title='bbox 454 1023 683 1072; x_wconf 64' lang='lat' dir='ltr'>Cognitum&amp;</span> <span class='ocrx_word' id='word_1_66' title='bbox 722 1023 896 1060; x_wconf 73' lang='lat' dir='ltr'>vocabu·</span> 
     </span>
     <span class='ocr_line' id='line_1_12' title="bbox 243 1079 896 1128; baseline -0.003 -12"><span class='ocrx_word' id='word_1_67' title='bbox 243 1080 328 1117; x_wconf 87' lang='lat' dir='ltr'>lum</span> <span class='ocrx_word' id='word_1_68' title='bbox 362 1080 567 1128; x_wconf 84' lang='lat' dir='ltr'>hucusque</span> <span class='ocrx_word' id='word_1_69' title='bbox 598 1079 745 1116; x_wconf 88' lang='lat' dir='ltr'>lectum</span> <span class='ocrx_word' id='word_1_70' title='bbox 775 1080 825 1115; x_wconf 85' lang='lat' dir='ltr'>est</span> <span class='ocrx_word' id='word_1_71' title='bbox 854 1079 896 1114; x_wconf 88' lang='lat' dir='ltr'>in</span> 
     </span>
     <span class='ocr_line' id='line_1_13' title="bbox 243 1135 897 1173; baseline -0.002 -2"><span class='ocrx_word' id='word_1_72' title='bbox 243 1136 363 1173; x_wconf 81' lang='lat' dir='ltr'>unico</span> <span class='ocrx_word' id='word_1_73' title='bbox 395 1147 546 1171; x_wconf 85' lang='lat' dir='ltr'>tantum</span> <span class='ocrx_word' id='word_1_74' title='bbox 581 1135 674 1171; x_wconf 82' lang='lat' dir='ltr'>loco</span> <span class='ocrx_word' id='word_1_75' title='bbox 715 1136 897 1172; x_wconf 84' lang='lat' dir='ltr'>Suetonii</span> 
     </span>
     <span class='ocr_line' id='line_1_14' title="bbox 243 1190 896 1241; baseline -0.003 -13"><span class='ocrx_word' id='word_1_76' title='bbox 243 1191 379 1232; x_wconf 81' lang='lat' dir='ltr'>Vitell.</span> <span class='ocrx_word' id='word_1_77' title='bbox 417 1203 452 1228; x_wconf 80' lang='lat'>2.</span> <span class='ocrx_word' id='word_1_78' title='bbox 489 1193 561 1228; x_wconf 85' lang='lat' dir='ltr'>ubi</span> <span class='ocrx_word' id='word_1_79' title='bbox 595 1192 642 1227; x_wconf 86' lang='lat' dir='ltr'>de</span> <span class='ocrx_word' id='word_1_80' title='bbox 673 1191 808 1241; x_wconf 86' lang='lat' dir='ltr'>aliquo</span> <span class='ocrx_word' id='word_1_81' title='bbox 836 1190 896 1240; x_wconf 85' lang='lat' dir='ltr'>se-</span> 
     </span>
     <span class='ocr_line' id='line_1_15' title="bbox 243 1249 894 1296; baseline -0.005 -11"><span class='ocrx_word' id='word_1_82' title='bbox 243 1249 427 1285; x_wconf 66' lang='lat' dir='ltr'>orionibus</span> <span class='ocrx_word' id='word_1_83' title='bbox 459 1256 496 1282; x_wconf 80' lang='lat' dir='ltr'>et</span> <span class='ocrx_word' id='word_1_84' title='bbox 522 1250 724 1296; x_wconf 78' lang='lat' dir='ltr'><em>cognituris</em></span> <span class='ocrx_word' id='word_1_85' title='bbox 746 1249 894 1283; x_wconf 79' lang='lat' dir='ltr'>uberius</span> 
     </span>
     <span class='ocr_line' id='line_1_16' title="bbox 242 1304 891 1353; baseline -0.005 -11"><span class='ocrx_word' id='word_1_86' title='bbox 242 1304 502 1353; x_wconf 82' lang='lat' dir='ltr'><em>compendium</em></span> <span class='ocrx_word' id='word_1_87' title='bbox 541 1313 655 1340; x_wconf 80' lang='lat' dir='ltr'>nacto</span> <span class='ocrx_word' id='word_1_88' title='bbox 691 1315 891 1346; x_wconf 81' lang='lat' dir='ltr'>narratur,</span> 
     </span>
     <span class='ocr_line' id='line_1_17' title="bbox 241 1360 891 1409; baseline -0.003 -11"><span class='ocrx_word' id='word_1_89' title='bbox 241 1372 472 1408; x_wconf 69' lang='lat' dir='ltr'>certumque</span> <span class='ocrx_word' id='word_1_90' title='bbox 510 1361 561 1396; x_wconf 83' lang='lat' dir='ltr'>est</span> <span class='ocrx_word' id='word_1_91' title='bbox 602 1360 815 1409; x_wconf 76' lang='lat' dir='ltr'>significari</span> <span class='ocrx_word' id='word_1_92' title='bbox 845 1373 891 1396; x_wconf 88' lang='lat' dir='ltr'>eo</span> 
     </span>
     <span class='ocr_line' id='line_1_18' title="bbox 237 1416 893 1466; baseline -0.002 -12"><span class='ocrx_word' id='word_1_93' title='bbox 237 1430 386 1454; x_wconf 82' lang='lat' dir='ltr'>rnunus</span> <span class='ocrx_word' id='word_1_94' title='bbox 416 1416 482 1453; x_wconf 85' lang='lat' dir='ltr'>vel</span> <span class='ocrx_word' id='word_1_95' title='bbox 516 1417 694 1454; x_wconf 84' lang='lat' dir='ltr'>officium</span> <span class='ocrx_word' id='word_1_96' title='bbox 723 1420 893 1466; x_wconf 78' lang='lat' dir='ltr'>cognito-</span> 
     </span>
     <span class='ocr_line' id='line_1_19' title="bbox 238 1473 893 1524; baseline -0.005 -12"><span class='ocrx_word' id='word_1_97' title='bbox 238 1474 314 1515; x_wconf 66' lang='grc' dir='ltr'><strong><em>τῖε,-</em></strong></span> <span class='ocrx_word' id='word_1_98' title='bbox 370 1473 479 1522; x_wconf 85' lang='lat' dir='ltr'>quod</span> <span class='ocrx_word' id='word_1_99' title='bbox 507 1474 595 1510; x_wconf 80' lang='lat' dir='ltr'>satis</span> <span class='ocrx_word' id='word_1_100' title='bbox 633 1474 893 1524; x_wconf 80' lang='lat' dir='ltr'>probabiliter</span> 
     </span>
     <span class='ocr_line' id='line_1_20' title="bbox 237 1531 892 1580; baseline -0.002 -13"><span class='ocrx_word' id='word_1_101' title='bbox 237 1532 409 1567; x_wconf 78' lang='lat' dir='ltr'>refertur</span> <span class='ocrx_word' id='word_1_102' title='bbox 450 1531 511 1567; x_wconf 86' lang='lat' dir='ltr'>ibi</span> <span class='ocrx_word' id='word_1_103' title='bbox 552 1531 599 1566; x_wconf 83' lang='lat' dir='ltr'>ad</span> <span class='ocrx_word' id='word_1_104' title='bbox 644 1532 892 1580; x_wconf 84' lang='lat' dir='ltr'>cognitorem</span> 
     </span>
     <span class='ocr_line' id='line_1_21' title="bbox 238 1587 893 1638; baseline -0.002 -14"><span class='ocrx_word' id='word_1_105' title='bbox 238 1587 470 1638; x_wconf 73' lang='lat' dir='ltr'>publicum,</span> <span class='ocrx_word' id='word_1_106' title='bbox 523 1587 593 1635; x_wconf 86' lang='lat' dir='ltr'>qui</span> <span class='ocrx_word' id='word_1_107' title='bbox 635 1599 697 1623; x_wconf 85' lang='lat' dir='ltr'>res</span> <span class='ocrx_word' id='word_1_108' title='bbox 740 1598 893 1635; x_wconf 85' lang='lat' dir='ltr'>gereret</span> 
     </span>
     <span class='ocr_line' id='line_1_22' title="bbox 238 1643 890 1691; baseline -0.003 -11"><span class='ocrx_word' id='word_1_109' title='bbox 238 1644 380 1683; x_wconf 77' lang='lat' dir='ltr'>aerarii</span> <span class='ocrx_word' id='word_1_110' title='bbox 404 1643 485 1678; x_wconf 78' lang='lat' dir='ltr'>sive</span> <span class='ocrx_word' id='word_1_111' title='bbox 508 1643 593 1678; x_wconf 80' lang='lat' dir='ltr'>fisci</span> <span class='ocrx_word' id='word_1_112' title='bbox 620 1643 781 1691; x_wconf 80' lang='lat' dir='ltr'>ejusque</span> <span class='ocrx_word' id='word_1_113' title='bbox 803 1656 890 1678; x_wconf 90' lang='lat' dir='ltr'>cau-</span> 
     </span>
     <span class='ocr_line' id='line_1_23' title="bbox 237 1699 891 1747; baseline -0.005 -10"><span class='ocrx_word' id='word_1_114' title='bbox 237 1701 274 1737; x_wconf 76' lang='lat' dir='ltr'>sa</span> <span class='ocrx_word' id='word_1_115' title='bbox 298 1712 388 1735; x_wconf 91' lang='lat' dir='ltr'>cum</span> <span class='ocrx_word' id='word_1_116' title='bbox 410 1699 586 1735; x_wconf 80' lang='lat' dir='ltr'>maximo</span> <span class='ocrx_word' id='word_1_117' title='bbox 616 1701 684 1735; x_wconf 87' lang='lat' dir='ltr'>suo</span> <span class='ocrx_word' id='word_1_118' title='bbox 707 1711 891 1747; x_wconf 85' lang='lat' dir='ltr'>compen·</span> 
     </span>
     <span class='ocr_line' id='line_1_24' title="bbox 239 1754 890 1804; baseline -0.003 -11"><span class='ocrx_word' id='word_1_119' title='bbox 239 1757 308 1793; x_wconf 81' lang='lat' dir='ltr'>dio</span> <span class='ocrx_word' id='word_1_120' title='bbox 329 1754 543 1792; x_wconf 82' lang='lat' dir='ltr'>delatorem</span> <span class='ocrx_word' id='word_1_121' title='bbox 562 1766 705 1804; x_wconf 82' lang='lat' dir='ltr'>ageret.</span> <span class='ocrx_word' id='word_1_122' title='bbox 767 1756 890 1792; x_wconf 88' lang='lat' dir='ltr'>Gene-</span> 
     </span>
     <span class='ocr_line' id='line_1_25' title="bbox 238 1812 891 1859; baseline -0.003 -10"><span class='ocrx_word' id='word_1_123' title='bbox 238 1812 377 1849; x_wconf 77' lang='lat' dir='ltr'>raliori</span> <span class='ocrx_word' id='word_1_124' title='bbox 408 1822 538 1848; x_wconf 84' lang='lat' dir='ltr'>autem</span> <span class='ocrx_word' id='word_1_125' title='bbox 569 1812 731 1848; x_wconf 79' lang='lat' dir='ltr'>notione</span> <span class='ocrx_word' id='word_1_126' title='bbox 754 1812 891 1859; x_wconf 84' lang='lat' dir='ltr'>cogni·</span> 
     </span>
     <span class='ocr_line' id='line_1_26' title="bbox 239 1868 892 1916; baseline -0.005 -10"><span class='ocrx_word' id='word_1_127' title='bbox 239 1880 303 1906; x_wconf 86' lang='lat' dir='ltr'>tor</span> <span class='ocrx_word' id='word_1_128' title='bbox 326 1868 387 1908; x_wconf 85' lang='lat' dir='ltr'>est,</span> <span class='ocrx_word' id='word_1_129' title='bbox 413 1868 640 1916; x_wconf 80' lang='lat' dir='ltr'>quicunque</span> <span class='ocrx_word' id='word_1_130' title='bbox 664 1869 828 1905; x_wconf 77' lang='lat' dir='ltr'>alienam</span> <span class='ocrx_word' id='word_1_131' title='bbox 847 1868 892 1903; x_wconf 88' lang='lat' dir='ltr'>l1·</span> 
     </span>
     <span class='ocr_line' id='line_1_27' title="bbox 238 1923 891 1975; baseline -0.005 -13"><span class='ocrx_word' id='word_1_132' title='bbox 238 1937 311 1962; x_wconf 79' lang='lat' dir='ltr'>tem</span> <span class='ocrx_word' id='word_1_133' title='bbox 325 1924 437 1975; x_wconf 84' lang='lat' dir='ltr'>suam</span> <span class='ocrx_word' id='word_1_134' title='bbox 448 1923 549 1972; x_wconf 70' lang='lat' dir='ltr'>facit</span> <span class='ocrx_word' id='word_1_135' title='bbox 568 1936 605 1960; x_wconf 89' lang='lat' dir='ltr'>et</span> <span class='ocrx_word' id='word_1_136' title='bbox 623 1924 714 1961; x_wconf 89' lang='lat' dir='ltr'>loco</span> <span class='ocrx_word' id='word_1_137' title='bbox 733 1926 821 1962; x_wconf 76' lang='lat' dir='ltr'>veri</span> <span class='ocrx_word' id='word_1_138' title='bbox 841 1924 891 1960; x_wconf 76' lang='lat' dir='ltr'>li-</span> 
     </span>
     <span class='ocr_line' id='line_1_28' title="bbox 236 1981 890 2032; baseline -0.005 -13"><span class='ocrx_word' id='word_1_139' title='bbox 236 1982 417 2032; x_wconf 80' lang='lat' dir='ltr'>tigatoris</span> <span class='ocrx_word' id='word_1_140' title='bbox 441 1981 485 2016; x_wconf 88' lang='lat' dir='ltr'>in</span> <span class='ocrx_word' id='word_1_141' title='bbox 507 1981 596 2016; x_wconf 81' lang='lat' dir='ltr'>foro</span> <span class='ocrx_word' id='word_1_142' title='bbox 617 1982 721 2030; x_wconf 79' lang='lat' dir='ltr'>agit,</span> <span class='ocrx_word' id='word_1_143' title='bbox 771 1994 890 2030; x_wconf 86' lang='lat' dir='ltr'>quem</span> 
     </span>
     <span class='ocr_line' id='line_1_29' title="bbox 234 2038 888 2087; baseline -0.005 -11"><span class='ocrx_word' id='word_1_144' title='bbox 234 2041 380 2076; x_wconf 83' lang='lat' dir='ltr'>sensum</span> <span class='ocrx_word' id='word_1_145' title='bbox 411 2039 522 2087; x_wconf 72' lang='lat' dir='ltr'>[upra</span> <span class='ocrx_word' id='word_1_146' title='bbox 556 2038 688 2087; x_wconf 84' lang='lat' dir='ltr'>tetigit</span> <span class='ocrx_word' id='word_1_147' title='bbox 708 2038 888 2087; x_wconf 78' lang='lat' dir='ltr'>Spaldin-</span> 
     </span>
     <span class='ocr_line' id='line_1_30' title="bbox 233 2093 887 2146; baseline -0.002 -15"><span class='ocrx_word' id='word_1_148' title='bbox 233 2097 324 2146; x_wconf 81' lang='lat' dir='ltr'>gius</span> <span class='ocrx_word' id='word_1_149' title='bbox 347 2096 393 2130; x_wconf 85' lang='lat' dir='ltr'>ad</span> <span class='ocrx_word' id='word_1_150' title='bbox 416 2103 454 2139; x_wconf 82' lang='grc'>5,</span> <span class='ocrx_word' id='word_1_151' title='bbox 490 2093 527 2135; x_wconf 86' lang='grc'>6,</span> <span class='ocrx_word' id='word_1_152' title='bbox 555 2104 619 2138; x_wconf 89' lang='lat'>70.</span> <span class='ocrx_word' id='word_1_153' title='bbox 654 2105 693 2130; x_wconf 88' lang='lat' dir='ltr'>et</span> <span class='ocrx_word' id='word_1_154' title='bbox 726 2095 887 2130; x_wconf 85' lang='lat' dir='ltr'>uberius</span> 
     </span>
     <span class='ocr_line' id='line_1_31' title="bbox 236 2151 885 2201; baseline -0.005 -13"><span class='ocrx_word' id='word_1_155' title='bbox 236 2152 476 2201; x_wconf 80' lang='lat' dir='ltr'>explicatum</span> <span class='ocrx_word' id='word_1_156' title='bbox 508 2151 602 2186; x_wconf 76' lang='lat' dir='ltr'>vide</span> <span class='ocrx_word' id='word_1_157' title='bbox 632 2151 676 2186; x_wconf 89' lang='lat' dir='ltr'>in</span> <span class='ocrx_word' id='word_1_158' title='bbox 704 2151 885 2186; x_wconf 82' lang='lat' dir='ltr'>Lexicis:</span> 
     </span>
     <span class='ocr_line' id='line_1_32' title="bbox 233 2207 887 2248; baseline -0.005 -2"><span class='ocrx_word' id='word_1_159' title='bbox 233 2210 305 2246; x_wconf 87' lang='lat' dir='ltr'>ubi</span> <span class='ocrx_word' id='word_1_160' title='bbox 316 2208 418 2244; x_wconf 88' lang='lat' dir='ltr'>illud</span> <span class='ocrx_word' id='word_1_161' title='bbox 438 2208 554 2243; x_wconf 73' lang='lat' dir='ltr'>etiam</span> <span class='ocrx_word' id='word_1_162' title='bbox 565 2207 756 2248; x_wconf 84' lang='lat' dir='ltr'>invenies.</span> <span class='ocrx_word' id='word_1_163' title='bbox 774 2207 887 2243; x_wconf 86' lang='lat' dir='ltr'>odio-</span> 
     </span>
     <span class='ocr_line' id='line_1_33' title="bbox 235 2263 886 2312; baseline -0.008 -10"><span class='ocrx_word' id='word_1_164' title='bbox 235 2267 319 2302; x_wconf 82' lang='lat' dir='ltr'>sum</span> <span class='ocrx_word' id='word_1_165' title='bbox 353 2265 497 2300; x_wconf 82' lang='lat' dir='ltr'>factum</span> <span class='ocrx_word' id='word_1_166' title='bbox 527 2263 640 2300; x_wconf 82' lang='lat' dir='ltr'>fuiffe</span> <span class='ocrx_word' id='word_1_167' title='bbox 670 2263 886 2312; x_wconf 73' lang='lat' dir='ltr'>cognitoris</span> 
     </span>
     <span class='ocr_line' id='line_1_34' title="bbox 235 2320 888 2369; baseline -0.008 -11"><span class='ocrx_word' id='word_1_168' title='bbox 235 2335 405 2362; x_wconf 87' lang='lat' dir='ltr'>nomen,</span> <span class='ocrx_word' id='word_1_169' title='bbox 447 2333 536 2356; x_wconf 88' lang='lat' dir='ltr'>cum</span> <span class='ocrx_word' id='word_1_170' title='bbox 570 2321 779 2369; x_wconf 78' lang='lat' dir='ltr'>saepiffime</span> <span class='ocrx_word' id='word_1_171' title='bbox 809 2320 888 2354; x_wconf 82' lang='lat' dir='ltr'>[ive</span> 
     </span>
     <span class='ocr_line' id='line_1_35' title="bbox 236 2377 888 2423; baseline -0.006 -9"><span class='ocrx_word' id='word_1_172' title='bbox 236 2378 422 2414; x_wconf 85' lang='lat' dir='ltr'>adulandi</span> <span class='ocrx_word' id='word_1_173' title='bbox 462 2377 539 2412; x_wconf 82' lang='lat' dir='ltr'>[ive</span> <span class='ocrx_word' id='word_1_174' title='bbox 585 2377 750 2423; x_wconf 79' lang='lat' dir='ltr'>alicujus</span> <span class='ocrx_word' id='word_1_175' title='bbox 784 2389 888 2412; x_wconf 89' lang='lat' dir='ltr'>com-</span> 
     </span>
     <span class='ocr_line' id='line_1_36' title="bbox 235 2432 888 2471; baseline -0.006 0"><span class='ocrx_word' id='word_1_176' title='bbox 235 2435 349 2471; x_wconf 75' lang='lat' dir='ltr'>modi</span> <span class='ocrx_word' id='word_1_177' title='bbox 372 2435 478 2469; x_wconf 80' lang='lat' dir='ltr'>causa</span> <span class='ocrx_word' id='word_1_178' title='bbox 497 2433 620 2469; x_wconf 88' lang='lat' dir='ltr'>malae</span> <span class='ocrx_word' id='word_1_179' title='bbox 642 2433 757 2469; x_wconf 83' lang='lat' dir='ltr'>etiam</span> <span class='ocrx_word' id='word_1_180' title='bbox 775 2443 812 2468; x_wconf 84' lang='lat' dir='ltr'>et</span> <span class='ocrx_word' id='word_1_181' title='bbox 829 2432 888 2467; x_wconf 81' lang='lat' dir='ltr'>in-</span> 
     </span>
     <span class='ocr_line' id='line_1_37' title="bbox 234 2489 888 2539; baseline -0.005 -13"><span class='ocrx_word' id='word_1_182' title='bbox 234 2491 350 2539; x_wconf 78' lang='lat' dir='ltr'>justae</span> <span class='ocrx_word' id='word_1_183' title='bbox 381 2490 470 2526; x_wconf 86' lang='lat' dir='ltr'>lites</span> <span class='ocrx_word' id='word_1_184' title='bbox 509 2503 554 2526; x_wconf 88' lang='lat' dir='ltr'>eo</span> <span class='ocrx_word' id='word_1_185' title='bbox 585 2489 706 2526; x_wconf 89' lang='lat' dir='ltr'>modo</span> <span class='ocrx_word' id='word_1_186' title='bbox 728 2489 888 2538; x_wconf 79' lang='lat' dir='ltr'>suscipe-</span> 
     </span>
     <span class='ocr_line' id='line_1_38' title="bbox 234 2544 889 2596; baseline -0.006 -14"><span class='ocrx_word' id='word_1_187' title='bbox 234 2559 392 2583; x_wconf 78' lang='lat' dir='ltr'>rentur:</span> <span class='ocrx_word' id='word_1_188' title='bbox 428 2559 507 2595; x_wconf 86' lang='lat' dir='ltr'>quo</span> <span class='ocrx_word' id='word_1_189' title='bbox 538 2547 711 2596; x_wconf 81' lang='lat' dir='ltr'>pertinet</span> <span class='ocrx_word' id='word_1_190' title='bbox 732 2544 834 2581; x_wconf 80' lang='lat' dir='ltr'>illud</span> <span class='ocrx_word' id='word_1_191' title='bbox 850 2544 889 2594; x_wconf 75' lang='lat' dir='ltr'>fi</span> 
     </span>
     <span class='ocr_line' id='line_1_39' title="bbox 237 2604 885 2651; baseline -0.003 -12"><span class='ocrx_word' id='word_1_192' title='bbox 237 2607 406 2651; x_wconf 77' lang='lat' dir='ltr'>cognitor</span> <span class='ocrx_word' id='word_1_193' title='bbox 430 2617 489 2651; x_wconf 84' lang='lat' dir='ltr'>ap.</span> <span class='ocrx_word' id='word_1_194' title='bbox 512 2604 649 2639; x_wconf 85' lang='lat' dir='ltr'>Horat.</span> <span class='ocrx_word' id='word_1_195' title='bbox 675 2612 712 2638; x_wconf 84' lang='lat'>2.</span> <span class='ocrx_word' id='word_1_196' title='bbox 745 2605 821 2638; x_wconf 88' lang='lat' dir='ltr'>Sat.</span> <span class='ocrx_word' id='word_1_197' title='bbox 848 2609 885 2646; x_wconf 85' lang='lat'>5,</span> 
     </span>
     <span class='ocr_line' id='line_1_40' title="bbox 236 2658 888 2708; baseline -0.003 -13"><span class='ocrx_word' id='word_1_198' title='bbox 236 2667 301 2704; x_wconf 80' lang='lat'>58.</span> <span class='ocrx_word' id='word_1_199' title='bbox 331 2660 433 2708; x_wconf 79' lang='lat' dir='ltr'>(vid.</span> <span class='ocrx_word' id='word_1_200' title='bbox 457 2658 607 2704; x_wconf 86' lang='lat' dir='ltr'>Bentl.)</span> <span class='ocrx_word' id='word_1_201' title='bbox 631 2670 668 2695; x_wconf 89' lang='lat' dir='ltr'>et</span> <span class='ocrx_word' id='word_1_202' title='bbox 686 2658 750 2694; x_wconf 87' lang='lat' dir='ltr'>illi</span> <span class='ocrx_word' id='word_1_203' title='bbox 774 2672 888 2700; x_wconf 86' lang='lat' dir='ltr'>„mu-</span> 
     </span>
     <span class='ocr_line' id='line_1_41' title="bbox 236 2713 886 2758; baseline 0.002 -9"><span class='ocrx_word' id='word_1_204' title='bbox 236 2713 517 2758; x_wconf 80' lang='lat' dir='ltr'>„liercularum</span> <span class='ocrx_word' id='word_1_205' title='bbox 576 2716 886 2752; x_wconf 83' lang='lat' dir='ltr'>taeterrimarum</span> 
     </span>
    </p>
   </div>
   <div class='ocr_carea' id='block_1_7' title="bbox 1298 771 1645 813">
    <p class='ocr_par' dir='ltr' id='par_1_7' title="bbox 1298 771 1645 813">
     <span class='ocr_line' id='line_1_42' title="bbox 1298 771 1645 813; baseline -0.006 -4"><span class='ocrx_word' id='word_1_206' title='bbox 1298 771 1512 809; x_wconf 78' lang='lat' dir='ltr'>madicendi</span> <span class='ocrx_word' id='word_1_207' title='bbox 1521 771 1601 808; x_wconf 82' lang='lat' dir='ltr'>Tu&#39;·</span> <span class='ocrx_word' id='word_1_208' title='bbox 1634 812 1645 813; x_wconf 21' lang='grc' dir='ltr'><strong><em>ἶ</em></strong></span> 
     </span>
    </p>
   </div>
   <div class='ocr_carea' id='block_1_8' title="bbox 937 964 1604 2756">
    <p class='ocr_par' dir='ltr' id='par_1_8' title="bbox 937 964 1604 2756">
     <span class='ocr_line' id='line_1_43' title="bbox 951 964 1604 1016; baseline -0.008 -12"><span class='ocrx_word' id='word_1_209' title='bbox 951 967 1232 1016; x_wconf 79' lang='lat' dir='ltr'>„cognitores”</span> <span class='ocrx_word' id='word_1_210' title='bbox 1255 966 1360 1016; x_wconf 80' lang='lat' dir='ltr'>apud</span> <span class='ocrx_word' id='word_1_211' title='bbox 1387 965 1467 1002; x_wconf 86' lang='lat' dir='ltr'>cic.</span> <span class='ocrx_word' id='word_1_212' title='bbox 1487 964 1604 1003; x_wconf 82' lang='lat' dir='ltr'>Verr.</span> 
     </span>
     <span class='ocr_line' id='line_1_44' title="bbox 950 1021 1604 1072; baseline -0.006 -12"><span class='ocrx_word' id='word_1_213' title='bbox 950 1033 992 1069; x_wconf 76' lang='grc'>5,</span> <span class='ocrx_word' id='word_1_214' title='bbox 1024 1031 1089 1068; x_wconf 76' lang='grc'>54.</span> <span class='ocrx_word' id='word_1_215' title='bbox 1124 1027 1158 1072; x_wconf 82' lang='lat'>§.</span> <span class='ocrx_word' id='word_1_216' title='bbox 1193 1030 1259 1068; x_wconf 86' lang='lat'>78.</span> <span class='ocrx_word' id='word_1_217' title='bbox 1308 1023 1412 1058; x_wconf 88' lang='lat' dir='ltr'>Hinc</span> <span class='ocrx_word' id='word_1_218' title='bbox 1434 1034 1524 1057; x_wconf 86' lang='lat' dir='ltr'>cum</span> <span class='ocrx_word' id='word_1_219' title='bbox 1543 1021 1604 1056; x_wconf 84' lang='lat' dir='ltr'>in-</span> 
     </span>
     <span class='ocr_line' id='line_1_45' title="bbox 953 1076 1604 1117; baseline -0.009 0"><span class='ocrx_word' id='word_1_220' title='bbox 953 1080 1063 1117; x_wconf 86' lang='lat' dir='ltr'>vidia</span> <span class='ocrx_word' id='word_1_221' title='bbox 1071 1079 1329 1116; x_wconf 83' lang='lat' dir='ltr'>adhibebatur</span> <span class='ocrx_word' id='word_1_222' title='bbox 1339 1076 1604 1117; x_wconf 53' lang='lat' dir='ltr'>uocabulum;</span> 
     </span>
     <span class='ocr_line' id='line_1_46' title="bbox 954 1134 1604 1186; baseline -0.008 -13"><span class='ocrx_word' id='word_1_223' title='bbox 954 1148 1000 1173; x_wconf 91' lang='lat' dir='ltr'>ut</span> <span class='ocrx_word' id='word_1_224' title='bbox 1020 1150 1080 1186; x_wconf 77' lang='lat' dir='ltr'>ap,</span> <span class='ocrx_word' id='word_1_225' title='bbox 1106 1137 1197 1173; x_wconf 81' lang='lat' dir='ltr'>Liv.</span> <span class='ocrx_word' id='word_1_226' title='bbox 1222 1145 1287 1184; x_wconf 83' lang='lat'>59,</span> <span class='ocrx_word' id='word_1_227' title='bbox 1317 1143 1353 1180; x_wconf 84' lang='lat'>5.</span> <span class='ocrx_word' id='word_1_228' title='bbox 1413 1135 1502 1176; x_wconf 88' lang='lat' dir='ltr'>„Ne</span> <span class='ocrx_word' id='word_1_229' title='bbox 1523 1134 1604 1169; x_wconf 84' lang='lat' dir='ltr'>suas</span> 
     </span>
     <span class='ocr_line' id='line_1_47' title="bbox 953 1191 1604 1242; baseline -0.006 -14"><span class='ocrx_word' id='word_1_230' title='bbox 953 1194 1145 1242; x_wconf 87' lang='lat' dir='ltr'>„quidem</span> <span class='ocrx_word' id='word_1_231' title='bbox 1176 1191 1388 1228; x_wconf 82' lang='lat' dir='ltr'>simultates</span> <span class='ocrx_word' id='word_1_232' title='bbox 1417 1203 1492 1240; x_wconf 82' lang='lat' dir='ltr'>pro</span> <span class='ocrx_word' id='word_1_233' title='bbox 1523 1203 1604 1225; x_wconf 84' lang='lat' dir='ltr'>ma-</span> 
     </span>
     <span class='ocr_line' id='line_1_48' title="bbox 948 1247 1601 1297; baseline -0.006 -13"><span class='ocrx_word' id='word_1_234' title='bbox 948 1248 1142 1297; x_wconf 81' lang='lat' dir='ltr'>„gifiratu</span> <span class='ocrx_word' id='word_1_235' title='bbox 1164 1261 1343 1284; x_wconf 85' lang='lat' dir='ltr'>exercere</span> <span class='ocrx_word' id='word_1_236' title='bbox 1357 1247 1456 1285; x_wconf 86' lang='lat' dir='ltr'>boni</span> <span class='ocrx_word' id='word_1_237' title='bbox 1471 1259 1601 1282; x_wconf 86' lang='lat' dir='ltr'>exem·</span> 
     </span>
     <span class='ocr_line' id='line_1_49' title="bbox 949 1301 1602 1354; baseline -0.003 -13"><span class='ocrx_word' id='word_1_238' title='bbox 949 1305 1035 1354; x_wconf 77' lang='lat' dir='ltr'>„pli</span> <span class='ocrx_word' id='word_1_239' title='bbox 1055 1306 1148 1341; x_wconf 83' lang='lat' dir='ltr'>effe:</span> <span class='ocrx_word' id='word_1_240' title='bbox 1181 1305 1389 1340; x_wconf 82' lang='lat' dir='ltr'>alienarum</span> <span class='ocrx_word' id='word_1_241' title='bbox 1421 1316 1518 1340; x_wconf 80' lang='lat' dir='ltr'>vero</span> <span class='ocrx_word' id='word_1_242' title='bbox 1546 1301 1602 1352; x_wconf 84' lang='lat' dir='ltr'>si·</span> 
     </span>
     <span class='ocr_line' id='line_1_50' title="bbox 950 1358 1603 1408; baseline 0.003 -11"><span class='ocrx_word' id='word_1_243' title='bbox 950 1362 1193 1405; x_wconf 69' lang='lat' dir='ltr'>„multaciam</span> <span class='ocrx_word' id='word_1_244' title='bbox 1234 1361 1440 1398; x_wconf 73' lang='lat' dir='ltr'>tribunum</span> <span class='ocrx_word' id='word_1_245' title='bbox 1473 1358 1603 1408; x_wconf 67' lang='lat' dir='ltr'>plebis</span> 
     </span>
     <span class='ocr_line' id='line_1_51' title="bbox 950 1415 1603 1467; baseline -0.006 -12"><span class='ocrx_word' id='word_1_246' title='bbox 950 1421 1212 1467; x_wconf 80' lang='lat' dir='ltr'>„cognitorem</span> <span class='ocrx_word' id='word_1_247' title='bbox 1231 1415 1327 1466; x_wconf 76' lang='lat' dir='ltr'>fieri</span> <span class='ocrx_word' id='word_1_248' title='bbox 1355 1415 1603 1467; x_wconf 66' lang='lat' dir='ltr'>turpe—ef-</span> 
     </span>
     <span class='ocr_line' id='line_1_52' title="bbox 950 1473 1603 1523; baseline -0.003 -12"><span class='ocrx_word' id='word_1_249' title='bbox 950 1477 1058 1518; x_wconf 80' lang='lat' dir='ltr'>„[e.“</span> <span class='ocrx_word' id='word_1_250' title='bbox 1116 1479 1316 1523; x_wconf 87' lang='lat' dir='ltr'>Integrum</span> <span class='ocrx_word' id='word_1_251' title='bbox 1337 1475 1444 1510; x_wconf 85' lang='lat' dir='ltr'>hunc</span> <span class='ocrx_word' id='word_1_252' title='bbox 1465 1473 1603 1510; x_wconf 73' lang='lat' dir='ltr'>locum</span> 
     </span>
     <span class='ocr_line' id='line_1_53' title="bbox 949 1530 1601 1581; baseline -0.005 -13"><span class='ocrx_word' id='word_1_253' title='bbox 949 1532 1062 1581; x_wconf 86' lang='lat' dir='ltr'>posui</span> <span class='ocrx_word' id='word_1_254' title='bbox 1084 1531 1133 1567; x_wconf 92' lang='lat' dir='ltr'>ob</span> <span class='ocrx_word' id='word_1_255' title='bbox 1158 1531 1329 1579; x_wconf 84' lang='lat' dir='ltr'>aliquam</span> <span class='ocrx_word' id='word_1_256' title='bbox 1353 1545 1442 1568; x_wconf 87' lang='lat' dir='ltr'>cum</span> <span class='ocrx_word' id='word_1_257' title='bbox 1470 1530 1601 1566; x_wconf 82' lang='lat' dir='ltr'>nostro</span> 
     </span>
     <span class='ocr_line' id='line_1_54' title="bbox 950 1588 1602 1636; baseline -0.003 -12"><span class='ocrx_word' id='word_1_258' title='bbox 950 1588 1261 1624; x_wconf 74' lang='lat' dir='ltr'>similitudinem.</span> <span class='ocrx_word' id='word_1_259' title='bbox 1339 1588 1442 1625; x_wconf 87' lang='lat' dir='ltr'>Nam</span> <span class='ocrx_word' id='word_1_260' title='bbox 1471 1598 1602 1636; x_wconf 86' lang='lat' dir='ltr'>patro-</span> 
     </span>
     <span class='ocr_line' id='line_1_55' title="bbox 949 1644 1600 1693; baseline -0.005 -13"><span class='ocrx_word' id='word_1_261' title='bbox 949 1658 1022 1680; x_wconf 85' lang='lat' dir='ltr'>nus</span> <span class='ocrx_word' id='word_1_262' title='bbox 1045 1646 1175 1685; x_wconf 86' lang='lat' dir='ltr'>etiam,</span> <span class='ocrx_word' id='word_1_263' title='bbox 1204 1644 1276 1692; x_wconf 77' lang='lat' dir='ltr'>qui</span> <span class='ocrx_word' id='word_1_264' title='bbox 1296 1657 1370 1693; x_wconf 85' lang='lat' dir='ltr'>pro</span> <span class='ocrx_word' id='word_1_265' title='bbox 1393 1645 1498 1680; x_wconf 82' lang='lat' dir='ltr'>causa</span> <span class='ocrx_word' id='word_1_266' title='bbox 1519 1653 1600 1679; x_wconf 82' lang='lat' dir='ltr'>tan-</span> 
     </span>
     <span class='ocr_line' id='line_1_56' title="bbox 950 1699 1600 1737; baseline -0.005 0"><span class='ocrx_word' id='word_1_267' title='bbox 950 1712 1034 1737; x_wconf 89' lang='lat' dir='ltr'>tum</span> <span class='ocrx_word' id='word_1_268' title='bbox 1059 1700 1212 1736; x_wconf 82' lang='lat' dir='ltr'>clientis</span> <span class='ocrx_word' id='word_1_269' title='bbox 1239 1701 1360 1737; x_wconf 88' lang='lat' dir='ltr'>verba</span> <span class='ocrx_word' id='word_1_270' title='bbox 1389 1701 1514 1737; x_wconf 76' lang='lat' dir='ltr'>facere</span> <span class='ocrx_word' id='word_1_271' title='bbox 1534 1699 1600 1735; x_wconf 85' lang='lat' dir='ltr'>de-</span> 
     </span>
     <span class='ocr_line' id='line_1_57' title="bbox 949 1756 1600 1805; baseline -0.005 -11"><span class='ocrx_word' id='word_1_272' title='bbox 949 1758 1027 1798; x_wconf 84' lang='lat' dir='ltr'>bet,</span> <span class='ocrx_word' id='word_1_273' title='bbox 1059 1758 1215 1805; x_wconf 84' lang='lat' dir='ltr'>quando</span> <span class='ocrx_word' id='word_1_274' title='bbox 1238 1757 1357 1805; x_wconf 83' lang='lat' dir='ltr'>ipsius</span> <span class='ocrx_word' id='word_1_275' title='bbox 1373 1758 1530 1793; x_wconf 83' lang='lat' dir='ltr'>affectus</span> <span class='ocrx_word' id='word_1_276' title='bbox 1552 1756 1600 1791; x_wconf 86' lang='lat' dir='ltr'>si·</span> 
     </span>
     <span class='ocr_line' id='line_1_58' title="bbox 948 1813 1597 1862; baseline -0.003 -13"><span class='ocrx_word' id='word_1_277' title='bbox 948 1813 1209 1862; x_wconf 83' lang='lat' dir='ltr'>multatesque</span> <span class='ocrx_word' id='word_1_278' title='bbox 1240 1814 1322 1850; x_wconf 79' lang='lat' dir='ltr'>suas</span> <span class='ocrx_word' id='word_1_279' title='bbox 1357 1814 1463 1862; x_wconf 80' lang='lat' dir='ltr'>quasi</span> <span class='ocrx_word' id='word_1_280' title='bbox 1490 1813 1597 1853; x_wconf 81' lang='lat' dir='ltr'>facit,</span> 
     </span>
     <span class='ocr_line' id='line_1_59' title="bbox 950 1869 1598 1919; baseline -0.005 -12"><span class='ocrx_word' id='word_1_281' title='bbox 950 1882 999 1911; x_wconf 88' lang='lat' dir='ltr'>et,</span> <span class='ocrx_word' id='word_1_282' title='bbox 1028 1869 1136 1919; x_wconf 89' lang='lat' dir='ltr'>quod</span> <span class='ocrx_word' id='word_1_283' title='bbox 1159 1870 1354 1919; x_wconf 84' lang='lat' dir='ltr'>litigatori</span> <span class='ocrx_word' id='word_1_284' title='bbox 1386 1869 1598 1908; x_wconf 75' lang='lat' dir='ltr'>condones.</span> 
     </span>
     <span class='ocr_line' id='line_1_60' title="bbox 949 1925 1599 1967; baseline -0.003 -4"><span class='ocrx_word' id='word_1_285' title='bbox 949 1926 1130 1963; x_wconf 81' lang='lat' dir='ltr'>convicia</span> <span class='ocrx_word' id='word_1_286' title='bbox 1155 1927 1272 1963; x_wconf 85' lang='lat' dir='ltr'>etiam</span> <span class='ocrx_word' id='word_1_287' title='bbox 1296 1928 1339 1962; x_wconf 91' lang='lat' dir='ltr'>in</span> <span class='ocrx_word' id='word_1_288' title='bbox 1362 1925 1599 1967; x_wconf 78' lang='lat' dir='ltr'>adversarios</span> 
     </span>
     <span class='ocr_line' id='line_1_61' title="bbox 947 1981 1600 2031; baseline -0.002 -14"><span class='ocrx_word' id='word_1_289' title='bbox 947 1984 1062 2031; x_wconf 84' lang='lat' dir='ltr'>jacit,</span> <span class='ocrx_word' id='word_1_290' title='bbox 1093 1996 1174 2020; x_wconf 83' lang='lat' dir='ltr'>non</span> <span class='ocrx_word' id='word_1_291' title='bbox 1206 1984 1286 2019; x_wconf 76' lang='lat' dir='ltr'>line</span> <span class='ocrx_word' id='word_1_292' title='bbox 1320 1983 1365 2020; x_wconf 82' lang='lat' dir='ltr'>vi</span> <span class='ocrx_word' id='word_1_293' title='bbox 1393 1993 1431 2019; x_wconf 86' lang='lat' dir='ltr'>ot</span> <span class='ocrx_word' id='word_1_294' title='bbox 1447 1981 1600 2018; x_wconf 79' lang='lat' dir='ltr'>invidia</span> 
     </span>
     <span class='ocr_line' id='line_1_62' title="bbox 946 2039 1600 2088; baseline -0.003 -14"><span class='ocrx_word' id='word_1_295' title='bbox 946 2040 1000 2076; x_wconf 82' lang='lat' dir='ltr'>ita</span> <span class='ocrx_word' id='word_1_296' title='bbox 1023 2040 1265 2081; x_wconf 85' lang='lat' dir='ltr'>traducitur,</span> <span class='ocrx_word' id='word_1_297' title='bbox 1295 2051 1340 2076; x_wconf 89' lang='lat' dir='ltr'>ut</span> <span class='ocrx_word' id='word_1_298' title='bbox 1372 2039 1442 2088; x_wconf 90' lang='lat' dir='ltr'>qui</span> <span class='ocrx_word' id='word_1_299' title='bbox 1472 2039 1600 2086; x_wconf 77' lang='lat' dir='ltr'>cogni-</span> 
     </span>
     <span class='ocr_line' id='line_1_63' title="bbox 947 2094 1598 2145; baseline -0.002 -14"><span class='ocrx_word' id='word_1_300' title='bbox 947 2107 1069 2131; x_wconf 80' lang='lat' dir='ltr'>turam</span> <span class='ocrx_word' id='word_1_301' title='bbox 1090 2097 1186 2132; x_wconf 84' lang='lat' dir='ltr'>male</span> <span class='ocrx_word' id='word_1_302' title='bbox 1201 2096 1351 2131; x_wconf 78' lang='lat' dir='ltr'>dicendi</span> <span class='ocrx_word' id='word_1_303' title='bbox 1361 2096 1506 2145; x_wconf 79' lang='lat' dir='ltr'>subeat,</span> <span class='ocrx_word' id='word_1_304' title='bbox 1520 2094 1598 2130; x_wconf 66' lang='lat' dir='ltr'>hoc</span> 
     </span>
     <span class='ocr_line' id='line_1_64' title="bbox 948 2151 1598 2201; baseline -0.002 -12"><span class='ocrx_word' id='word_1_305' title='bbox 948 2153 1009 2194; x_wconf 84' lang='lat' dir='ltr'>est,</span> <span class='ocrx_word' id='word_1_306' title='bbox 1042 2153 1225 2201; x_wconf 81' lang='lat' dir='ltr'>cognitor</span> <span class='ocrx_word' id='word_1_307' title='bbox 1256 2153 1338 2198; x_wconf 79' lang='lat' dir='ltr'>ejus</span> <span class='ocrx_word' id='word_1_308' title='bbox 1364 2153 1434 2188; x_wconf 81' lang='lat' dir='ltr'>fiat</span> <span class='ocrx_word' id='word_1_309' title='bbox 1454 2151 1498 2186; x_wconf 88' lang='lat' dir='ltr'>in</span> <span class='ocrx_word' id='word_1_310' title='bbox 1519 2162 1598 2188; x_wconf 70' lang='lat' dir='ltr'>ma·</span> 
     </span>
     <span class='ocr_line' id='line_1_65' title="bbox 945 2207 1596 2256; baseline -0.005 -12"><span class='ocrx_word' id='word_1_311' title='bbox 945 2209 1166 2245; x_wconf 83' lang='lat' dir='ltr'>ledicendo.</span> <span class='ocrx_word' id='word_1_312' title='bbox 1227 2210 1470 2256; x_wconf 80' lang='lat' dir='ltr'>Cognituram</span> <span class='ocrx_word' id='word_1_313' title='bbox 1489 2207 1596 2242; x_wconf 85' lang='lat' dir='ltr'>enim</span> 
     </span>
     <span class='ocr_line' id='line_1_66' title="bbox 937 2264 1597 2315; baseline -0.002 -14"><span class='ocrx_word' id='word_1_314' title='bbox 937 2265 1065 2315; x_wconf 82' lang='lat' dir='ltr'>subire</span> <span class='ocrx_word' id='word_1_315' title='bbox 1087 2265 1226 2301; x_wconf 86' lang='lat' dir='ltr'>eodem</span> <span class='ocrx_word' id='word_1_316' title='bbox 1248 2264 1368 2301; x_wconf 87' lang='lat' dir='ltr'>modo</span> <span class='ocrx_word' id='word_1_317' title='bbox 1389 2264 1597 2300; x_wconf 81' lang='lat' dir='ltr'>dictumm:</span> 
     </span>
     <span class='ocr_line' id='line_1_67' title="bbox 947 2319 1596 2370; baseline -0.002 -13"><span class='ocrx_word' id='word_1_318' title='bbox 947 2324 1137 2370; x_wconf 72' lang='lat' dir='ltr'>negotium</span> <span class='ocrx_word' id='word_1_319' title='bbox 1161 2321 1307 2370; x_wconf 82' lang='lat' dir='ltr'>subire,</span> <span class='ocrx_word' id='word_1_320' title='bbox 1342 2319 1596 2369; x_wconf 67' lang='lat' dir='ltr'>defensionem</span> 
     </span>
     <span class='ocr_line' id='line_1_68' title="bbox 938 2375 1596 2428; baseline -0.002 -15"><span class='ocrx_word' id='word_1_321' title='bbox 938 2378 1066 2428; x_wconf 79' lang='lat' dir='ltr'>subire</span> <span class='ocrx_word' id='word_1_322' title='bbox 1107 2390 1146 2414; x_wconf 86' lang='lat' dir='ltr'>et</span> <span class='ocrx_word' id='word_1_323' title='bbox 1183 2377 1334 2414; x_wconf 66' lang='lat' dir='ltr'>similia.</span> <span class='ocrx_word' id='word_1_324' title='bbox 1392 2378 1467 2413; x_wconf 89' lang='lat' dir='ltr'>Sed</span> <span class='ocrx_word' id='word_1_325' title='bbox 1498 2375 1596 2412; x_wconf 81' lang='lat' dir='ltr'>haec</span> 
     </span>
     <span class='ocr_line' id='line_1_69' title="bbox 948 2433 1594 2484; baseline -0.005 -13"><span class='ocrx_word' id='word_1_326' title='bbox 948 2435 1080 2471; x_wconf 87' lang='lat' dir='ltr'>omnia</span> <span class='ocrx_word' id='word_1_327' title='bbox 1103 2449 1173 2484; x_wconf 83' lang='lat' dir='ltr'>per</span> <span class='ocrx_word' id='word_1_328' title='bbox 1193 2436 1304 2471; x_wconf 83' lang='lat' dir='ltr'>viros</span> <span class='ocrx_word' id='word_1_329' title='bbox 1324 2434 1460 2470; x_wconf 84' lang='lat' dir='ltr'>doctos</span> <span class='ocrx_word' id='word_1_330' title='bbox 1479 2433 1594 2480; x_wconf 84' lang='lat' dir='ltr'>igno·</span> 
     </span>
     <span class='ocr_line' id='line_1_70' title="bbox 948 2489 1594 2540; baseline -0.003 -15"><span class='ocrx_word' id='word_1_331' title='bbox 948 2502 984 2526; x_wconf 82' lang='lat' dir='ltr'>ta</span> <span class='ocrx_word' id='word_1_332' title='bbox 1012 2502 1234 2534; x_wconf 83' lang='lat' dir='ltr'>manerent,</span> <span class='ocrx_word' id='word_1_333' title='bbox 1267 2503 1439 2540; x_wconf 86' lang='lat' dir='ltr'>quorum</span> <span class='ocrx_word' id='word_1_334' title='bbox 1466 2489 1594 2525; x_wconf 79' lang='lat' dir='ltr'>[ocor-</span> 
     </span>
     <span class='ocr_line' id='line_1_71' title="bbox 947 2544 1597 2585; baseline -0.005 -3"><span class='ocrx_word' id='word_1_335' title='bbox 947 2547 1010 2582; x_wconf 79' lang='lat' dir='ltr'>dia</span> <span class='ocrx_word' id='word_1_336' title='bbox 1051 2547 1222 2585; x_wconf 80' lang='lat' dir='ltr'>constans</span> <span class='ocrx_word' id='word_1_337' title='bbox 1255 2547 1434 2585; x_wconf 86' lang='lat' dir='ltr'>omnium</span> <span class='ocrx_word' id='word_1_338' title='bbox 1471 2544 1597 2580; x_wconf 77' lang='lat' dir='ltr'>libro-</span> 
     </span>
     <span class='ocr_line' id='line_1_72' title="bbox 943 2599 1595 2653; baseline -0.005 -15"><span class='ocrx_word' id='word_1_339' title='bbox 943 2617 1034 2638; x_wconf 83' lang='lat' dir='ltr'>rum</span> <span class='ocrx_word' id='word_1_340' title='bbox 1055 2604 1255 2653; x_wconf 83' lang='lat' dir='ltr'>scriptura,</span> <span class='ocrx_word' id='word_1_341' title='bbox 1285 2619 1306 2639; x_wconf 91' lang='lat' dir='ltr'>a</span> <span class='ocrx_word' id='word_1_342' title='bbox 1334 2605 1468 2652; x_wconf 88' lang='lat' dir='ltr'>jejuno</span> <span class='ocrx_word' id='word_1_343' title='bbox 1501 2599 1595 2636; x_wconf 83' lang='lat' dir='ltr'>Aldi</span> 
     </span>
     <span class='ocr_line' id='line_1_73' title="bbox 946 2658 1595 2701; baseline -0.003 -7"><span class='ocrx_word' id='word_1_344' title='bbox 946 2672 1168 2701; x_wconf 81' lang='lat' dir='ltr'>commento</span> <span class='ocrx_word' id='word_1_345' title='bbox 1199 2661 1292 2697; x_wconf 89' lang='lat' dir='ltr'>loco</span> <span class='ocrx_word' id='word_1_346' title='bbox 1333 2660 1505 2697; x_wconf 86' lang='lat' dir='ltr'>turbata,</span> <span class='ocrx_word' id='word_1_347' title='bbox 1552 2658 1595 2692; x_wconf 83' lang='lat' dir='ltr'>in</span> 
     </span>
     <span class='ocr_line' id='line_1_74' title="bbox 944 2716 1512 2756; baseline -0.004 -4"><span class='ocrx_word' id='word_1_348' title='bbox 944 2719 1130 2754; x_wconf 74' lang='lat' dir='ltr'>varietate</span> <span class='ocrx_word' id='word_1_349' title='bbox 1152 2717 1341 2756; x_wconf 80' lang='lat' dir='ltr'>lectionis</span> <span class='ocrx_word' id='word_1_350' title='bbox 1359 2716 1512 2752; x_wconf 77' lang='lat' dir='ltr'>latebat.</span> 
     </span>
    </p>
   </div>
  </div>
 </body>
</html>
