1779 3062
244 129 338 176 523
563 120 638 165 M.
670 119 802 166 FAB.
841 122 1256 184 QUINTILIANI

239 262 379 303 nem,
421 255 511 294 aut
547 246 702 294 etiam
732 244 1000 296 silentium
1022 248 1236 297 inducat
1247 266 1261 307 3
1302 248 1575 313 tutiusque

239 323 438 379 multo,
486 321 875 387 comprehensis
919 324 1095 374 animo
1128 325 1284 374 rebus
1320 323 1470 390 ipsis,
1510 325 1576 372 li-

161 406 218 453 '49
240 399 493 447 bei-tatem
513 397 614 446 [ibi
642 399 929 463 eloquendi
956 402 1272 465 relinquere.
1350 402 1491 449 Nam
1524 410 1576 449 et

236 476 442 524 invitus
466 474 642 540 perdit
666 477 890 540 quisque
911 475 985 534 id,
1012 477 1158 541 quod
1181 478 1419 542 elegerat,
1454 494 1576 526 ver-

237 552 398 601 bum:
436 568 534 599 nec
560 549 713 600 facile
737 553 945 618 reponit
969 553 1131 610 aliud,
1164 552 1294 601 dum
1315 553 1388 610 id,
1427 552 1577 616 quod.

236 627 524 693 scripserat,
557 630 774 692 quaerit.
852 628 953 678 Sed
976 646 1042 676 ne
1064 629 1167 677 1100
1187 629 1408 692 quidem
1428 627 1577 676 infir·
1617 633 1619 635 ’

236 720 357 753 :mae
381 707 668 753 memoriae
688 704 984 757 remedium
1005 704 1092 763 est,
1135 704 1238 753 nisi
1259 706 1318 753 in
1339 705 1432 762 iis,
1477 705 1576 770 qui

235 780 338 830 sibi
378 780 676 830 facultatem
716 783 946 846 aliquam
985 780 1199 830 dicendi
1234 798 1299 829 ex
1331 784 1662 848 tempore996

159 890 163 892 v
234 869 567 923 paraverunt.
647 858 806 927 Quod.
831 857 873 905 si
899 860 985 907 cui
1007 869 1299 922 utrumque
1326 856 1574 917 defuerit,

233 934 365 983 huic
400 936 641 983 omittere
673 935 898 984 0111111110
932 945 1106 984 totum
1139 938 1405 984 actionum
1432 935 1579 984 labo-

232 1027 374 1067 rem,
415 1009 457 1057 si
482 1010 615 1075 quid
646 1012 705 1058 in
733 1012 922 1060 litteris
949 1013 1104 1068 valet,
1144 1011 1211 1059 ad
1241 1010 1580 1060 scribendum

233 1088 414 1152 potius
432 1085 663 1136 suadebo
687 1098 1008 1137 convertere.
1072 1088 1173 1137 Sed.
1195 1089 1322 1135 haec
1348 1105 1463 1136 rara
1495 1089 1580 1136 in-

161 1171 212 1208 50
232 1161 459 1211 >felicitas
497 1164 607 1210 erit.
674 1164 926 1211 Ceterum
961 1175 1222 1227 quantum
1251 1175 1438 1212 natura
1472 1163 1581 1215 stu-

234 1239 435 1304 dioque
447 1239 616 1287 valeat
631 1241 905 1297 memoria,
919 1241 1007 1288 vel
1019 1239 1399 1289 Themistocles
1417 1240 1577 1299 testis,

318 1380 385 1422 49.
417 1375 581 1422 elegerat
601 1393 658 1401 —-
680 1372 767 1407 dum
793 1373 844 1412 id,
875 1374 983 1422 quod.
1029 1374 1162 1409 Turio.
1187 1373 1336 1410 omittit
1355 1386 1444 1409 cum
1471 1372 1576 1410 Ahn.

231 1444 314 1469 non
324 1431 426 1468 Flos.
446 1432 479 1466 is
504 1432 606 1465 enim
627 1430 738 1466 verbo
759 1442 832 1478 pro
853 1431 1001 1465 verbum
1024 1431 1090 1473 (cf.
1111 1433 1208 1478 45.).
1233 1433 1365 1479 Camp.
1380 1431 1464 1464 dum
1476 1430 1577 1478 quod

230 1501 304 1538 pro
337 1489 373 1524 d.
397 1490 434 1523 id
459 1502 493 1536 q.
724 1496 961 1534 paraverunt.
993 1485 1095 1521 Flor.
1132 1490 1178 1530 (a
1209 1501 1267 1535 pr.
1298 1487 1380 1530 m.)
1413 1486 1573 1523 omittit.

227 1545 369 1592 Camp.
398 1551 724 1591 praeparaverunt.
756 1543 878 1577 Modo
901 1543 1032 1577 Turio.
1064 1556 1157 1590 quae
1178 1542 1275 1591 sicut
1296 1542 1433 1590 facult.
1478 1543 1577 1578 Mox

230 1600 365 1635 Turio.
388 1613 457 1648 qao
486 1611 556 1646 pro
582 1600 700 1649 Quod,
728 1608 765 1632 et
788 1599 934 1633 omittit
960 1600 1026 1636 cui,
1048 1609 1091 1632 ut
1108 1609 1145 1633 et
1157 1598 1260 1633 Flor.
1282 1599 1363 1643 (fed
1384 1598 1450 1632 1110
1475 1611 1494 1631 a
1515 1611 1574 1646 pr.

230 1657 318 1703 m.).
362 1659 459 1691 Item
484 1655 615 1690 Turio.
647 1655 871 1690 committere
890 1668 962 1702 pro
984 1655 1161 1689 omittere.
1191 1655 1322 1689 Turic.
1350 1653 1452 1688 Flor.
1482 1649 1578 1704 (sed

231 1711 299 1747 hic
320 1727 338 1746 a
362 1726 418 1760 pr.
446 1707 534 1761 m.)
566 1713 758 1758 integritas
784 1723 853 1758 pro
877 1710 1076 1757 infelicitas
1106 1723 1194 1745 curn
1217 1709 1318 1746 Alm.
1363 1711 1438 1745 Pro
1462 1712 1576 1756 impe·

230 1769 343 1804 rabat
371 1767 487 1804 Goth.
524 1770 719 1813 imperavit
748 1779 837 1800 cum
866 1767 965 1805 Jens.
987 1776 1022 1802 et
1048 1765 1134 1801 edd.
1163 1777 1248 1802 ante
1272 1765 1360 1802 Ald.
1383 1778 1458 1802 acc.
1479 1765 1573 1803 Bad.

232 1825 309 1859 Sed
330 1825 461 1872 Camp.
484 1825 692 1871 imperaret.

291 1936 356 1973 49.
416 1933 625 1960 convertere
672 1923 874 1972 intellige:
935 1921 1024 1967 »τὴν
1065 1920 1228 1973 Περσίδα
1273 1926 1446 1974 γλῶσσαν
1491 1920 1580 1959 οἷπε-

232 1981 364 2024 „illud
387 1981 493 2030 quod
515 1982 555 2015 in
580 1979 718 2015 litteris
737 1980 880 2015 valetv
934 1981 1128 2027 ,χρεῶν-τως
1147 1981 1324 2024 ἐκμαθών.
1348 1979 1579 2016 Cornelium

296 2045 360 2081 50.
406 2033 675 2082 Themistocles.
724 2036 878 2084 „Apud
934 2037 1157 2083 „Nepotem
1180 2035 1579 2071 secutusvideturno·

233 2094 440 2141 „Thucyd.
463 2107 494 2132 1,
514 2100 601 2134 137.
625 2105 792 2127 annuum
808 2092 878 2126 [ibi
933 2092 1033 2134 „ster
1053 2101 1088 2131 2,
1119 2105 1180 2132 10,
1210 2105 1241 2127 1.
1266 2091 1335 2138 qui
1351 2091 1465 2126 multo
1483 2105 1579 2126 com-

236 2162 416 2198 „tempus
447 2148 528 2183 dari
550 2148 668 2195 petit,
709 2160 751 2183 ut
771 2159 879 2196 paret
934 2146 1103 2189 „modius
1115 2161 1201 2183 eum
1216 2158 1341 2182 narrat
1352 2147 1464 2182 verba
1476 2147 1580 2194 apud

234 2209 300 2250 „se
321 2207 366 2240 ad
389 2204 631 2252 colloquium
655 2205 779 2252 regis:
815 2204 877 2238 de·
935 2217 1084 2250 „regem
1099 2202 1249 2252 fes-'sse’
1281 2216 1389 2250 quam
1414 2203 1450 2236 hi
1471 2211 1578 2250 pote-

236 2262 358 2305 „inde
384 2275 414 2296 0.
442 2267 528 2304 ¹58·
568 2260 584 2294 ὀ
609 2257 637 2293 δ’
667 2259 699 2294 ἐν
721 2259 772 2303 τῷ
791 2259 880 2307 χρὸ·
933 2271 1063 2300 ,,ναηε,
1126 2262 1187 2306 qui
1219 2262 1257 2293 in
1288 2257 1436 2307 Perside
1473 2267 1578 2294 erant:

237 2333 309 2363 ,ρῳ
324 2338 375 2345 -
388 2317 449 2361 τῆς
468 2330 506 2351 τε
520 2313 695 2363 Περσίδος
709 2318 879 2363 ’γλωσσης
935 2316 1053 2356 „nati.
1067 2320 1092 2335 “
1123 2317 1319 2351 Gesnerus.
1398 2314 1505 2349 Idem
1534 2315 1578 2351 in

237 2371 330 2417 »ὅσα
344 2372 495 2417 ἠδύνατο
517 2371 715 2415 κατενόησε,
728 2370 790 2405 καῖ
809 2377 877 2405 τῶν
934 2370 1098 2417 reliquis
1126 2372 1293 2420 designat
1324 2370 1369 2405 de
1396 2370 1577 2408 Mithrid.

238 2429 552 2474 ,,ἐπιτηὸευμάτων
569 2427 630 2472 τῆς
650 2430 785 2476 χώρας.
809 2427 877 2463 Vi·
935 2426 1034 2462 Plin.
1059 2437 1103 2468 7,
1130 2435 1191 2471 24.
1219 2436 1290 2470 25,
1316 2437 1351 2462 2.
1386 2426 1484 2462 Gell.
1514 2436 1576 2469 17,

240 2488 458 2534 „de,quam
480 2485 760 2532 circumspecte.
792 2483 880 2517 Plu·
943 2492 1003 2522 17.
1034 2482 1103 2518 ubi
1137 2483 1276 2531 optimi
1307 2481 1401 2516 libri
1421 2484 1578 2531 quinque

240 2543 422 2583 „tarchus
434 2540 880 2589 augerevidetu1·p.229.
937 2547 973 2572 et
1002 2540 1137 2585 viginti
1167 2549 1202 2574 et
1225 2547 1352 2586 gentes
1374 2547 1409 2573 et:
1430 2539 1578 2585 linguas

242 2598 321 2638 ,‚H.
343 2598 501 2647 Steph.“
533 2595 723 2640 [Wecliel.
736 2609 772 2643 p.
791 2594 879 2630 126.
937 2593 1112 2629 habeant.
1152 2595 1214 2630 De
1232 2594 1359 2630 Craffo
1371 2593 1454 2631 Val,
1471 2594 1574 2627 Max.

244 2651 311 2695 ὦ]
336 2650 543 2694 ,,Ἐνιαυτόν
565 2650 798 2698 αἰτησάμενος
823 2649 881 2685 καὶ
937 2655 976 2695 8,
997 2659 1034 2694 7,
1057 2650 1094 2686 6.
1133 2652 1196 2688 De
1216 2652 1320 2700 Cyro
1335 2648 1441 2704 'Pl-in.
1457 2658 1494 2693 7,
1508 2653 1576 2692 24·
