1779 3062
226 152 321 198 508
545 143 620 189 M.
656 143 790 189 ΕΑΒ.
823 144 1241 205 QUINTILIANI
1670 172 1672 177 ·
1770 159 1773 189 i

225 268 343 317 tor?
424 285 517 327 an,
565 268 608 318 fi
646 265 914 319 tuendum
956 268 1264 336 susceperit,
1313 290 1425 322 non
1465 283 1573 323 tam

223 343 368 394 falsis
404 344 681 404 defendet,
724 365 882 412 quam
918 348 1013 412 qui
1051 347 1194 413 apud
1231 349 1434 410 judices
1461 368 1572 399 ma-

150 431 195 474 41
228 423 331 471 lam
370 422 576 472 causam
609 426 827 473 tuetur?
886 425 1031 494 Quid
1065 424 1107 473 si
1141 427 1400 490 quaedam
1434 428 1570 476 bene

227 498 360 548 facta
396 501 742 551 damnaturus
769 501 841 549 est
872 503 1058 563 judex,
1100 502 1203 551 nisi
1239 521 1298 551 ea
1327 521 1441 553 non
1471 502 1571 553 effe

226 575 360 626 facta
386 580 805 630 convicerimus:
882 597 994 628 non
1024 580 1109 627 vel
1137 580 1241 628 hoc
1273 580 1438 631 modo
1469 580 1575 630 ser-

226 655 374 704 vabit
414 667 591 706 orator
628 674 739 706 non
768 659 1108 706 innocentem
1137 656 1329 715 modo,
1377 657 1467 707 sed
1499 669 1575 706 et·-

224 733 330 780 iam
360 734 681 783 laudabilem
706 735 875 782 civem
890 736 911 782 ’ξ
953 732 1097 804 Quid
1125 732 1166 781 si
1198 734 1458 799 quaedam
1487 739 1664 796 ju-1055

221 807 297 858 sta
325 821 536 869 natura,
570 810 660 860 sed
689 812 997 860 conditione
1029 822 1335 877 temporum
1357 813 1573 862 inutilia

225 889 429 936 civitati
459 888 711 938 sciemus:
789 906 970 938 nonne
1001 899 1219 937 utemur
1257 900 1365 938 arte
1392 890 1573 938 dicen-

224 964 307 1023 di,
354 967 491 1015 bona
531 965 779 1032 quidem,
830 965 919 1014 sed
953 967 1104 1015 malis
1139 967 1342 1017 artibus
1373 966 1574 1016 simili?

145 1050 192 1093 42
228 1041 311 1090 Ad
352 1042 457 1093 hoc
497 1061 657 1093 nemo
701 1043 990 1100 dubitabit,
1038 1045 1201 1109 quin,
1249 1042 1291 1092 si
1323 1055 1576 1094 nocentes

220 1123 415 1168 mutari
450 1123 508 1169 in
541 1122 736 1169 bonam
772 1132 1005 1169 mentem
1043 1122 1224 1185 aliquo
1259 1122 1424 1172 modo
1453 1120 1575 1189 pos-

200 1196 346 1255 sint,
386 1196 520 1246 sicut
550 1195 691 1263 posse
724 1197 998 1246 interdum
1029 1197 1357 1257 conceditur,
1395 1197 1570 1249 salvos

220 1272 319 1321 ess'e
350 1276 517 1339 magis
548 1290 577 1321 e
615 1274 890 1340 republica
922 1273 1012 1333 sit,
1054 1292 1216 1341 quam
1254 1277 1452 1342 puniri.
1516 1276 1571 1325 Si

219 1446 288 1501 let)
322 1464 398 1489 aec.
423 1452 519 1490 Obr.
546 1454 663 1489 nollet
685 1453 844 1502 reliqui.
872 1455 918 1490 cf.
934 1459 967 1502 §.
989 1465 1025 1500 3.
1059 1454 1235 1503 defendet
1257 1458 1319 1505 qui
1340 1456 1441 1505 apud
1461 1468 1573 1507 quam

213 1509 357 1552 judices
379 1510 510 1546 Turio.
534 1513 689 1546 multam
711 1513 857 1560 causam
877 1513 1011 1550 Turio.
1031 1512 1138 1550 Flor.

299 1606 369 1647 41.
402 1600 533 1651 quodsi
560 1602 745 1651 quaedam
765 1603 855 1638 bene
874 1603 1008 1638 Turic.
1040 1617 1136 1640 mox
1166 1604 1210 1640 in
1241 1604 1362 1640 altero
1389 1601 1569 1638 membro

216 1656 356 1706 quidsi
375 1659 522 1707 quidem.
543 1659 676 1694 Tul-ic.
700 1659 803 1694 Flor.
835 1662 945 1704 juxta
980 1661 1112 1697 Turic.
1147 1670 1295 1696 matura
1317 1658 1445 1695 Guelf.
1508 1673 1569 1693 ar·

217 1713 314 1748 tibus
327 1713 472 1765 similia
495 1715 626 1750 Ambr.
651 1724 687 1749 2.
713 1717 843 1764 Camp.
869 1730 900 1751 c.
924 1717 1031 1753 Voss'.
1063 1731 1092 1753 ι.
1118 1728 1153 1762 5.
1180 1734 1215 1754 a.
1232 1717 1429 1767 siuillima
1448 1715 1568 1758 Goth.

215 1771 316 1809 Jens.
348 1775 448 1817 (tac.
484 1772 624 1817 Gefn.)
655 1784 686 1806 c.
721 1773 806 1808 edd.
840 1784 925 1809 ante
960 1775 1094 1809 Burm.
1131 1787 1210 1809 exc.
1245 1777 1368 1810 Stocr.
1401 1773 1568 1810 Chouet.

215 1827 331 1865 Leid,

301 1924 370 1965 42.
411 1919 473 1955 Ad
505 1919 584 1955 hoc.
648 1920 712 1955 Sic
746 1919 841 1958 libri
875 1935 1008 1958 omncs
1043 1934 1128 1958 ante
1156 1924 1292 1959 Burm.
1316 1922 1387 1970 qui
1411 1922 1464 1958 At
1483 1923 1519 1957 h..
1549 1936 1570 1958 e

212 1976 460 2024 marg.Ba[il.
483 1977 718 2025 obsequente
740 1978 820 2014 solo
836 1980 1016 2016 Gesnero.
1224 1978 1366 2030 quidsi
1385 1993 1465 2015 noc.
1488 1980 1569 2015 Tu-

213 2034 284 2069 ric.
317 2034 416 2081 (qui
449 2045 486 2068 et
517 2035 730 2078 dubitavit)
764 2035 866 2071 Flor.
901 2036 1096 2086 quandos.
1119 2050 1156 2071 n.
1179 2037 1279 2074 Jens,
1309 2049 1341 2072 c.
1364 2036 1449 2072 edd.
1470 2035 1565 2084 post.

215 2101 301 2125 ante
324 2089 412 2126 Ald.
446 2091 630 2126 Correxit
649 2092 809 2139 Regius.
870 2096 1005 2128 mutari
1036 2094 1172 2128 bonam
1202 2093 1334 2127 Turio.
1358 2091 1462 2128 Flor.
1486 2094 1567 2127 imi-

215 2157 296 2182 tare
319 2147 353 2182 b.
377 2148 509 2196 Camp.
573 2149 666 2183 incer
698 2150 842 2185 conced.
871 2150 1005 2185 Turic.
1064 2150 1177 2185 Prius
1211 2149 1401 2183 omittunt
1430 2148 1566 2185 Ambr-

216 2213 254 2240 2.
279 2203 408 2240 Guelf.
433 2217 463 2240 c.
486 2204 588 2240 Voff.
619 2218 651 2239 1.
678 2215 712 2240 2.
739 2214 775 2247 3.
833 2208 927 2242 Erat
944 2206 1122 2255 profecto
1147 2208 1305 2240 interim.

331 2260 403 2311 effe
421 2262 551 2308 magis.
613 2261 675 2296 Sic
699 2261 830 2299 Turio.
855 2262 958 2299 Flor.
983 2276 1014 2300 c.
1036 2263 1140 2302 Voff.
1169 2277 1204 2297 1.
1236 2274 1296 2298 eos
1315 2262 1488 2300 inserunt
1506 2278 1563 2300 re-

216 2317 335 2366 liqui.
366 2326 401 2354 et
433 2317 695 2366 rempublicam
723 2319 855 2356 Turio.
895 2320 999 2356 Flor.
1039 2320 1130 2354 affl&
1159 2321 1212 2354 rei
1241 2335 1280 2368 p.
1313 2320 1566 2370 (omiffosit)

217 2376 354 2424 Camp.
393 2374 504 2410 liceat
526 2375 657 2410 Turio.
680 2374 784 2412 Flor.
810 2390 842 2412 c.
868 2376 971 2415 Alm.
1005 2377 1052 2412 cf.
1075 2384 1110 2421 4,
1144 2386 1182 2418 2,
1214 2383 1280 2421 83.
1338 2380 1455 2414 virum
1488 2388 1566 2414 tum

218 2525 299 2570 ejus
330 2524 419 2560 loco
451 2538 559 2563 nam,
590 2521 654 2559 vel
687 2523 717 2558 si
737 2527 862 2562 mavis
980 2533 1043 2570 42.
1076 2527 1138 2562 Ad
1155 2527 1231 2562 hoc.
1260 2527 1324 2562 Est
1342 2520 1568 2564 transeundi

218 2583 304 2628 quia
325 2582 595 2630 reponendum
617 2579 860 2620 sit-BUTTM.
923 2583 1115 2624 formula,
1146 2583 1327 2631 potestate
1360 2597 1412 2625 ea,
1452 2596 1569 2632 quam

277 2649 455 2674 utrumne.
496 2642 612 2675 Amat
630 2650 770 2677 vocem
794 2653 864 2676 110·
923 2640 1098 2677 vidimus
1122 2639 1158 2681 6,
1184 2648 1220 2684 3,
1243 2640 1279 2676 6.
1303 2650 1340 2676 et
1359 2641 1510 2691 pass‘im.

219 2695 301 2730 fter.
327 2698 372 2731 cf.
392 2704 427 2739 5.
456 2709 516 2741 ιι,
539 2708 602 2746 28,
