1779 3062
399 123 570 170 INST.
608 123 893 171 ORATOR.
926 123 1050 171 LIB.
1080 122 1192 181 XII,
1227 137 1306 170 ιο.
1409 126 1512 190 659

159 259 276 317 eius
304 252 490 302 vultus
527 250 677 317 saepe
709 249 821 317 ipse
851 261 1025 301 rector
1052 249 1125 299 est
1158 250 1409 316 dicentis,
1448 267 1513 309 ut

159 332 350 382 Cicero
372 330 641 395 praecipit.
681 327 918 394 Ideoque
937 328 1245 379 instandum
1263 332 1348 392 iis,
1372 351 1513 400 quae

154 409 368 475 placere
395 407 743 464 intellexeris,
782 405 1129 456 resiliendum
1158 409 1222 457 ab
1248 410 1331 469 iis,
1373 430 1513 478 quae

156 504 274 537 :non
304 486 645 550 recipientur.
727 486 910 534 Sermo
941 483 1080 550 ipse,
1121 487 1219 551 qui
1245 485 1401 538 facile
1427 495 1515 554 ju-

159 563 336 613 dicem
368 562 579 619 doceat‚
617 561 893 627 optandus.
972 563 1089 611 Nec
1115 563 1173 612 id
1200 565 1403 617 mirum
1431 567 1514 629 fit,

161 658 287 690 cum
318 640 477 688 etiam
504 638 718 688 testium
738 637 1185 705 personisaliqua
1212 653 1510 698 mutentur.

158 718 459 768 Prudenter
489 718 651 775 enim,
691 717 789 782 qui
821 732 945 764 cum
973 717 1333 783 interrogasset
1354 722 1511 773 rusti-
1540 741 1588 782 57

161 815 288 849 cum
319 793 531 852 testem,
577 812 646 844 an
672 791 1019 859 Amphionem
1049 791 1239 870 noffeC,
1284 811 1513 867 negante

290 986 434 1031 ejus—⁶-
452 992 572 1021 rector
602 980 653 1033 est
686 985 853 1022 dicentis.
913 986 978 1021 sic
996 985 1108 1022 'Obr.
1140 987 1227 1024 usus
1257 986 1364 1025 haud
1394 990 1519 1032 dubi,

160 1042 306 1081 talibus
335 1043 378 1078 in
410 1042 506 1080 eod.
540 1042 633 1091 Arg.
663 1042 850 1091 vestigiis,
875 1042 1005 1091 qualia
1036 1043 1123 1078 sunt
1150 1042 1194 1078 in
1225 1045 1364 1082 nostris
1396 1048 1514 1087 haec:

157 1103 215 1137 ius
245 1101 370 1138 vultus
398 1100 505 1136 Flor.
551 1101 596 1133 iis
625 1114 661 1135 v.
692 1099 826 1136 Turio.
855 1099 983 1136 Guelf.
1027 1109 1147 1136 rectos
1172 1097 1224 1150 est
1245 1101 1416 1140 docentes
1436 1107 1517 1143 Tu·

156 1159 230 1197 ric.
261 1157 367 1193 Flor.
427 1159 462 1192 ei
488 1156 816 1192 vultus—rectus
845 1171 875 1192 e.
906 1157 943 1192 d.
978 1155 1140 1205 reliqui.
1372 1165 1518 1212 praeci.

156 1218 217 1265 pit
247 1227 325 1251 om.
355 1213 461 1250 Flor.
522 1215 714 1263 praecepit
742 1214 860 1249 Tarv.
889 1215 1024 1249 Locat.
1055 1215 1152 1251 Ven.
1174 1224 1212 1250 et
1232 1214 1280 1251 al.
1299 1229 1359 1266 ap.
1377 1221 1516 1258 Burm.

391 1268 601 1319 inflandum
627 1272 682 1305 his
713 1270 848 1306 Turic.
884 1270 1018 1319 Camp.
1052 1270 1152 1308 Jens.
1184 1274 1422 1321 (tac.Ge[n.)
1445 1279 1518 1314 Ba.

159 1329 219 1367 fil.
456 1327 679 1377 resilendum
707 1328 807 1367 Jens.
868 1340 905 1362 re
938 1326 1133 1377 silentium
1173 1327 1280 1367 Flor.
1322 1332 1376 1367 ire
1406 1334 1518 1378 (Tu-

160 1387 233 1423 ric.
269 1386 374 1433 irae)
406 1383 599 1435 silentium
631 1385 765 1421 Tuxic.
797 1383 924 1421 Guelfi
953 1397 986 1420 c.
1011 1383 1113 1422 Alm-
1385 1390 1435 1427 ab
1460 1391 1518 1429 his

160 1444 296 1481 Turio.
329 1444 464 1491 Camp.
489 1441 601 1477 Basil.

277 1531 343 1568 57.
397 1518 523 1570 testem
552 1521 603 1556 ad
633 1521 914 1571 amphinionem
944 1530 1086 1569 negant
1117 1531 1154 1557 et
1182 1523 1350 1562 detraxit:
1379 1528 1517 1568 Turio.

157 1581 264 1618 Flor.
297 1591 334 1616 et
364 1580 415 1615 sic
443 1577 571 1614 Guelf.
603 1578 676 1614 nisi
710 1579 818 1626 quod
850 1579 1082 1626 amphiona:
1111 1588 1137 1613 t.
1157 1581 1208 1615 ad
1234 1584 1517 1632 amphinionem

159 1645 360 1686 negantem
390 1636 427 1671 d.
464 1637 599 1684 Camp.
647 1643 673 1669 t.
704 1635 755 1670 ad
781 1636 1035 1685 Amphionem
1066 1648 1207 1684 negant
1235 1649 1272 1675 et
1298 1640 1516 1693 ἀείκαὶ-θοι

158 1694 281 1731 Goth.
315 1697 407 1740 (err.
439 1692 570 1736 Gesn.)
601 1692 707 1731 Voss.
740 1701 777 1728 2.
838 1701 863 1727 t.
897 1701 938 1727 at
965 1692 1156 1740 Amphion
1188 1706 1304 1743 negat
1334 1707 1371 1733 et
1392 1700 1516 1736 ‹letra-

159 1753 219 1787 aeic
248 1752 347 1789 Jens.
418 1758 445 1785 t.
489 1763 538 1784 an
566 1748 782 1797 Amphiona
820 1747 938 1797 noffec
977 1759 1092 1796 negat
1130 1758 1167 1784 et
1197 1752 1363 1790 detraxit:
1393 1756 1514 1796 Tarv.

157 1808 291 1845 Locat.
323 1808 422 1846 Ven.
462 1805 643 1841 Nostram
674 1804 796 1840 Aldus
823 1805 975 1853 primus
1008 1805 1127 1846 dedit,
1159 1806 1361 1858 secutique
1393 1814 1515 1851 ceteri

159 1877 320 1907 omnes,
360 1863 434 1900 nifi
465 1862 573 1911 quod
604 1861 698 1896 inde
729 1875 749 1896 a
778 1860 891 1896 Bafil.
924 1861 1197 1911 praetulerunt
1224 1864 1392 1904 formam
1421 1870 1513 1906 Am·

156 1923 326 1972 phiona,·
383 1933 465 1956 non
496 1919 606 1959 bene,
634 1929 680 1954 ut
713 1918 891 1955 observat
916 1919 1064 1954 Badius
1093 1919 1160 1964 (an
1190 1921 1233 1957 in
1262 1923 1335 1961 Ed.
1370 1926 1512 1974 1519?

156 1979 241 2015 vid.
272 1979 457 2022 Burm.),
490 1989 581 2011 cum
611 1989 672 2011 res
704 1986 784 2011 acta
813 1975 861 2011 [it
890 1975 934 2011 in
964 1976 1053 2012 foro
1084 1978 1276 2016 Romaim.
1335 1983 1512 2020 Neceffa-

156 2036 265 2072 rium
295 2034 399 2070 illud
427 2030 672 2082 an—noffet
702 2046 721 2068 e
750 2032 817 2069 ms.
852 2033 1012 2080 quidem
1042 2035 1221 2070 nondum
1251 2035 1412 2077 allatum
1435 2041 1508 2077 est:

155 2085 220 2129 sed
248 2092 291 2127 in
320 2081 435 2127 Taiv.
466 2089 574 2125 nulla
606 2090 852 2136 conjecturae
881 2090 1058 2138 suspicio.
1117 2092 1246 2130 Verba
1277 2106 1438 2144 negante
1463 2111 1509 2134 eo

156 2162 205 2186 an
235 2150 311 2185 sint
340 2161 388 2184 ex
406 2146 500 2183 Aldi
530 2146 812 2188 emendatione,
843 2147 984 2183 nescio.
1015 2148 1178 2186 Dixeris
1210 2150 1282 2186 effe
1314 2153 1448 2190 eadem
1465 2151 1510 2192 ἐπ’

214 2297 281 2341 56.
341 2299 467 2334 Cicero
485 2296 679 2344 praecipit.
725 2296 824 2331 Los
862 2295 922 2332 nis
961 2296 1183 2348 exemplum
1223 2312 1339 2336 nemo
1380 2311 1510 2342 tamen

156 2367 247 2390 cum
267 2355 445 2399 nondum
467 2352 673 2402 quisquam
699 2352 804 2389 indi·
863 2365 953 2388 cum
971 2367 1090 2396 mera,
1121 2356 1275 2403 qualem
1307 2357 1377 2394 effe
1396 2371 1511 2408 puto,

157 2412 270 2447 cavit.
863 2411 1085 2457 conjectura
1109 2412 1303 2450 Obrechti
1323 2418 1511 2465 aptandus

213 2467 412 2516 optandus.
443 2467 520 2507 „H.
546 2480 577 2501 e.
602 2465 805 2515 eligendus
861 2469 1092 2511 mutaverim
1150 2472 1372 2518 praesertim
1416 2487 1510 2511 cum

154 2523 804 2567 „etstudioseconsectandus“Ges·
861 2522 956 2559 haec
995 2526 1112 2561 etiam
1145 2527 1300 2564 insolita
1330 2530 1377 2565 fit
1411 2530 1509 2567 stru-

153 2594 237 2617 ner.
269 2581 327 2616 Cf.
352 2580 468 2615 eund.
493 2580 538 2615 in
561 2579 673 2615 Thes.
712 2581 803 2615 Hoc
859 2589 965 2616 ctura
985 2593 1143 2631 „aptare
1172 2585 1406 2632 sermcmem⁸
1434 2588 1508 2637 qui

153 2638 334 2686 quamvis
362 2637 406 2672 in
440 2635 507 2672 tali
538 2636 698 2685 quidem
721 2637 800 2672 sen·
858 2636 1069 2678 ,‚doeeat.“

152 2694 273 2731 tentia
294 2706 425 2730 rarum
439 2694 521 2740 ejus
544 2693 801 2743 fignificatio-
870 2729 875 2732 Α
917 2701 982 2739 57.
1015 2697 1276 2747 Amphionem.
1317 2701 1506 2737 Burman»

985 2776 1045 2810 Tt
1068 2785 1092 2809 2
