1742 3083
208 192 239 240 6
514 193 588 238 M.
644 191 779 235 ΕΑΒ.
832 191 1251 252 QUINTILIANI

165 333 188 372 5
210 320 459 370 facillime
483 316 643 383 poffit.
721 317 871 366 Num
899 333 1024 382 ergo
1047 316 1274 366 dubium
1299 313 1385 375 est,
1424 319 1558 382 quin

212 398 263 447 ei
290 397 439 446 velut
476 411 601 459 opes
632 392 731 441 fint
761 393 1015 456 quaedam
1038 392 1324 459 parandae,
1365 395 1560 458 quibus

212 475 323 530 uti,
359 471 670 535 ubicunque
691 469 1039 519 desideratum
1064 472 1188 527 erit,
1231 469 1410 534 poffit‘?
1456 473 1560 518 Eae

168 558 191 593 6
215 547 448 599 constant
477 544 640 620 ‚copia
660 563 850 597 rerum
870 565 936 598 ac
962 542 1271 596 verborum.
1351 545 1453 595 Sed
1475 563 1559 595 res

212 626 457 692 propriae
506 624 627 673 sunt
670 628 928 690 cujusque
975 623 1181 681 causae,
1238 632 1328 670 aut
1377 623 1562 687 paucis

215 718 551 751 communes:
594 702 750 749 verba
772 702 829 749 in
855 699 1121 750 universas
1141 698 1396 765 paranda:
1427 714 1562 762 quae

214 778 254 829 fi
285 780 344 828 in
378 779 534 827 rebus
571 777 788 843 singulis
831 776 989 825 effent
1023 777 1249 841 lingula,
1296 776 1564 823 minorem

212 872 392 911 curam
423 853 772 920 postularent:
816 872 936 902 nam
960 864 1145 902 cuncta
1168 851 1271 900 sese
1297 869 1419 900 cum
1439 850 1571 916 ipfis

210 933 459 999 protinus
491 931 651 980 rebus
691 927 955 979 offerrent.
1036 930 1137 979 Sed
1168 946 1292 978 cum
1327 928 1426 977 sint
1447 929 1564 976 aliis

211 1009 312 1057 alia
343 1018 434 1057 aut
451 1009 613 1072 magis
640 1009 881 1072 propria,
923 1017 1013 1055 aut
1030 1007 1195 1071 magis
1227 1015 1437 1062 ornata,
1475 1013 1565 1053 aut

213 1086 335 1152 plus
375 1083 672 1142 efficientia,
732 1094 823 1132 aut
850 1085 1040 1132 melius
1068 1082 1331 1140 sonantia,
1371 1082 1566 1130 debent

215 1159 314 1210 effe
346 1179 459 1210 non
494 1161 665 1209 [olum
697 1171 822 1209 nota
857 1161 1062 1217 omnia,
1117 1158 1205 1207 [ed
1239 1160 1297 1207 in
1330 1169 1566 1224 promtu,

217 1249 398 1303 atque,
436 1248 498 1286 ut
526 1238 599 1285 ita
638 1236 835 1295 dicam,
872 1237 931 1284 in
967 1234 1277 1301 conspectu,
1318 1245 1406 1294 ut,
1443 1251 1568 1284 cum

238 1414 241 1417 ,
304 1383 341 1422 5.
381 1380 493 1415 Num.
565 1379 698 1427 Camp.
729 1380 818 1413 Non
855 1391 943 1412 cum
979 1377 1097 1413 Goth.
1131 1388 1169 1412 et
1197 1377 1281 1412 edd.
1315 1389 1401 1414 ante
1428 1380 1567 1414 Burm-

216 1436 402 1474 Nostrum
425 1446 462 1470 et
483 1435 614 1470 Turio.
639 1434 741 1470 Flor.
768 1433 893 1470 Guelf.
919 1447 1008 1469 cum
1030 1433 1133 1468 Ahn,
1156 1434 1202 1468 cf.
1230 1441 1276 1477 5,
1303 1447 1376 1475 10,
1403 1445 1493 1470 102.

301 1492 512 1540 parandae,
545 1491 686 1538 quibus.
748 1491 881 1525 Turic.
915 1489 1018 1525 Flor.
1050 1488 1177 1524 Guelf.
1216 1491 1388 1536 paranda
1419 1504 1439 1524 e
1469 1490 1568 1537 quib.

218 1562 309 1584 cum
339 1547 457 1582 Goth.
487 1547 583 1584 Jens.
615 1546 806 1594 parandae
826 1559 845 1580 e
864 1559 899 1593 q.
930 1544 1017 1580 Ald.
1251 1548 1323 1584 uti,
1353 1546 1566 1594 ubicunque.

219 1604 353 1640 Turio.
385 1603 516 1649 ubique
538 1616 696 1650 cumque.
755 1601 858 1636 Flor.
884 1600 1011 1635 Guelf.
1037 1602 1169 1649 Camp.
1195 1601 1384 1636 omittunt
1403 1604 1457 1636 uti
1478 1614 1569 1637 cum

219 1659 338 1696 Goth.
371 1659 476 1696 Voff.
502 1667 538 1693 2.
570 1668 606 1692 et
628 1657 711 1692 edd.
738 1667 822 1691 ante
843 1655 950 1691 Bafil.
1181 1655 1323 1705 poffic?
1378 1657 1463 1692 Eae
1484 1672 1569 1693 con·

209 1713 327 1765 fiant.
369 1715 502 1749 Turio.
520 1713 625 1748 Flor.
651 1712 769 1763 posite
792 1709 1008 1760 conflantia.
1054 1711 1126 1747 Ille
1149 1726 1168 1746 a
1189 1713 1257 1747 sec.
1279 1726 1396 1748 manu
1414 1713 1529 1763 poffit
1549 1728 1570 1749 e

221 1770 343 1816 (‚‚vel
373 1767 457 1818 est“
487 1770 641 1804 additur
672 1783 690 1803 a
724 1769 969 1811 conferente)
1001 1765 1230 1815 constantia,
1261 1769 1326 1803 hic
1348 1770 1475 1810 idem,
1507 1770 1570 1805 sed

220 1826 317 1877 pofit
346 1840 422 1862 una
451 1829 487 1862 S.
547 1825 646 1860 Cum
679 1826 894 1860 Turicenfis
925 1824 994 1859 sec.
1025 1837 1143 1859 manu
1173 1824 1298 1860 Guelf.
1322 1836 1366 1860 ut
1391 1837 1428 1861 et
1449 1826 1568 1862 Goth.

221 1884 284 1919 sed
310 1883 415 1921 Voss.
448 1891 485 1917 2.
524 1897 562 1930 p.
592 1879 642 1928 est
670 1878 886 1928 constantia.
948 1882 1080 1928 Camp.
1110 1895 1147 1929 p.
1173 1894 1356 1916 occurrere
1376 1880 1570 1930 constanti.

221 1939 309 1975 Ald.
335 1955 373 1988 p.
396 1940 430 1973 ei
452 1952 634 1974 occurrere
654 1938 823 1985 (absque
850 1933 959 1984 const.
974 1939 1003 1979 ).
1063 1938 1161 1974 Jens.
1181 1951 1218 1984 p.
1239 1939 1273 1971 ei
1293 1935 1457 1985 constare
1479 1951 1570 1974 cum

224 1995 309 2030 edd.
341 2005 425 2031 ante
454 1995 563 2031 Bafil.
622 1996 710 2029 Hoc
743 2004 787 2028 ut
816 1993 1023 2028 rotundius
1053 1992 1164 2028 malit
1186 1994 1319 2029 Burm.
1344 1995 1480 2030 omiffo
1503 1996 1569 2034 uti,

224 2062 263 2087 et
280 2065 368 2087 cum
391 2065 409 2086 e
431 2063 514 2087 ante
537 2050 677 2100 quibus.
737 2049 809 2085 Sed
842 2049 1014 2083 defi-ituit
1035 2050 1261 2096 gravitatem
1283 2051 1569 2098 praecipientiS,

225 2121 321 2157 quae
343 2108 479 2156 prodit
500 2108 535 2143 se
556 2108 598 2142 in
624 2106 794 2154 ingressu
817 2104 888 2140 illo
906 2104 988 2139 loci
1010 2105 1197 2140 univerfi:
1232 2105 1316 2140 Eae
1338 2105 1514 2154 constant.

312 2165 346 2200 6.
368 2162 405 2214 fi
437 2166 474 2198 in
501 2164 615 2199 rebus.
674 2163 736 2197 Sic
767 2161 898 2197 Tm-ic.
930 2160 1033 2195 Flos.
1057 2162 1187 2210 Camp.
1212 2175 1300 2196 cum
1324 2163 1441 2198 Goth.
1467 2162 1569 2199 Alm.

225 2231 272 2256 et*
291 2220 374 2255 edd.
408 2230 492 2255 ante
520 2219 629 2254 Bam.
654 2218 814 2266 Reliqui
836 2217 1025 2252 omittunt
1047 2219 1103 2257 in,
1134 2216 1312 2252 suadente
1332 2219 1408 2264 jam
1431 2219 1569 2266 Regio.

225 2277 299 2311 Sed
329 2275 632 2324 res—offerrent
653 2288 729 2310 om.
763 2273 891 2309 Guelf.
1098 2275 1274 2309 minorem
1300 2288 1434 2309 curam.
1464 2275 1568 2310 Flor.

225 2334 264 2376 (a
283 2346 341 2381 pr.
366 2333 438 2380 m.)
468 2334 506 2367 in
527 2345 653 2367 aurem
674 2345 807 2366 coram.
839 2329 939 2365 Alm.
964 2329 1140 2365 Maur-em
1163 2343 1296 2365 coram.
1328 2330 1374 2366 cf.
1394 2343 1571 2380 prooem.

225 2397 314 2426 tert.
334 2387 414 2424 vol.
437 2402 475 2438 p.
498 2389 546 2426 V.
735 2386 919 2434 offerrent.
980 2386 1114 2421 Turic-
1147 2388 1195 2431 (a
1216 2400 1274 2434 pr.
1296 2387 1376 2428 m.)
1404 2387 1571 2434 offerent.

228 2444 348 2478 Goth.
377 2443 551 2492 offerunt.
781 2452 910 2491 atque,
942 2451 993 2479 ut.
1054 2443 1187 2478 Turio.
1217 2442 1319 2480 Flor.
1352 2445 1400 2488 (a
1428 2456 1486 2492 pr.
1518 2455 1571 2479 m.

227 2505 421 2548 uterque)
453 2500 628 2535 inserunt
652 2501 702 2536 id.

229 2598 272 2635 fit
299 2600 481 2647 repetitio
509 2600 623 2636 verbi
655 2601 760 2649 quod
792 2611 873 2636 erat
929 2601 1093 2650 accipias
1115 2612 1188 2650 pro
1210 2614 1253 2636 ea
1267 2604 1410 2637 ratione
1423 2598 1574 2649 instrua-

227 2655 348 2691 modo
402 2657 444 2690 in
489 2654 754 2704 instituendus)
779 2672 789 2700 ς
845 2659 871 2693 fi
930 2670 1010 2693 mus
1027 2672 1109 2707 qua.
1138 2657 1183 2693 cf.
1206 2658 1252 2692 de
1273 2656 1370 2708 instr.
1391 2665 1428 2704 8,
1449 2658 1483 2698 6,
1506 2669 1543 2694 2.

231 2708 446 2758 instruamus
469 2727 540 2762 qua
562 2715 707 2749 rati0ne
730 2715 878 2751 dictum
