1779 3062
388 161 552 208 INST.
589 160 870 208 ORATOR.
907 163 1029 208 Lm.
1066 163 1160 220 x1,
1199 177 1241 207 2.

1382 175 1477 217 521

130 291 242 342 sine
277 285 558 338 manifesto
592 287 888 345 intellectu,
927 305 1103 352 neque
1137 287 1296 337 inseri
1319 288 1477 355 possit.

45 371 220 432 995An
257 382 387 416 vero
418 359 668 413 Scaevola
699 363 757 411 in
797 364 917 413 lusu
948 364 1232 414 duodecim
1264 365 1483 433 scripto·
1506 390 1558 428 58

128 462 274 502 rum,
314 460 438 492 cum
458 442 612 507 prior
639 440 903 488 calculum
928 441 1296 506 promovisset,
1335 442 1480 492 effet-

128 537 234 587 que
270 521 474 576 victus,
518 518 648 566 dum
682 534 773 565 rus
811 517 1007 575 tendit,
1049 521 1274 582 repetito
1317 524 1480 570 totius

129 597 431 647 certaminis
466 594 672 652 ordine,
714 611 824 663 quo
852 593 975 644 dato
1001 594 1206 643 errasset
1237 598 1481 646 recorda-

127 765 250 801 modo
291 763 498 813 dirigendis
536 760 653 797 solito
682 775 814 798 errore
854 759 973 796 Goth.
1020 759 1119 808 (tac.
1160 762 1300 810 Gesn.)
1332 765 1379 799 cf.
1417 780 1481 807 11,

131 834 168 863 ι,
203 821 240 857 6.

223 904 290 956 5¹8.
313 909 550 959 scriptorum.
585 909 704 946 Goth.
724 907 941 958 scruporum
967 921 1054 944 cum
1081 909 1181 946 Vall.
1212 912 1310 950 Jens.
1333 922 1370 947 et
1395 913 1484 952 edd.

126 967 287 1020 posterr.
310 977 396 1002 ante
418 968 551 1002 Burm.
574 980 654 1002 exe.
681 966 842 1002 duabus.

905 967 988 1001 Nec
1017 966 1168 1005 dubito,
1194 969 1288 1014 quin
1314 970 1415 1004 Voff.
1444 980 1482 1007 2.

128 1037 287 1074 quoque
320 1023 424 1058 idem
454 1023 540 1062 det,
573 1036 793 1071 quanquam
823 1032 858 1056 et
880 1022 945 1057 hic
971 1033 1007 1057 et
1029 1021 1129 1058 Alm.
1155 1024 1259 1059 Voss.
1280 1038 1355 1072 que
1390 1041 1421 1061 1.
1445 1036 1484 1070 3.

127 1081 288 1118 filentur
312 1093 329 1115 a
354 1081 488 1115 Burm.
521 1080 633 1129 Vnde
656 1090 820 1128 apparet,
844 1078 1058 1114 vilioribus
1085 1080 1206 1114 Codd.
1233 1083 1484 1119 accensendos

125 1137 220 1173 illos
239 1147 327 1172 tres.

388 1136 573 1172 Nostrum
597 1138 700 1171 enim
725 1136 774 1171 est
795 1136 836 1170 in
857 1136 988 1170 Turio.
1011 1135 1113 1170 Flor.
1136 1137 1270 1172 Ambr.
1296 1149 1330 1173 2.
1352 1139 1485 1177 Guelf.

127 1195 262 1241 Camp.
285 1193 380 1240 ipso,
406 1192 515 1227 Ruso.
541 1203 577 1227 et
600 1193 710 1227 Leid.
734 1205 897 1240 quarum
923 1192 1007 1226 edd.
1033 1191 1170 1227 ultima
1193 1193 1331 1228 collata
1354 1196 1482 1230 secum

126 1251 221 1285 Exc.
239 1250 391 1283 Santen.
416 1247 568 1282 trahere
589 1248 758 1288 videtur,
782 1261 856 1284 acc.
880 1247 985 1290 (teste
998 1248 1150 1282 Thoma
1165 1250 1279 1295 Hyde
1302 1249 1343 1284 in
1364 1264 1483 1299 opere

129 1307 176 1342 de
191 1303 450 1346 Nerdiludio)
473 1303 586 1338 Bodl.
610 1305 737 1351 (cujus
759 1304 825 1338 hic
848 1303 1020 1338 omissam
1044 1306 1283 1339 mentionem
1305 1307 1480 1345 Gibsono

128 1373 231 1397 recte
271 1359 482 1409 exprobrat
502 1360 673 1412 Burm.)
701 1361 873 1408 itemque
907 1361 1020 1394 Rern.

1254 1377 1314 1396 rus
1347 1365 1478 1401 tendit.

126 1418 232 1455 Flor.
271 1416 432 1454 ostendit
462 1429 550 1451 cum
578 1415 682 1456 Alm.
714 1419 820 1465 (non
851 1417 982 1453 Turic.
1005 1415 1050 1453 cf.
1080 1419 1112 1465 ᾗ.
1137 1416 1236 1467 56.)
1259 1433 1341 1453 reus
1360 1422 1481 1457 tendit

185 1580 250 1618 53.
280 1572 342 1609 An
371 1576 655 1609 vero—minus
675 1574 773 1608 idem

126 1631 231 1667 ordo.
264 1629 312 1665 cf.
339 1642 401 1669 10,
425 1639 463 1673 5,
488 1640 552 1678 29.
591 1632 653 1666 De
675 1630 771 1664 ludo

126 1687 322 1722 duodecim
332 1684 556 1733 scriptorum
575 1687 639 1721 hic
660 1700 771 1734 agere

124 1742 232 1778 nihil
251 1743 398 1782 attinet,
412 1743 569 1778 Lexicis
592 1744 651 1788 (in
673 1756 771 1778 voce

126 1799 341 1846 Scriptum)
373 1799 532 1845 quaevis
561 1813 605 1835 eo
629 1800 770 1834 facien-

125 1855 178 1890 tia
211 1854 315 1900 larga
347 1867 464 1888 manu
487 1855 774 1901 praebentibus-

126 1909 368 1947 consulenda
392 1910 507 1945 etiam
524 1910 654 1947 Cla-:is
669 1912 775 1946 Cice-

127 1966 291 2002 mniana
331 1967 491 2001 Ernesti.
568 1968 613 2002 Id
649 1978 776 2003 tamen

128 2036 210 2058 non
241 2024 649 2070 praetermittendum,
680 2023 775 2058 cele-

128 2079 277 2115 bratam
308 2079 418 2114 fuiffe
438 2081 540 2128 apud
561 2092 711 2115 veteres
732 2080 775 2114 in

129 2136 267 2171 Mucio
289 2135 483 2174 Scaevola,
501 2137 651 2172 summo
666 2138 775 2177 ICto‚

129 2191 250 2239 hujus
281 2190 367 2227 ludi
385 2193 588 2240 peritiam,
621 2194 667 2228 cf.
694 2193 774 2228 Cic.

129 2248 178 2284 de
199 2248 269 2283 Or.
296 2261 329 2288 1,
350 2256 412 2291 50.
435 2249 528 2284 item
552 2261 664 2285 vetus
685 2250 776 2297 Epi-

129 2317 302 2356 gramma
330 2318 348 2339 a
378 2304 558 2340 salmasio
581 2306 777 2353 prolatum

131 2361 180 2396 ad.
211 2360 369 2408 Vopisci
401 2361 611 2396 Proculum
653 2376 684 2398 c.
717 2372 778 2406 13.

131 2428 171 2452 et
201 2416 408 2463 repetitum
435 2432 454 2452 a
478 2419 585 2452 Gesn.
608 2419 650 2453 in
675 2418 777 2454 The-

132 2474 263 2511 sauro,
306 2485 324 2505 a
361 2475 588 2509 Bur-manno
620 2476 662 2510 in
701 2479 777 2509 An-

133 2528 234 2565 thol.
257 2529 329 2563 ΙΙΙ.
353 2530 422 2577 Ep.
436 2541 500 2573 77.
523 2531 592 2566 ubi
613 2531 693 2567 vid.
707 2545 777 2567 no-

133 2596 210 2621 tas:
233 2605 284 2611 -—-
314 2586 394 2620 Hoc
413 2599 503 2634 opus
523 2587 569 2634 (i.
594 2587 698 2621 hunc
717 2586 776 2622 lu-

135 2641 248 2687 dum)
277 2661 334 2668 —
365 2646 505 2678 amavit
526 2664 576 2670 —-
601 2644 779 2678 excellens

133 2698 287 2733 Mucius
318 2702 482 2747 ingenio.
539 2701 701 2736 Eri-ores
731 2700 777 2736 in

195 2778 300 2815 Tom.
327 2778 397 2816 IV.

832 1571 968 1607 dandis
999 1572 1154 1609 calculis
1177 1575 1284 1619 (dare
1311 1576 1413 1611 enim
1435 1577 1481 1613 iu

829 1628 901 1663 hac
954 1643 995 1664 re
1036 1630 1201 1665 verbum
1242 1634 1481 1679 proprium)

830 1685 1052 1721 commissos
1092 1700 1275 1723 revocare
1317 1688 1480 1732 licuisse,

828 1741 981 1789 aliquot
1012 1754 1187 1778 veterum
1224 1744 1333 1785 locis,
1370 1758 1414 1782 ut
1443 1759 1482 1784 et:

828 1798 979 1836 nostro,
1013 1810 1188 1846 apparet:
1229 1802 1320 1835 vide
1340 1803 1480 1851 impri-

834 1854 908 1888 mis
942 1855 1082 1888 Auson.
1117 1856 1317 1892 Professor.
1358 1871 1389 1899 1,
1416 1867 1482 1902 25,

834 1909 966 1944 locum
979 1911 1145 1945 Gesnero
1160 1912 1317 1947 citatum
1332 1913 1487 1950 inThe-'

834 1966 966 2006 sauro,
1001 1967 1069 2002 ubi
1094 1968 1229 2003 itidem
1253 1970 1421 2015 jactuum
1445 1983 1485 2009 et

836 2023 1014 2057 datorum
1043 2024 1083 2059 in
1116 2023 1193 2062 hoc
1223 2025 1312 2060 loco
1336 2041 1484 2063 memo-

833 2079 890 2113 ria
927 2078 1117 2119 laudatur.
1161 2082 1307 2118 Similis
1336 2085 1376 2118 in
1398 2099 1483 2120 πετ-

833 2136 907 2180 resq:
930 2136 1167 2172 Graecorum
1191 2139 1367 2179 libertas,
1401 2154 1481 2189 quo

834 2190 991 2240 respicit
1003 2193 1110 2229 Plato
1123 2196 1164 2229 in
1178 2196 1319 2243 (vorgia
1334 2211 1369 2244 p.
1387 2198 1482 2240 461.

837 2248 873 2283 d.
899 2259 936 2283 et
957 2250 1133 2286 disertius
1156 2263 1290 2287 auctor
1312 2254 1480 2301 Hippar-

837 2305 900 2339 chi
933 2316 1077 2354 p.229.
1114 2321 1145 2343 e.
1189 2309 1274 2344 vid,
1305 2310 1479 2346 Boeckh.

835 2362 878 2396 in
911 2362 1005 2399 Plat.
1037 2364 1210 2397 Minoam
1243 2378 1277 2407 p.
1304 2375 1368 2401 sno.
1413 2369 1481 2401 Fa-

838 2428 922 2453 teor
944 2431 1084 2460 autem,
1104 2420 1197 2467 quid
1218 2420 1262 2454 ad
1285 2421 1358 2455 hist
1387 2423 1485 2459 riam

836 2476 998 2510 nosham
1028 2477 1150 2513 meiat,
1169 2478 1267 2522 quod
1285 2481 1391 2526 prior
1411 2481 1486 2515 cal-

837 2532 957 2565 culum
986 2536 1246 2581 promovisset,
1278 2535 1380 2569 mihi
1403 2550 1484 2574 nou

836 2586 1000 2634 liquere.
1063 2594 1119 2623 An
1137 2617 1145 2628 ,
1199 2591 1308 2635 eujus
1356 2594 1483 2640 prima

838 2645 928 2683 esset
948 2645 1088 2679 calculi
1110 2647 1320 2692 promotio,
1337 2649 1478 2687 sirecte

836 2700 1000 2742 luderet,
1029 2715 1109 2739 non
1127 2713 1280 2751 poterat
1300 2705 1441 2751 vinci?

986 2781 1027 2816 X
