1779 3062
191 167 292 212 233
514 155 592 202 Μ.
630 155 767 200 FAB.
806 155 1227 218 QU1NT1L1AN1

192 281 469 348 arrogavit.
549 281 702 331 Illius
731 280 853 331 sunt
885 285 1056 342 enim,
1097 285 1178 342 Si,
1208 279 1433 348 judices,
1475 286 1551 333 in-

188 363 333 430 genii
364 361 485 416 mei,
525 359 668 423 quod
683 354 858 431 sentio
892 357 1148 432 quamsit
1173 364 1437 430 exiguum.
1482 372 1551 420 et,

195 439 314 510 Quo
355 438 559 504 ingenio
605 438 768 486 minus
790 433 1025 512 poffizm,
1089 433 1385 509 subsidium
1418 438 1542 487 mihi

112 529 165 557 20
189 514 464 583 diligentia
506 518 821 578 comparavi.
942 516 1088 584 Quin
1146 516 1308 563 etiam
1358 527 1540 564 contra

189 596 250 661 Q.
275 591 569 641 Caecilium
605 591 672 639 de
696 591 986 642 accusatore
1019 594 1077 640 in
1100 594 1318 640 Verrem
1346 592 1540 641 consti-

187 668 410 726 tuendo,
435 670 696 733 quamvis
717 670 951 718 multum
976 667 1096 717 effet
1116 670 1175 717 in
1198 669 1302 717 hoc
1324 685 1542 734 quoque

180 746 477 803 momenti,
549 756 669 794 uter
702 745 768 794 ad
808 745 1075 811 agendum
1110 747 1275 811 magis
1309 745 1539 795 idoneus

186 824 421 881 veniret,
468 821 683 871 dicendi
713 833 884 871 tamen
920 821 1223 871 facultatem
1257 825 1425 888 magis
1456 823 1542 871 illi

185 899 423 957 detraxit,
463 917 623 964 quam
656 902 919 966 arrogavit
953 899 1077 948 sibi:
1107 897 1279 970 seque
1301 919 1400 949 non
1426 917 1542 949 con-

169 973 428 1049 secutum,
457 973 565 1047 sed
586 980 755 1025 omnia
762 972 973 1049 fecss'eg
1012 988 1069 1025 ut
1098 973 1271 1050 poffet
1291 995 1404 1025 eam
1426 995 1542 1026 con-

108 1052 358 1128 21se⁷qlll⁶9
400 1053 546 1102 dixit.
629 1057 691 1101 In
721 1052 954 1120 epistolis
991 1053 1281 1119 aliquando
1315 1053 1542 1103 familia-

179 1242 286 1279 Flor.
520 1241 725 1287 arrogavit.
752 1239 884 1274 Turic.
907 1241 1163 1287 interrogavit.
1195 1241 1224 1274 F
1226 1230 1309 1275 lor.'
1328 1236 1367 1286 (a
1383 1252 1444 1287 pr.
1465 1241 1541 1287 m.)

179 1311 383 1356 inrogavit.
415 1307 517 1343 Alm.
552 1299 769 1354 inffogavit.
1005 1309 1112 1346 enim,
1145 1309 1197 1348 Si,
1219 1307 1372 1352 judices,
1399 1309 1542 1355 ingenii

179 1367 262 1402 mei.
316 1366 379 1400 Sic
410 1364 514 1401 Flor.
557 1366 807 1411 (quanquam
847 1375 927 1398 non
962 1364 1129 1405 doceor,
1168 1377 1214 1398 an
1260 1365 1332 1398 mei
1371 1362 1540 1410 habeat)

171 1423 315 1459 ‘Ambn
346 1431 382 1456 2.
418 1422 501 1465 (hic
524 1421 684 1469 quidem
714 1422 870 1466 ingeni).
904 1420 978 1455 Sed
1000 1421 1135 1455 Tui'ic.
1166 1433 1214 1456 ex
1237 1420 1344 1455 hisce
1373 1421 1538 1468 proscri-

177 1480 240 1515 bit
263 1481 359 1514 enim
385 1491 473 1513 cum
498 1477 604 1513 Voff.
630 1485 664 1519 5.
691 1487 727 1511 et
750 1476 876 1511 Guelf.
901 1487 945 1511 ut
977 1476 1130 1524 opinor,
1164 1490 1291 1524 neque
1324 1476 1428 1511 enim
1454 1477 1538 1513 satis

173 1535 279 1571 oelzzre
310 1535 458 1570 notavi.
509 1534 614 1568 Illius
656 1534 753 1566 enim
783 1531 820 1580 si
857 1533 938 1577 jucl.
981 1535 1002 1567 i.
1036 1536 1108 1567 mei
1170 1535 1285 1568 Bern.
1335 1532 1538 1569 Omittunt

179 1591 298 1627 Goth.
333 1590 436 1627 Voff.
472 1601 507 1625 2.
537 1588 628 1637 sunt
661 1591 776 1627 enim,
810 1601 847 1624 et
877 1588 1054 1628 videtur,
1088 1590 1129 1624 id
1159 1589 1265 1637 quod
1295 1602 1342 1623 ex
1369 1590 1473 1626 Voff.
1497 1601 1535 1625 Ω.

176 1648 362 1685 referunt,
395 1647 508 1681 etiam
532 1645 649 1681 Goth.
674 1645 763 1680 dare
788 1647 929 1693 ingenii
951 1647 1031 1680 mei.
1063 1646 1196 1694 Camp.
1214 1644 1354 1693 suntsi
1375 1646 1462 1693 quid
1484 1643 1535 1693 eft

177 1706 216 1739 in
241 1718 297 1738 me
331 1705 406 1751 ing.
425 1703 506 1748 jud.
551 1701 713 1750 Reliqui
740 1699 773 1750 s.
804 1705 899 1736 enim
922 1699 959 1749 si
989 1702 1077 1750 quid
1102 1699 1151 1749 est
1185 1704 1223 1736 in
1255 1715 1311 1735 me
1341 1704 1418 1748 ing.
1449 1703 1532 1746 jud.

175 1761 224 1796 cf.
250 1774 311 1800 11,
345 1770 382 1803 5,
416 1770 480 1806 97.
511 1758 674 1806 Duplex
708 1760 725 1791 Ι
759 1758 928 1804 genitivi
960 1759 1002 1792 iu
1023 1759 1212 1794 Cicerone
1244 1770 1325 1792 non
1357 1757 1531 1798 tulerim,

172 1818 218 1853 -in
249 1816 494 1864 Quintiliano
536 1814 726 1849 referente
758 1815 986 1850 Ciceronem
1024 1813 1284 1850 libentisfime.
1325 1814 1372 1848 cf.
1411 1815 1534 1862 praef.

174 1873 290 1910 nostr.
325 1887 363 1921 p.
385 1872 546 1909 LXXV.
780 1879 826 1910 et,
850 1871 931 1921 Quo
958 1873 1107 1918 ingenio
1140 1874 1269 1906 minus.
1303 1871 1366 1905 Sic
1399 1871 1531 1907 Turio.

174 1929 279 1966 Flor.
315 1929 399 1974 (hic
429 1928 589 1976 quidem
619 1924 762 1976 poffum
791 1928 999 1962 antevertit
1027 1927 1222 1964 vocabulo
1260 1929 1396 1974 minus)
1443 1927 1532 1963 Ald.

175 1986 435 2022 Consentiunt
469 1984 605 2020 Ambr.
641 1995 676 2020 2.
709 1982 836 2019 Guelf.
870 1983 973 2020 Voff.
1009 1993 1045 2027 5.
1087 1986 1203 2020 Bern.
1235 1985 1332 2022 Jens.
1377 1995 1414 2019 et
1445 1983 1530 2020 edd.

172 2044 331 2091 posterr.
356 2053 440 2077 ante
461 2040 548 2076 Ald.
575 2040 645 2087 qni
665 2050 792 2075 tamen
812 2053 885 2088 pro
916 2054 987 2090 quo
1013 2040 1104 2075 dant
1125 2042 1247 2089 quod‚·
1276 2042 1371 2076 item
1394 2042 1528 2089 Camp.

175 2099 292 2134 Goth.
317 2104 410 2141 (en.
432 2098 560 2142 Gesn.)
586 2097 685 2132 Voss‘.
710 2108 746 2132 2.
771 2096 869 2132 Vall.
894 2097 955 2131 sed
987 2099 1073 2144 quia
1103 2097 1330 2132 exhibentes
1352 2110 1423 2144 pro
1445 2110 1528 2145 quo.

172 2155 335 2202 Reliqui
368 2164 517 2189 etnam
550 2167 619 2201 quo
652 2167 697 2188 m.
727 2156 749 2189 i.
985 2154 1195 2200 diligentia.
1229 2153 1360 2188 Turic-
1393 2154 1526 2201 Camp-

173 2211 424 2259 diligentiam.
455 2209 543 2246 Ald.
568 2208 738 2259 subsidio
760 2230 813 2236 —-
838 2211 1073 2257 diligentiam
1103 2223 1192 2244 cum
1220 2209 1313 2244 Bad.
1348 2208 1459 2244 Bafil.
1491 2219 1528 2244 et

171 2267 255 2302 edd.
281 2269 362 2304 Cic.

260 2334 323 2360 20.
358 2325 476 2371 magis
501 2323 663 2358 idoneus.
697 2320 800 2358 Flor.
832 2324 950 2356 minus
973 2323 996 2356 ι’.
1190 2335 1264 2356 non
1285 2321 1524 2371 consecutum,

163 2379 233 2430 sed
259 2384 393 2417 omnia.
427 2380 531 2415 Flor.
564 2378 718 2428 n.secus
740 2392 773 2413 o.
816 2392 833 2412 a
859 2379 927 2414 [ec.
950 2391 1001 2412 rn.
1045 2393 1080 2414 n.
1107 2393 1135 2414 c.
1165 2392 1198 2415 ο.
1240 2380 1341 2415 ΜοΧ
1379 2392 1423 2414 ea
1452 2391 1524 2428 pro

172 2450 252 2472 eam
273 2437 376 2473 idem
399 2450 488 2472 cum
516 2438 647 2485 Camp.
681 2434 755 2471 Sed
777 2434 910 2470 Ambr.
937 2446 973 2471 2.
1005 2437 1129 2471 etiam.

224 2594 330 2628 Illius
366 2594 456 2644 sunt
498 2617 550 2624 —
592 2595 813 2643 comparavi.
872 2606 946 2642 pro
967 2594 1135 2634 Archia3
1164 2590 1311 2629 mutata
1342 2591 1410 2627 illa
1430 2605 1522 2640 pau-

165 2651 359 2699 Principia
400 2653 483 2689 sunt
501 2652 567 2689 vel
598 2666 647 2687 ex
669 2650 815 2699 princi·
873 2649 955 2684 lum
987 2650 1032 2685 ab
1062 2651 1112 2687 iis
1144 2664 1241 2699 quae
1282 2649 1450 2698 legimus
1479 2649 1521 2684 in

164 2705 242 2755 piis
274 2708 506 2754 Quintianae
546 2720 582 2745 et
626 2708 815 2745 orationis
874 2706 1011 2743 nostris
1034 2707 1119 2744 edd.
