<?xml version="1.0" encoding="UTF-8"?>
<!DOCTYPE html PUBLIC "-//W3C//DTD XHTML 1.0 Transitional//EN"
    "http://www.w3.org/TR/xhtml1/DTD/xhtml1-transitional.dtd">
<html xmlns="http://www.w3.org/1999/xhtml" xml:lang="en" lang="en">
 <head>
  <title>
</title>
<meta http-equiv="Content-Type" content="text/html;charset=utf-8" />
  <meta name='ocr-system' content='tesseract 3.04.00' />
  <meta name='ocr-capabilities' content='ocr_page ocr_carea ocr_par ocr_line ocrx_word'/>
</head>
<body>
  <div class='ocr_page' id='page_1' title='image "./deinstitutioneor04quinuoft_0214.png"; bbox 0 0 1779 3062; ppageno 0'>
   <div class='ocr_carea' id='block_1_1' title="bbox 161 182 1174 248">
    <p class='ocr_par' dir='ltr' id='par_1_1' title="bbox 161 182 1174 248">
     <span class='ocr_line' id='line_1_1' title="bbox 161 182 1174 248; baseline -0.002 -15"><span class='ocrx_word' id='word_1_1' title='bbox 161 199 253 244; x_wconf 77' lang='lat'><strong>133</strong></span> <span class='ocrx_word' id='word_1_2' title='bbox 479 186 555 231; x_wconf 86' lang='lat' dir='ltr'><strong>M.</strong></span> <span class='ocrx_word' id='word_1_3' title='bbox 586 185 719 232; x_wconf 62' lang='grc' dir='ltr'><strong>ΕΑΒ.</strong></span> <span class='ocrx_word' id='word_1_4' title='bbox 757 182 1174 248; x_wconf 74' lang='lat' dir='ltr'><strong>QUINTILIANI</strong></span> 
     </span>
    </p>
   </div>
   <div class='ocr_carea' id='block_1_2' title="bbox 113 312 1509 674">
    <p class='ocr_par' dir='ltr' id='par_1_2' title="bbox 113 312 1509 674">
     <span class='ocr_line' id='line_1_2' title="bbox 113 312 1506 379; baseline -0.004 -13"><span class='ocrx_word' id='word_1_5' title='bbox 113 333 135 372; x_wconf 76' lang='grc'>4</span> <span class='ocrx_word' id='word_1_6' title='bbox 157 315 322 367; x_wconf 86' lang='lat' dir='ltr'><strong>reuda</strong></span> <span class='ocrx_word' id='word_1_7' title='bbox 355 312 490 363; x_wconf 82' lang='lat' dir='ltr'><strong>sunt.</strong></span> <span class='ocrx_word' id='word_1_8' title='bbox 569 316 647 362; x_wconf 92' lang='lat' dir='ltr'><strong>Eo</strong></span> <span class='ocrx_word' id='word_1_9' title='bbox 680 323 854 362; x_wconf 84' lang='lat' dir='ltr'><strong>tamen</strong></span> <span class='ocrx_word' id='word_1_10' title='bbox 884 314 1154 379; x_wconf 84' lang='lat' dir='ltr'><strong>pervenit,</strong></span> <span class='ocrx_word' id='word_1_11' title='bbox 1200 323 1263 361; x_wconf 90' lang='lat' dir='ltr'><strong>ut</strong></span> <span class='ocrx_word' id='word_1_12' title='bbox 1295 314 1366 370; x_wconf 85' lang='lat' dir='ltr'><strong>is,</strong></span> <span class='ocrx_word' id='word_1_13' title='bbox 1419 312 1506 361; x_wconf 89' lang='lat' dir='ltr'><strong>cui</strong></span> 
     </span>
     <span class='ocr_line' id='line_1_3' title="bbox 157 387 1505 456; baseline -0.004 -12"><span class='ocrx_word' id='word_1_14' title='bbox 157 411 269 444; x_wconf 89' lang='lat' dir='ltr'><strong>non</strong></span> <span class='ocrx_word' id='word_1_15' title='bbox 296 390 590 455; x_wconf 81' lang='lat' dir='ltr'><strong>refragetur</strong></span> <span class='ocrx_word' id='word_1_16' title='bbox 612 391 908 456; x_wconf 84' lang='lat' dir='ltr'>ingenium,</span> <span class='ocrx_word' id='word_1_17' title='bbox 949 391 1055 438; x_wconf 82' lang='lat' dir='ltr'><strong>acri</strong></span> <span class='ocrx_word' id='word_1_18' title='bbox 1087 387 1263 438; x_wconf 86' lang='lat' dir='ltr'><strong>studio</strong></span> <span class='ocrx_word' id='word_1_19' title='bbox 1291 390 1505 450; x_wconf 77' lang='lat' dir='ltr'><strong>adiutus</strong></span> 
     </span>
     <span class='ocr_line' id='line_1_4' title="bbox 157 466 1506 533; baseline -0.005 -14"><span class='ocrx_word' id='word_1_20' title='bbox 157 479 362 519; x_wconf 82' lang='lat' dir='ltr'><strong>tantum</strong></span> <span class='ocrx_word' id='word_1_21' title='bbox 389 466 755 533; x_wconf 85' lang='lat' dir='ltr'>consequatur,</span> <span class='ocrx_word' id='word_1_22' title='bbox 794 477 854 516; x_wconf 86' lang='lat' dir='ltr'><strong>ut</strong></span> <span class='ocrx_word' id='word_1_23' title='bbox 875 468 924 515; x_wconf 90' lang='lat' dir='ltr'><strong>ei</strong></span> <span class='ocrx_word' id='word_1_24' title='bbox 947 477 1053 514; x_wconf 83' lang='lat' dir='ltr'><strong>tam</strong></span> <span class='ocrx_word' id='word_1_25' title='bbox 1081 482 1216 530; x_wconf 88' lang='lat' dir='ltr'><strong>quae</strong></span> <span class='ocrx_word' id='word_1_26' title='bbox 1249 466 1506 530; x_wconf 84' lang='lat' dir='ltr'><strong>cogitarit,</strong></span> 
     </span>
     <span class='ocr_line' id='line_1_5' title="bbox 159 540 1507 613; baseline -0.004 -18"><span class='ocrx_word' id='word_1_27' title='bbox 159 564 319 613; x_wconf 86' lang='lat' dir='ltr'><strong>quam</strong></span> <span class='ocrx_word' id='word_1_28' title='bbox 382 562 518 610; x_wconf 85' lang='lat' dir='ltr'><strong>quae</strong></span> <span class='ocrx_word' id='word_1_29' title='bbox 579 542 837 611; x_wconf 82' lang='lat' dir='ltr'><strong>scripserit</strong></span> <span class='ocrx_word' id='word_1_30' title='bbox 894 555 1049 608; x_wconf 83' lang='lat' dir='ltr'><strong>atque</strong></span> <span class='ocrx_word' id='word_1_31' title='bbox 1111 540 1413 599; x_wconf 81' lang='lat' dir='ltr'><strong>edidicerit,</strong></span> <span class='ocrx_word' id='word_1_32' title='bbox 1447 543 1507 589; x_wconf 90' lang='lat' dir='ltr'><strong>in</strong></span> 
     </span>
     <span class='ocr_line' id='line_1_6' title="bbox 159 621 1509 674; baseline -0.005 -1"><span class='ocrx_word' id='word_1_33' title='bbox 159 622 389 674; x_wconf 85' lang='lat' dir='ltr'><strong>dicendo</strong></span> <span class='ocrx_word' id='word_1_34' title='bbox 409 621 577 671; x_wconf 80' lang='lat' dir='ltr'><strong>fidem</strong></span> <span class='ocrx_word' id='word_1_35' title='bbox 601 621 821 671; x_wconf 78' lang='lat' dir='ltr'><strong>servent.</strong></span> <span class='ocrx_word' id='word_1_36' title='bbox 902 622 1089 670; x_wconf 89' lang='lat' dir='ltr'><strong>Cicero</strong></span> <span class='ocrx_word' id='word_1_37' title='bbox 1125 629 1261 668; x_wconf 85' lang='lat' dir='ltr'><strong>certe</strong></span> <span class='ocrx_word' id='word_1_38' title='bbox 1286 621 1509 667; x_wconf 86' lang='lat' dir='ltr'><strong>Graeco-</strong></span> 
     </span>
    </p>
   </div>
   <div class='ocr_carea' id='block_1_3' title="bbox 153 807 1515 1481">
    <p class='ocr_par' dir='ltr' id='par_1_3' title="bbox 156 807 1514 1206">
     <span class='ocr_line' id='line_1_7' title="bbox 247 807 1510 863; baseline -0.006 -13"><span class='ocrx_word' id='word_1_39' title='bbox 247 822 283 860; x_wconf 77' lang='grc'><strong>4.</strong></span> <span class='ocrx_word' id='word_1_40' title='bbox 324 816 523 863; x_wconf 81' lang='lat' dir='ltr'><strong>ingenium.</strong></span> <span class='ocrx_word' id='word_1_41' title='bbox 570 813 702 848; x_wconf 88' lang='lat' dir='ltr'><strong>Turic.</strong></span> <span class='ocrx_word' id='word_1_42' title='bbox 752 811 856 847; x_wconf 86' lang='lat' dir='ltr'><strong>Flor.</strong></span> <span class='ocrx_word' id='word_1_43' title='bbox 900 810 1086 846; x_wconf 86' lang='lat' dir='ltr'><strong>omittunt</strong></span> <span class='ocrx_word' id='word_1_44' title='bbox 1117 823 1204 845; x_wconf 88' lang='lat' dir='ltr'><strong>cum</strong></span> <span class='ocrx_word' id='word_1_45' title='bbox 1238 809 1348 845; x_wconf 72' lang='lat' dir='ltr'><strong>Ahm</strong></span> <span class='ocrx_word' id='word_1_46' title='bbox 1401 807 1510 844; x_wconf 85' lang='lat' dir='ltr'><strong>Alter</strong></span> 
     </span>
     <span class='ocr_line' id='line_1_8' title="bbox 159 864 1510 919; baseline -0.007 -10"><span class='ocrx_word' id='word_1_47' title='bbox 159 888 179 909; x_wconf 89' lang='lat' dir='ltr'>a</span> <span class='ocrx_word' id='word_1_48' title='bbox 203 874 271 909; x_wconf 85' lang='lat' dir='ltr'><strong>sec.</strong></span> <span class='ocrx_word' id='word_1_49' title='bbox 292 885 343 907; x_wconf 88' lang='lat' dir='ltr'><strong>m.</strong></span> <span class='ocrx_word' id='word_1_50' title='bbox 391 870 549 919; x_wconf 77' lang='lat' dir='ltr'><strong>reponit</strong></span> <span class='ocrx_word' id='word_1_51' title='bbox 580 870 741 916; x_wconf 79' lang='lat' dir='ltr'><strong>ingenio.</strong></span> <span class='ocrx_word' id='word_1_52' title='bbox 978 877 1018 902; x_wconf 80' lang='lat' dir='ltr'><strong>ut</strong></span> <span class='ocrx_word' id='word_1_53' title='bbox 1044 869 1076 902; x_wconf 83' lang='lat' dir='ltr'><strong>ei</strong></span> <span class='ocrx_word' id='word_1_54' title='bbox 1095 877 1183 903; x_wconf 77' lang='lat' dir='ltr'><strong>tam.</strong></span> <span class='ocrx_word' id='word_1_55' title='bbox 1230 867 1361 902; x_wconf 86' lang='lat' dir='ltr'><strong>Turio.</strong></span> <span class='ocrx_word' id='word_1_56' title='bbox 1403 864 1510 900; x_wconf 81' lang='lat' dir='ltr'><strong>Flor.</strong></span> 
     </span>
     <span class='ocr_line' id='line_1_9' title="bbox 159 920 1514 969; baseline -0.007 -4"><span class='ocrx_word' id='word_1_57' title='bbox 159 939 200 965; x_wconf 77' lang='lat' dir='ltr'><strong>ut</strong></span> <span class='ocrx_word' id='word_1_58' title='bbox 224 932 256 964; x_wconf 87' lang='lat' dir='ltr'><strong>ei</strong></span> <span class='ocrx_word' id='word_1_59' title='bbox 280 931 405 964; x_wconf 78' lang='lat' dir='ltr'><strong>etiam.</strong></span> <span class='ocrx_word' id='word_1_60' title='bbox 441 926 569 962; x_wconf 86' lang='lat' dir='ltr'><strong>Guelf.</strong></span> <span class='ocrx_word' id='word_1_61' title='bbox 603 935 643 960; x_wconf 76' lang='lat' dir='ltr'><strong>ut</strong></span> <span class='ocrx_word' id='word_1_62' title='bbox 665 928 777 961; x_wconf 75' lang='lat' dir='ltr'><strong>eciam</strong></span> <span class='ocrx_word' id='word_1_63' title='bbox 808 937 896 960; x_wconf 88' lang='lat' dir='ltr'><strong>cum</strong></span> <span class='ocrx_word' id='word_1_64' title='bbox 921 925 1039 960; x_wconf 89' lang='lat' dir='ltr'><strong>Goth.</strong></span> <span class='ocrx_word' id='word_1_65' title='bbox 1068 924 1173 962; x_wconf 82' lang='lat' dir='ltr'>Voff.</span> <span class='ocrx_word' id='word_1_66' title='bbox 1197 932 1329 966; x_wconf 79' lang='lat'><strong>1.2.3.</strong></span> <span class='ocrx_word' id='word_1_67' title='bbox 1352 920 1514 969; x_wconf 80' lang='lat' dir='ltr'><strong>Reliqui</strong></span> 
     </span>
     <span class='ocr_line' id='line_1_10' title="bbox 159 978 1512 1030; baseline -0.007 -8"><span class='ocrx_word' id='word_1_68' title='bbox 159 996 200 1022; x_wconf 78' lang='lat' dir='ltr'><strong>ut</strong></span> <span class='ocrx_word' id='word_1_69' title='bbox 219 1000 262 1021; x_wconf 85' lang='lat' dir='ltr'><strong>ea</strong></span> <span class='ocrx_word' id='word_1_70' title='bbox 286 987 409 1021; x_wconf 74' lang='lat' dir='ltr'><strong>etiam.</strong></span> <span class='ocrx_word' id='word_1_71' title='bbox 452 983 639 1019; x_wconf 82' lang='lat' dir='ltr'><strong>Nostrum</strong></span> <span class='ocrx_word' id='word_1_72' title='bbox 660 995 678 1016; x_wconf 88' lang='lat' dir='ltr'><strong>e</strong></span> <span class='ocrx_word' id='word_1_73' title='bbox 702 983 934 1028; x_wconf 82' lang='lat' dir='ltr'><strong>conjectura.</strong></span> <span class='ocrx_word' id='word_1_74' title='bbox 1167 994 1277 1030; x_wconf 84' lang='lat' dir='ltr'><strong>quam</strong></span> <span class='ocrx_word' id='word_1_75' title='bbox 1296 993 1401 1029; x_wconf 84' lang='lat' dir='ltr'><strong>quae.</strong></span> <span class='ocrx_word' id='word_1_76' title='bbox 1446 978 1512 1013; x_wconf 80' lang='lat' dir='ltr'><strong>Sic</strong></span> 
     </span>
     <span class='ocr_line' id='line_1_11' title="bbox 159 1033 1510 1089; baseline -0.007 -11"><span class='ocrx_word' id='word_1_77' title='bbox 159 1043 318 1083; x_wconf 86' lang='lat' dir='ltr'><strong>Turic.;</strong></span> <span class='ocrx_word' id='word_1_78' title='bbox 352 1056 371 1076; x_wconf 84' lang='lat' dir='ltr'>a</span> <span class='ocrx_word' id='word_1_79' title='bbox 407 1054 464 1089; x_wconf 82' lang='lat' dir='ltr'><strong>pr.</strong></span> <span class='ocrx_word' id='word_1_80' title='bbox 498 1053 617 1074; x_wconf 82' lang='lat' dir='ltr'><strong>mauu</strong></span> <span class='ocrx_word' id='word_1_81' title='bbox 660 1052 848 1086; x_wconf 80' lang='lat' dir='ltr'><strong>quamque.</strong></span> <span class='ocrx_word' id='word_1_82' title='bbox 885 1038 989 1075; x_wconf 83' lang='lat' dir='ltr'><strong>Voff.</strong></span> <span class='ocrx_word' id='word_1_83' title='bbox 1020 1052 1054 1073; x_wconf 88' lang='lat'><strong>1.</strong></span> <span class='ocrx_word' id='word_1_84' title='bbox 1078 1046 1113 1080; x_wconf 79' lang='grc'><strong>5.</strong></span> <span class='ocrx_word' id='word_1_85' title='bbox 1155 1050 1307 1084; x_wconf 78' lang='lat' dir='ltr'><strong>quoque.</strong></span> <span class='ocrx_word' id='word_1_86' title='bbox 1350 1033 1510 1082; x_wconf 84' lang='lat' dir='ltr'><strong>Reliqui</strong></span> 
     </span>
     <span class='ocr_line' id='line_1_12' title="bbox 158 1094 1511 1150; baseline -0.006 -16"><span class='ocrx_word' id='word_1_87' title='bbox 158 1113 333 1150; x_wconf 79' lang='lat' dir='ltr'><strong>quaeque,</strong></span> <span class='ocrx_word' id='word_1_88' title='bbox 363 1098 435 1133; x_wconf 86' lang='lat' dir='ltr'><strong>ni[i</strong></span> <span class='ocrx_word' id='word_1_89' title='bbox 455 1096 560 1144; x_wconf 86' lang='lat' dir='ltr'><strong>quod</strong></span> <span class='ocrx_word' id='word_1_90' title='bbox 585 1095 682 1130; x_wconf 82' lang='lat' dir='ltr'><strong>Obr.</strong></span> <span class='ocrx_word' id='word_1_91' title='bbox 718 1108 832 1143; x_wconf 81' lang='lat' dir='ltr'><strong>aeque</strong></span> <span class='ocrx_word' id='word_1_92' title='bbox 852 1108 894 1129; x_wconf 82' lang='lat' dir='ltr'><strong>ac</strong></span> <span class='ocrx_word' id='word_1_93' title='bbox 916 1108 1027 1141; x_wconf 79' lang='lat' dir='ltr'><strong>quae,</strong></span> <span class='ocrx_word' id='word_1_94' title='bbox 1058 1094 1269 1142; x_wconf 85' lang='lat' dir='ltr'><strong>probatus,</strong></span> <span class='ocrx_word' id='word_1_95' title='bbox 1299 1105 1379 1127; x_wconf 88' lang='lat' dir='ltr'><strong>non</strong></span> <span class='ocrx_word' id='word_1_96' title='bbox 1405 1103 1511 1127; x_wconf 85' lang='lat' dir='ltr'><strong>eom·</strong></span> 
     </span>
     <span class='ocr_line' id='line_1_13' title="bbox 156 1149 1282 1206; baseline -0.008 -14"><span class='ocrx_word' id='word_1_97' title='bbox 156 1156 314 1206; x_wconf 81' lang='lat' dir='ltr'><strong>pilatus,</strong></span> <span class='ocrx_word' id='word_1_98' title='bbox 347 1165 391 1189; x_wconf 89' lang='lat' dir='ltr'><strong>ut</strong></span> <span class='ocrx_word' id='word_1_99' title='bbox 412 1153 641 1189; x_wconf 77' lang='lat' dir='ltr'><strong>criminatur</strong></span> <span class='ocrx_word' id='word_1_100' title='bbox 662 1153 794 1186; x_wconf 87' lang='lat' dir='ltr'><strong>Burm.</strong></span> <span class='ocrx_word' id='word_1_101' title='bbox 810 1176 820 1190; x_wconf 88' lang='lat'><strong>,</strong></span> <span class='ocrx_word' id='word_1_102' title='bbox 851 1149 1037 1191; x_wconf 83' lang='lat' dir='ltr'><strong>Rollin0;</strong></span> <span class='ocrx_word' id='word_1_103' title='bbox 1071 1160 1107 1185; x_wconf 88' lang='lat' dir='ltr'><strong>et</strong></span> <span class='ocrx_word' id='word_1_104' title='bbox 1126 1151 1176 1185; x_wconf 82' lang='lat' dir='ltr'><strong>fic</strong></span> <span class='ocrx_word' id='word_1_105' title='bbox 1198 1150 1282 1197; x_wconf 72' lang='lat' dir='ltr'><strong>Bip.</strong></span> 
     </span>
    </p>

    <p class='ocr_par' dir='ltr' id='par_1_4' title="bbox 153 1205 1515 1481">
     <span class='ocr_line' id='line_1_14' title="bbox 245 1205 1513 1247; baseline -0.006 0"><span class='ocrx_word' id='word_1_106' title='bbox 245 1212 449 1247; x_wconf 70' lang='lat' dir='ltr'><strong>edidicerit.</strong></span> <span class='ocrx_word' id='word_1_107' title='bbox 481 1208 615 1243; x_wconf 87' lang='lat' dir='ltr'><strong>Turic.</strong></span> <span class='ocrx_word' id='word_1_108' title='bbox 646 1206 751 1242; x_wconf 70' lang='lat' dir='ltr'><strong>Flon</strong></span> <span class='ocrx_word' id='word_1_109' title='bbox 785 1207 936 1241; x_wconf 74' lang='lat' dir='ltr'><strong>ederint.</strong></span> <span class='ocrx_word' id='word_1_110' title='bbox 967 1205 1037 1241; x_wconf 80' lang='lat' dir='ltr'><strong>Ille</strong></span> <span class='ocrx_word' id='word_1_111' title='bbox 1061 1220 1079 1239; x_wconf 75' lang='lat' dir='ltr'>a</span> <span class='ocrx_word' id='word_1_112' title='bbox 1101 1207 1168 1241; x_wconf 84' lang='lat' dir='ltr'><strong>fec.</strong></span> <span class='ocrx_word' id='word_1_113' title='bbox 1190 1219 1240 1240; x_wconf 87' lang='lat' dir='ltr'><strong>m.</strong></span> <span class='ocrx_word' id='word_1_114' title='bbox 1275 1205 1441 1244; x_wconf 76' lang='lat' dir='ltr'><strong>ediderit,</strong></span> <span class='ocrx_word' id='word_1_115' title='bbox 1474 1214 1513 1240; x_wconf 88' lang='lat' dir='ltr'><strong>et</strong></span> 
     </span>
     <span class='ocr_line' id='line_1_15' title="bbox 159 1261 1513 1312; baseline -0.007 -8"><span class='ocrx_word' id='word_1_116' title='bbox 159 1270 211 1304; x_wconf 79' lang='lat' dir='ltr'><strong>sic</strong></span> <span class='ocrx_word' id='word_1_117' title='bbox 243 1267 373 1304; x_wconf 83' lang='lat' dir='ltr'><strong>Guelf.</strong></span> <span class='ocrx_word' id='word_1_118' title='bbox 413 1267 545 1312; x_wconf 83' lang='lat' dir='ltr'><strong>Camp.</strong></span> <span class='ocrx_word' id='word_1_119' title='bbox 579 1264 674 1302; x_wconf 84' lang='lat' dir='ltr'><strong>Hic,</strong></span> <span class='ocrx_word' id='word_1_120' title='bbox 726 1263 911 1297; x_wconf 87' lang='lat' dir='ltr'><strong>nostrum.</strong></span> <span class='ocrx_word' id='word_1_121' title='bbox 978 1262 1185 1309; x_wconf 82' lang='lat' dir='ltr'><strong>Vulgatam</strong></span> <span class='ocrx_word' id='word_1_122' title='bbox 1216 1261 1361 1296; x_wconf 88' lang='lat' dir='ltr'><strong>horum</strong></span> <span class='ocrx_word' id='word_1_123' title='bbox 1396 1271 1436 1295; x_wconf 79' lang='lat' dir='ltr'><strong>ut</strong></span> <span class='ocrx_word' id='word_1_124' title='bbox 1457 1279 1513 1288; x_wconf 91' lang='lat'><strong>—-</strong></span> 
     </span>
     <span class='ocr_line' id='line_1_16' title="bbox 162 1319 1515 1370; baseline -0.007 -10"><span class='ocrx_word' id='word_1_125' title='bbox 162 1325 303 1370; x_wconf 67' lang='lat' dir='ltr'><strong>servent</strong></span> <span class='ocrx_word' id='word_1_126' title='bbox 338 1324 391 1358; x_wconf 83' lang='lat' dir='ltr'><strong>ita</strong></span> <span class='ocrx_word' id='word_1_127' title='bbox 421 1320 566 1367; x_wconf 83' lang='lat' dir='ltr'><strong>refingi</strong></span> <span class='ocrx_word' id='word_1_128' title='bbox 598 1319 709 1365; x_wconf 84' lang='lat' dir='ltr'><strong>jubet</strong></span> <span class='ocrx_word' id='word_1_129' title='bbox 757 1319 966 1354; x_wconf 84' lang='lat' dir='ltr'><strong>Gesnerus:</strong></span> <span class='ocrx_word' id='word_1_130' title='bbox 1013 1328 1053 1353; x_wconf 74' lang='lat' dir='ltr'><strong>ut</strong></span> <span class='ocrx_word' id='word_1_131' title='bbox 1081 1319 1233 1353; x_wconf 80' lang='lat' dir='ltr'><strong>eandem</strong></span> <span class='ocrx_word' id='word_1_132' title='bbox 1269 1332 1304 1365; x_wconf 80' lang='lat' dir='ltr'><strong>q.</strong></span> <span class='ocrx_word' id='word_1_133' title='bbox 1342 1331 1370 1351; x_wconf 82' lang='lat' dir='ltr'><strong>c.</strong></span> <span class='ocrx_word' id='word_1_134' title='bbox 1403 1329 1515 1365; x_wconf 83' lang='lat' dir='ltr'><strong>quam</strong></span> 
     </span>
     <span class='ocr_line' id='line_1_17' title="bbox 153 1369 1514 1431; baseline -0.006 -14"><span class='ocrx_word' id='word_1_135' title='bbox 153 1369 256 1431; x_wconf 47' lang='lat' dir='ltr'><strong>&#39;quae</strong></span> <span class='ocrx_word' id='word_1_136' title='bbox 280 1379 314 1429; x_wconf 90' lang='lat' dir='ltr'><strong>s.</strong></span> <span class='ocrx_word' id='word_1_137' title='bbox 349 1394 385 1416; x_wconf 87' lang='lat' dir='ltr'><strong>a.</strong></span> <span class='ocrx_word' id='word_1_138' title='bbox 421 1393 452 1414; x_wconf 84' lang='lat' dir='ltr'><strong>e.</strong></span> <span class='ocrx_word' id='word_1_139' title='bbox 489 1379 511 1411; x_wconf 87' lang='grc' dir='ltr'><strong>ι’.</strong></span> <span class='ocrx_word' id='word_1_140' title='bbox 539 1376 575 1412; x_wconf 86' lang='lat' dir='ltr'><strong>d.</strong></span> <span class='ocrx_word' id='word_1_141' title='bbox 599 1374 683 1423; x_wconf 87' lang='lat' dir='ltr'><strong><em>f.s.</em></strong></span> <span class='ocrx_word' id='word_1_142' title='bbox 714 1376 837 1423; x_wconf 83' lang='lat' dir='ltr'><strong>magis</strong></span> <span class='ocrx_word' id='word_1_143' title='bbox 868 1374 935 1410; x_wconf 81' lang='lat' dir='ltr'><strong>ille</strong></span> <span class='ocrx_word' id='word_1_144' title='bbox 968 1373 1168 1411; x_wconf 79' lang='lat' dir='ltr'><strong>consulens</strong></span> <span class='ocrx_word' id='word_1_145' title='bbox 1202 1373 1360 1409; x_wconf 80' lang='lat' dir='ltr'><strong>auribus</strong></span> <span class='ocrx_word' id='word_1_146' title='bbox 1397 1385 1514 1423; x_wconf 87' lang='lat' dir='ltr'><strong>quam</strong></span> 
     </span>
     <span class='ocr_line' id='line_1_18' title="bbox 162 1431 1215 1481; baseline -0.009 -6"><span class='ocrx_word' id='word_1_147' title='bbox 162 1437 399 1475; x_wconf 86' lang='lat' dir='ltr'><strong>Obrechtus.</strong></span> <span class='ocrx_word' id='word_1_148' title='bbox 458 1436 535 1469; x_wconf 88' lang='lat' dir='ltr'><strong>Pro</strong></span> <span class='ocrx_word' id='word_1_149' title='bbox 567 1442 680 1481; x_wconf 75' lang='lat' dir='ltr'><strong>atque</strong></span> <span class='ocrx_word' id='word_1_150' title='bbox 705 1433 826 1468; x_wconf 89' lang='lat' dir='ltr'><strong>modo</strong></span> <span class='ocrx_word' id='word_1_151' title='bbox 859 1446 908 1467; x_wconf 86' lang='lat' dir='ltr'><strong>an</strong></span> <span class='ocrx_word' id='word_1_152' title='bbox 941 1431 1060 1469; x_wconf 87' lang='lat' dir='ltr'><strong>Goth.</strong></span> <span class='ocrx_word' id='word_1_153' title='bbox 1092 1432 1215 1466; x_wconf 85' lang='lat' dir='ltr'><strong>mire!</strong></span> 
     </span>
    </p>
   </div>
   <div class='ocr_carea' id='block_1_4' title="bbox 151 1605 814 2791">
    <p class='ocr_par' dir='ltr' id='par_1_5' title="bbox 151 1605 814 2791">
     <span class='ocr_line' id='line_1_19' title="bbox 222 1605 812 1654; baseline -0.017 -8"><span class='ocrx_word' id='word_1_154' title='bbox 222 1617 256 1654; x_wconf 74' lang='grc'><strong>4.</strong></span> <span class='ocrx_word' id='word_1_155' title='bbox 271 1609 333 1645; x_wconf 87' lang='lat' dir='ltr'><strong>Eo</strong></span> <span class='ocrx_word' id='word_1_156' title='bbox 359 1617 480 1643; x_wconf 81' lang='lat' dir='ltr'><strong>tamen</strong></span> <span class='ocrx_word' id='word_1_157' title='bbox 500 1605 677 1653; x_wconf 74' lang='lat' dir='ltr'><strong>pervenit,</strong></span> <span class='ocrx_word' id='word_1_158' title='bbox 693 1614 735 1638; x_wconf 79' lang='lat' dir='ltr'><strong>ut</strong></span> <span class='ocrx_word' id='word_1_159' title='bbox 757 1623 812 1631; x_wconf 92' lang='lat'><strong>—-</strong></span> 
     </span>
     <span class='ocr_line' id='line_1_20' title="bbox 160 1660 814 1713; baseline -0.014 -10"><span class='ocrx_word' id='word_1_160' title='bbox 160 1676 304 1704; x_wconf 76' lang='lat' dir='ltr'><strong>tantum</strong></span> <span class='ocrx_word' id='word_1_161' title='bbox 333 1663 583 1713; x_wconf 75' lang='lat' dir='ltr'><strong>consequatur,</strong></span> <span class='ocrx_word' id='word_1_162' title='bbox 616 1670 666 1695; x_wconf 80' lang='lat' dir='ltr'><strong>uc.</strong></span> <span class='ocrx_word' id='word_1_163' title='bbox 725 1660 814 1696; x_wconf 76' lang='lat' dir='ltr'><strong>Nisi</strong></span> 
     </span>
     <span class='ocr_line' id='line_1_21' title="bbox 160 1717 812 1772; baseline -0.012 -13"><span class='ocrx_word' id='word_1_164' title='bbox 160 1722 490 1772; x_wconf 83' lang='lat' dir='ltr'><strong>negligentiorem</strong></span> <span class='ocrx_word' id='word_1_165' title='bbox 522 1718 636 1754; x_wconf 85' lang='lat' dir='ltr'><strong>toties</strong></span> <span class='ocrx_word' id='word_1_166' title='bbox 662 1717 812 1765; x_wconf 81' lang='lat' dir='ltr'><strong>experti</strong></span> 
     </span>
     <span class='ocr_line' id='line_1_22' title="bbox 163 1772 811 1816; baseline -0.014 0"><span class='ocrx_word' id='word_1_167' title='bbox 163 1781 324 1816; x_wconf 82' lang='lat' dir='ltr'><strong>effemus</strong></span> <span class='ocrx_word' id='word_1_168' title='bbox 345 1777 519 1812; x_wconf 85' lang='lat' dir='ltr'><strong>nostrum</strong></span> <span class='ocrx_word' id='word_1_169' title='bbox 543 1775 585 1808; x_wconf 86' lang='lat' dir='ltr'><strong>in</strong></span> <span class='ocrx_word' id='word_1_170' title='bbox 605 1772 811 1809; x_wconf 69' lang='lat' dir='ltr'><strong>vocabulis</strong></span> 
     </span>
     <span class='ocr_line' id='line_1_23' title="bbox 159 1830 809 1882; baseline -0.015 -10"><span class='ocrx_word' id='word_1_171' title='bbox 159 1837 300 1872; x_wconf 87' lang='lat' dir='ltr'><strong>iisdem</strong></span> <span class='ocrx_word' id='word_1_172' title='bbox 326 1831 570 1882; x_wconf 86' lang='lat' dir='ltr'><strong>geminandis</strong></span> <span class='ocrx_word' id='word_1_173' title='bbox 593 1830 659 1875; x_wconf 87' lang='lat' dir='ltr'><strong>(cf.</strong></span> <span class='ocrx_word' id='word_1_174' title='bbox 687 1842 748 1869; x_wconf 64' lang='grc' dir='ltr'><strong>ιο,</strong></span> <span class='ocrx_word' id='word_1_175' title='bbox 769 1836 809 1872; x_wconf 87' lang='lat'><strong>5,</strong></span> 
     </span>
     <span class='ocr_line' id='line_1_24' title="bbox 158 1885 809 1939; baseline -0.014 -11"><span class='ocrx_word' id='word_1_176' title='bbox 158 1893 228 1939; x_wconf 90' lang='lat'><strong>7.),</strong></span> <span class='ocrx_word' id='word_1_177' title='bbox 257 1891 380 1939; x_wconf 79' lang='lat' dir='ltr'><strong>magis</strong></span> <span class='ocrx_word' id='word_1_178' title='bbox 405 1888 557 1925; x_wconf 78' lang='lat' dir='ltr'><strong>fortasse</strong></span> <span class='ocrx_word' id='word_1_179' title='bbox 596 1885 809 1922; x_wconf 80' lang='lat' dir='ltr'><strong>offendere-</strong></span> 
     </span>
     <span class='ocr_line' id='line_1_25' title="bbox 157 1942 809 1996; baseline -0.014 -11"><span class='ocrx_word' id='word_1_180' title='bbox 157 1962 248 1985; x_wconf 85' lang='lat' dir='ltr'><strong>mur</strong></span> <span class='ocrx_word' id='word_1_181' title='bbox 283 1946 436 1996; x_wconf 87' lang='lat' dir='ltr'><strong>duplici</strong></span> <span class='ocrx_word' id='word_1_182' title='bbox 474 1943 550 1980; x_wconf 87' lang='lat' dir='ltr'><strong>hoc</strong></span> <span class='ocrx_word' id='word_1_183' title='bbox 591 1952 649 1982; x_wconf 75' lang='lat' dir='ltr'><strong>uc,</strong></span> <span class='ocrx_word' id='word_1_184' title='bbox 701 1942 809 1990; x_wconf 92' lang='lat' dir='ltr'><strong>quod</strong></span> 
     </span>
     <span class='ocr_line' id='line_1_26' title="bbox 157 1998 809 2049; baseline -0.014 -8"><span class='ocrx_word' id='word_1_185' title='bbox 157 2006 258 2046; x_wconf 86' lang='lat' dir='ltr'><strong>stilo,</strong></span> <span class='ocrx_word' id='word_1_186' title='bbox 278 2016 323 2040; x_wconf 92' lang='lat' dir='ltr'><strong>ut</strong></span> <span class='ocrx_word' id='word_1_187' title='bbox 345 2003 398 2038; x_wconf 87' lang='lat' dir='ltr'><strong>ait</strong></span> <span class='ocrx_word' id='word_1_188' title='bbox 416 2001 498 2041; x_wconf 82' lang='lat' dir='ltr'><strong>ille,</strong></span> <span class='ocrx_word' id='word_1_189' title='bbox 531 1998 809 2049; x_wconf 84' lang='lat' dir='ltr'><strong>depascendum</strong></span> 
     </span>
     <span class='ocr_line' id='line_1_27' title="bbox 157 2055 809 2103; baseline -0.017 -4"><span class='ocrx_word' id='word_1_190' title='bbox 157 2062 267 2099; x_wconf 71' lang='lat' dir='ltr'><strong>fuisse</strong></span> <span class='ocrx_word' id='word_1_191' title='bbox 290 2059 503 2097; x_wconf 83' lang='lat' dir='ltr'><strong>videbitur.</strong></span> <span class='ocrx_word' id='word_1_192' title='bbox 553 2058 679 2103; x_wconf 84' lang='lat' dir='ltr'><strong>Quare</strong></span> <span class='ocrx_word' id='word_1_193' title='bbox 704 2055 809 2090; x_wconf 87' lang='lat' dir='ltr'><strong>enim</strong></span> 
     </span>
     <span class='ocr_line' id='line_1_28' title="bbox 158 2111 807 2155; baseline -0.015 0"><span class='ocrx_word' id='word_1_194' title='bbox 158 2133 238 2155; x_wconf 90' lang='lat' dir='ltr'><strong>non</strong></span> <span class='ocrx_word' id='word_1_195' title='bbox 271 2119 324 2153; x_wconf 88' lang='lat' dir='ltr'><strong>ita</strong></span> <span class='ocrx_word' id='word_1_196' title='bbox 346 2115 545 2152; x_wconf 82' lang='lat' dir='ltr'><strong>ordinavit</strong></span> <span class='ocrx_word' id='word_1_197' title='bbox 577 2111 807 2152; x_wconf 76' lang='lat' dir='ltr'><strong>orationem,</strong></span> 
     </span>
     <span class='ocr_line' id='line_1_29' title="bbox 160 2174 810 2221; baseline -0.017 -9"><span class='ocrx_word' id='word_1_198' title='bbox 160 2187 205 2212; x_wconf 86' lang='lat' dir='ltr'><strong>ut</strong></span> <span class='ocrx_word' id='word_1_199' title='bbox 237 2174 514 2221; x_wconf 85' lang='lat' dir='ltr'><strong>defungeretur</strong></span> <span class='ocrx_word' id='word_1_200' title='bbox 546 2182 625 2205; x_wconf 85' lang='lat' dir='ltr'><strong>uno</strong></span> <span class='ocrx_word' id='word_1_201' title='bbox 659 2177 698 2202; x_wconf 72' lang='lat' dir='ltr'><strong>ut</strong></span> <span class='ocrx_word' id='word_1_202' title='bbox 719 2180 810 2203; x_wconf 90' lang='lat' dir='ltr'><strong>cum</strong></span> 
     </span>
     <span class='ocr_line' id='line_1_30' title="bbox 158 2223 811 2276; baseline -0.018 -7"><span class='ocrx_word' id='word_1_203' title='bbox 158 2234 226 2269; x_wconf 78' lang='lat' dir='ltr'><strong>[uo</strong></span> <span class='ocrx_word' id='word_1_204' title='bbox 307 2227 561 2276; x_wconf 80' lang='lat' dir='ltr'><strong>conjunctivo</strong></span> <span class='ocrx_word' id='word_1_205' title='bbox 586 2224 606 2259; x_wconf 67' lang='grc' dir='ltr'><strong>’ἓ</strong></span> <span class='ocrx_word' id='word_1_206' title='bbox 672 2223 811 2259; x_wconf 74' lang='lat' dir='ltr'><strong>Aliena</strong></span> 
     </span>
     <span class='ocr_line' id='line_1_31' title="bbox 159 2280 810 2331; baseline -0.017 -6"><span class='ocrx_word' id='word_1_207' title='bbox 159 2300 287 2325; x_wconf 82' lang='lat' dir='ltr'><strong>tamen</strong></span> <span class='ocrx_word' id='word_1_208' title='bbox 312 2285 432 2322; x_wconf 83' lang='lat' dir='ltr'><strong>fuerit</strong></span> <span class='ocrx_word' id='word_1_209' title='bbox 450 2280 574 2331; x_wconf 70' lang='grc' dir='ltr'><em>κρίσις,</em></span> <span class='ocrx_word' id='word_1_210' title='bbox 587 2294 683 2329; x_wconf 79' lang='lat' dir='ltr'><strong>quae</strong></span> <span class='ocrx_word' id='word_1_211' title='bbox 702 2280 810 2328; x_wconf 86' lang='lat' dir='ltr'><strong>prius</strong></span> 
     </span>
     <span class='ocr_line' id='line_1_32' title="bbox 160 2340 811 2391; baseline -0.018 -9"><span class='ocrx_word' id='word_1_212' title='bbox 160 2355 210 2384; x_wconf 83' lang='lat' dir='ltr'><strong>ut,</strong></span> <span class='ocrx_word' id='word_1_213' title='bbox 240 2347 415 2391; x_wconf 88' lang='lat' dir='ltr'><strong>itemque</strong></span> <span class='ocrx_word' id='word_1_214' title='bbox 436 2340 541 2379; x_wconf 85' lang='lat' dir='ltr'><strong>haec,</strong></span> <span class='ocrx_word' id='word_1_215' title='bbox 565 2347 709 2373; x_wconf 76' lang='lat' dir='ltr'><strong>tantum</strong></span> <span class='ocrx_word' id='word_1_216' title='bbox 728 2349 811 2372; x_wconf 83' lang='lat' dir='ltr'><strong>con-</strong></span> 
     </span>
     <span class='ocr_line' id='line_1_33' title="bbox 151 2393 809 2452; baseline -0.02 -13"><span class='ocrx_word' id='word_1_217' title='bbox 151 2401 341 2452; x_wconf 81' lang='lat' dir='ltr'><strong>sequatur,</strong></span> <span class='ocrx_word' id='word_1_218' title='bbox 366 2394 620 2447; x_wconf 79' lang='lat' dir='ltr'><strong>expungenda</strong></span> <span class='ocrx_word' id='word_1_219' title='bbox 649 2393 809 2432; x_wconf 79' lang='lat' dir='ltr'><strong>suadeat,</strong></span> 
     </span>
     <span class='ocr_line' id='line_1_34' title="bbox 159 2449 811 2497; baseline -0.017 -3"><span class='ocrx_word' id='word_1_220' title='bbox 159 2469 204 2494; x_wconf 86' lang='lat' dir='ltr'><strong>ut</strong></span> <span class='ocrx_word' id='word_1_221' title='bbox 239 2458 325 2494; x_wconf 83' lang='lat' dir='ltr'><strong>talis</strong></span> <span class='ocrx_word' id='word_1_222' title='bbox 366 2455 549 2490; x_wconf 82' lang='lat' dir='ltr'><strong>structura</strong></span> <span class='ocrx_word' id='word_1_223' title='bbox 599 2449 811 2497; x_wconf 83' lang='lat' dir='ltr'><strong>contingat.</strong></span> 
     </span>
     <span class='ocr_line' id='line_1_35' title="bbox 161 2504 812 2553; baseline -0.02 -1"><span class='ocrx_word' id='word_1_224' title='bbox 161 2513 355 2551; x_wconf 84' lang='lat' dir='ltr'><strong>Constitui</strong></span> <span class='ocrx_word' id='word_1_225' title='bbox 377 2521 506 2546; x_wconf 85' lang='lat' dir='ltr'><strong>autem</strong></span> <span class='ocrx_word' id='word_1_226' title='bbox 535 2506 670 2547; x_wconf 85' lang='lat' dir='ltr'><strong>debet,</strong></span> <span class='ocrx_word' id='word_1_227' title='bbox 703 2504 812 2553; x_wconf 87' lang='lat' dir='ltr'><strong>quod</strong></span> 
     </span>
     <span class='ocr_line' id='line_1_36' title="bbox 162 2562 812 2617; baseline -0.018 -10"><span class='ocrx_word' id='word_1_228' title='bbox 162 2571 209 2606; x_wconf 81' lang='lat' dir='ltr'><strong>sit</strong></span> <span class='ocrx_word' id='word_1_229' title='bbox 240 2571 455 2617; x_wconf 85' lang='lat' dir='ltr'><strong>subjectum</strong></span> <span class='ocrx_word' id='word_1_230' title='bbox 485 2566 528 2600; x_wconf 89' lang='lat' dir='ltr'><strong>in</strong></span> <span class='ocrx_word' id='word_1_231' title='bbox 562 2562 687 2598; x_wconf 82' lang='lat' dir='ltr'><strong>verbo</strong></span> <span class='ocrx_word' id='word_1_232' title='bbox 730 2574 812 2610; x_wconf 85' lang='lat' dir='ltr'><strong>per-</strong></span> 
     </span>
     <span class='ocr_line' id='line_1_37' title="bbox 158 2616 812 2662; baseline -0.018 1"><span class='ocrx_word' id='word_1_233' title='bbox 158 2630 271 2662; x_wconf 75' lang='lat' dir='ltr'><strong>venit.</strong></span> <span class='ocrx_word' id='word_1_234' title='bbox 298 2628 414 2661; x_wconf 82' lang='lat' dir='ltr'><strong>Recte</strong></span> <span class='ocrx_word' id='word_1_235' title='bbox 437 2623 624 2657; x_wconf 82' lang='lat' dir='ltr'><strong>Gesnerus</strong></span> <span class='ocrx_word' id='word_1_236' title='bbox 645 2616 812 2653; x_wconf 79' lang='lat' dir='ltr'><strong>similem</strong></span> 
     </span>
     <span class='ocr_line' id='line_1_38' title="bbox 159 2676 809 2721; baseline -0.02 -1"><span class='ocrx_word' id='word_1_237' title='bbox 159 2682 371 2721; x_wconf 77' lang='lat' dir='ltr'><strong>formulam</strong></span> <span class='ocrx_word' id='word_1_238' title='bbox 403 2676 632 2714; x_wconf 83' lang='lat' dir='ltr'><strong>demonstrat</strong></span> <span class='ocrx_word' id='word_1_239' title='bbox 665 2686 735 2715; x_wconf 85' lang='lat'><strong>10,</strong></span> <span class='ocrx_word' id='word_1_240' title='bbox 771 2683 809 2717; x_wconf 88' lang='grc'><strong>7,</strong></span> 
     </span>
     <span class='ocr_line' id='line_1_39' title="bbox 166 2730 811 2791; baseline -0.017 -14"><span class='ocrx_word' id='word_1_241' title='bbox 166 2752 229 2791; x_wconf 84' lang='lat'><strong>19.</strong></span> <span class='ocrx_word' id='word_1_242' title='bbox 291 2740 337 2774; x_wconf 84' lang='lat' dir='ltr'><strong>In</strong></span> <span class='ocrx_word' id='word_1_243' title='bbox 377 2736 519 2772; x_wconf 80' lang='lat' dir='ltr'><strong>harum</strong></span> <span class='ocrx_word' id='word_1_244' title='bbox 559 2730 811 2770; x_wconf 80' lang='lat' dir='ltr'><strong>locutionum</strong></span> 
     </span>
    </p>
   </div>
   <div class='ocr_carea' id='block_1_5' title="bbox 866 1601 1521 2767">
    <p class='ocr_par' dir='ltr' id='par_1_6' title="bbox 866 1601 1521 2722">
     <span class='ocr_line' id='line_1_40' title="bbox 869 1601 1516 1651; baseline -0.005 -12"><span class='ocrx_word' id='word_1_245' title='bbox 869 1614 1003 1639; x_wconf 87' lang='lat' dir='ltr'><strong>neutra</strong></span> <span class='ocrx_word' id='word_1_246' title='bbox 1052 1601 1307 1651; x_wconf 84' lang='lat' dir='ltr'><strong>impersonale</strong></span> <span class='ocrx_word' id='word_1_247' title='bbox 1348 1601 1516 1638; x_wconf 85' lang='lat' dir='ltr'><strong>verbum</strong></span> 
     </span>
     <span class='ocr_line' id='line_1_41' title="bbox 867 1658 1516 1708; baseline 0 -14"><span class='ocrx_word' id='word_1_248' title='bbox 867 1661 1056 1708; x_wconf 83' lang='lat' dir='ltr'><strong>pervenire</strong></span> <span class='ocrx_word' id='word_1_249' title='bbox 1084 1659 1282 1707; x_wconf 82' lang='lat' dir='ltr'><strong>agnosces,</strong></span> <span class='ocrx_word' id='word_1_250' title='bbox 1334 1658 1400 1694; x_wconf 76' lang='lat' dir='ltr'><strong>vel</strong></span> <span class='ocrx_word' id='word_1_251' title='bbox 1431 1659 1516 1694; x_wconf 84' lang='lat' dir='ltr'><strong>sub-</strong></span> 
     </span>
     <span class='ocr_line' id='line_1_42' title="bbox 870 1716 1516 1764; baseline -0.003 -14"><span class='ocrx_word' id='word_1_252' title='bbox 870 1717 1001 1751; x_wconf 81' lang='lat' dir='ltr'><strong>audies</strong></span> <span class='ocrx_word' id='word_1_253' title='bbox 1023 1729 1088 1755; x_wconf 84' lang='lat' dir='ltr'><strong>res,</strong></span> <span class='ocrx_word' id='word_1_254' title='bbox 1123 1728 1200 1763; x_wconf 89' lang='lat' dir='ltr'><strong>quo</strong></span> <span class='ocrx_word' id='word_1_255' title='bbox 1224 1716 1396 1764; x_wconf 81' lang='lat' dir='ltr'><strong>expreffo</strong></span> <span class='ocrx_word' id='word_1_256' title='bbox 1419 1725 1516 1763; x_wconf 78' lang='lat' dir='ltr'><strong>opus</strong></span> 
     </span>
     <span class='ocr_line' id='line_1_43' title="bbox 872 1771 1520 1815; baseline -0.003 -8"><span class='ocrx_word' id='word_1_257' title='bbox 872 1783 972 1812; x_wconf 71' lang='lat' dir='ltr'><strong>erat,</strong></span> <span class='ocrx_word' id='word_1_258' title='bbox 1004 1771 1114 1807; x_wconf 82' lang='lat' dir='ltr'><strong>velut</strong></span> <span class='ocrx_word' id='word_1_259' title='bbox 1147 1771 1193 1813; x_wconf 86' lang='lat'><strong>6,</strong></span> <span class='ocrx_word' id='word_1_260' title='bbox 1227 1781 1272 1814; x_wconf 81' lang='lat'><strong>5,</strong></span> <span class='ocrx_word' id='word_1_261' title='bbox 1308 1780 1372 1815; x_wconf 90' lang='lat'><strong>51.</strong></span> <span class='ocrx_word' id='word_1_262' title='bbox 1431 1771 1520 1806; x_wconf 78' lang='lat' dir='ltr'><strong>Erit</strong></span> 
     </span>
     <span class='ocr_line' id='line_1_44' title="bbox 867 1827 1517 1876; baseline -0.003 -13"><span class='ocrx_word' id='word_1_263' title='bbox 867 1829 992 1876; x_wconf 84' lang='lat' dir='ltr'><strong>igitur</strong></span> <span class='ocrx_word' id='word_1_264' title='bbox 1012 1828 1140 1863; x_wconf 81' lang='lat' dir='ltr'><strong>nostro</strong></span> <span class='ocrx_word' id='word_1_265' title='bbox 1164 1828 1321 1876; x_wconf 87' lang='lat' dir='ltr'><strong>quidem</strong></span> <span class='ocrx_word' id='word_1_266' title='bbox 1349 1827 1437 1864; x_wconf 88' lang='lat' dir='ltr'><strong>loco</strong></span> <span class='ocrx_word' id='word_1_267' title='bbox 1460 1829 1517 1863; x_wconf 80' lang='lat' dir='ltr'><strong>vis</strong></span> 
     </span>
     <span class='ocr_line' id='line_1_45' title="bbox 866 1883 1518 1934; baseline -0.003 -15"><span class='ocrx_word' id='word_1_268' title='bbox 866 1884 934 1919; x_wconf 80' lang='lat' dir='ltr'><strong>illa</strong></span> <span class='ocrx_word' id='word_1_269' title='bbox 958 1898 976 1920; x_wconf 90' lang='lat' dir='ltr'><strong>e</strong></span> <span class='ocrx_word' id='word_1_270' title='bbox 997 1884 1198 1934; x_wconf 87' lang='lat' dir='ltr'><strong>prioribus</strong></span> <span class='ocrx_word' id='word_1_271' title='bbox 1222 1885 1299 1920; x_wconf 91' lang='lat' dir='ltr'><strong>huc</strong></span> <span class='ocrx_word' id='word_1_272' title='bbox 1329 1883 1518 1924; x_wconf 70' lang='lat' dir='ltr'><strong>vocanda,</strong></span> 
     </span>
     <span class='ocr_line' id='line_1_46' title="bbox 866 1940 1517 1989; baseline 0 -14"><span class='ocrx_word' id='word_1_273' title='bbox 866 1941 909 1975; x_wconf 91' lang='lat' dir='ltr'><strong>in</strong></span> <span class='ocrx_word' id='word_1_274' title='bbox 941 1941 1061 1976; x_wconf 80' lang='lat' dir='ltr'><strong>altero</strong></span> <span class='ocrx_word' id='word_1_275' title='bbox 1083 1940 1255 1989; x_wconf 77' lang='lat' dir='ltr'><strong>facilitas</strong></span> <span class='ocrx_word' id='word_1_276' title='bbox 1284 1950 1517 1988; x_wconf 68' lang='lat' dir='ltr'><strong>extempora-</strong></span> 
     </span>
     <span class='ocr_line' id='line_1_47' title="bbox 867 1997 1518 2047; baseline -0.002 -15"><span class='ocrx_word' id='word_1_277' title='bbox 867 1998 922 2033; x_wconf 82' lang='lat' dir='ltr'><strong>lis.</strong></span> <span class='ocrx_word' id='word_1_278' title='bbox 983 2000 1039 2032; x_wconf 91' lang='lat' dir='ltr'><strong>Ita</strong></span> <span class='ocrx_word' id='word_1_279' title='bbox 1061 1997 1175 2033; x_wconf 81' lang='lat' dir='ltr'><strong>simul</strong></span> <span class='ocrx_word' id='word_1_280' title='bbox 1191 2008 1368 2047; x_wconf 80' lang='lat' dir='ltr'><strong>apparet,</strong></span> <span class='ocrx_word' id='word_1_281' title='bbox 1399 2009 1518 2046; x_wconf 80' lang='lat' dir='ltr'><strong>quare</strong></span> 
     </span>
     <span class='ocr_line' id='line_1_48' title="bbox 866 2053 1519 2100; baseline -0.005 -11"><span class='ocrx_word' id='word_1_282' title='bbox 866 2054 1068 2090; x_wconf 82' lang='lat' dir='ltr'><strong>verbosior</strong></span> <span class='ocrx_word' id='word_1_283' title='bbox 1106 2054 1196 2089; x_wconf 82' lang='lat' dir='ltr'><strong>fieri</strong></span> <span class='ocrx_word' id='word_1_284' title='bbox 1225 2053 1409 2090; x_wconf 83' lang='lat' dir='ltr'><strong>maluerit</strong></span> <span class='ocrx_word' id='word_1_285' title='bbox 1442 2054 1519 2100; x_wconf 87' lang='lat' dir='ltr'><strong>Qu.</strong></span> 
     </span>
     <span class='ocr_line' id='line_1_49' title="bbox 869 2110 1519 2159; baseline -0.003 -13"><span class='ocrx_word' id='word_1_286' title='bbox 869 2123 985 2159; x_wconf 85' lang='lat' dir='ltr'><strong>quam</strong></span> <span class='ocrx_word' id='word_1_287' title='bbox 1046 2111 1225 2145; x_wconf 88' lang='lat' dir='ltr'><strong>omittere</strong></span> <span class='ocrx_word' id='word_1_288' title='bbox 1275 2110 1519 2145; x_wconf 88' lang='lat' dir='ltr'><strong>mentionem</strong></span> 
     </span>
     <span class='ocr_line' id='line_1_50' title="bbox 867 2165 1517 2216; baseline -0.003 -14"><span class='ocrx_word' id='word_1_289' title='bbox 867 2167 1000 2216; x_wconf 82' lang='lat' dir='ltr'><strong>ipfius,</strong></span> <span class='ocrx_word' id='word_1_290' title='bbox 1034 2180 1148 2215; x_wconf 85' lang='lat' dir='ltr'><strong>quam</strong></span> <span class='ocrx_word' id='word_1_291' title='bbox 1184 2179 1286 2201; x_wconf 89' lang='lat' dir='ltr'><strong>nunc</strong></span> <span class='ocrx_word' id='word_1_292' title='bbox 1318 2165 1517 2206; x_wconf 78' lang='lat' dir='ltr'><strong>tractabat,</strong></span> 
     </span>
     <span class='ocr_line' id='line_1_51' title="bbox 868 2222 1518 2269; baseline -0.003 -11"><span class='ocrx_word' id='word_1_293' title='bbox 868 2223 1029 2258; x_wconf 85' lang='lat' dir='ltr'><strong>virtutis</strong></span> <span class='ocrx_word' id='word_1_294' title='bbox 1050 2222 1252 2258; x_wconf 79' lang='lat' dir='ltr'><strong>oratoriae.</strong></span> <span class='ocrx_word' id='word_1_295' title='bbox 1295 2224 1400 2257; x_wconf 83' lang='lat' dir='ltr'><strong>Haec</strong></span> <span class='ocrx_word' id='word_1_296' title='bbox 1421 2234 1518 2269; x_wconf 89' lang='lat' dir='ltr'><strong>quo-</strong></span> 
     </span>
     <span class='ocr_line' id='line_1_52' title="bbox 869 2277 1516 2328; baseline -0.006 -13"><span class='ocrx_word' id='word_1_297' title='bbox 869 2293 993 2327; x_wconf 86' lang='lat' dir='ltr'><strong>usque</strong></span> <span class='ocrx_word' id='word_1_298' title='bbox 1016 2279 1220 2327; x_wconf 86' lang='lat' dir='ltr'><strong>pervenire</strong></span> <span class='ocrx_word' id='word_1_299' title='bbox 1243 2279 1377 2328; x_wconf 80' lang='lat' dir='ltr'><strong>poffet,</strong></span> <span class='ocrx_word' id='word_1_300' title='bbox 1395 2277 1516 2313; x_wconf 89' lang='lat' dir='ltr'><strong>osten·</strong></span> 
     </span>
     <span class='ocr_line' id='line_1_53' title="bbox 869 2334 1518 2383; baseline 0 -13"><span class='ocrx_word' id='word_1_301' title='bbox 869 2335 958 2370; x_wconf 86' lang='lat' dir='ltr'><strong>dere</strong></span> <span class='ocrx_word' id='word_1_302' title='bbox 992 2334 1170 2375; x_wconf 80' lang='lat' dir='ltr'><strong>volebat,</strong></span> <span class='ocrx_word' id='word_1_303' title='bbox 1209 2348 1290 2370; x_wconf 87' lang='lat' dir='ltr'><strong>non</strong></span> <span class='ocrx_word' id='word_1_304' title='bbox 1317 2334 1415 2383; x_wconf 90' lang='lat' dir='ltr'><strong>quid</strong></span> <span class='ocrx_word' id='word_1_305' title='bbox 1447 2334 1518 2370; x_wconf 89' lang='lat' dir='ltr'><strong>ho-</strong></span> 
     </span>
     <span class='ocr_line' id='line_1_54' title="bbox 868 2390 1518 2430; baseline -0.002 -4"><span class='ocrx_word' id='word_1_306' title='bbox 868 2392 970 2426; x_wconf 86' lang='lat' dir='ltr'><strong>mini</strong></span> <span class='ocrx_word' id='word_1_307' title='bbox 1056 2391 1222 2427; x_wconf 85' lang='lat' dir='ltr'><strong>studioso</strong></span> <span class='ocrx_word' id='word_1_308' title='bbox 1306 2390 1518 2430; x_wconf 76' lang='lat' dir='ltr'><strong>accideret3</strong></span> 
     </span>
     <span class='ocr_line' id='line_1_55' title="bbox 870 2446 1520 2496; baseline -0.003 -13"><span class='ocrx_word' id='word_1_309' title='bbox 870 2461 1092 2496; x_wconf 80' lang='lat' dir='ltr'><strong>quanquam</strong></span> <span class='ocrx_word' id='word_1_310' title='bbox 1123 2460 1183 2483; x_wconf 83' lang='lat' dir='ltr'><strong>res</strong></span> <span class='ocrx_word' id='word_1_311' title='bbox 1225 2448 1362 2484; x_wconf 89' lang='lat' dir='ltr'><strong>eodem</strong></span> <span class='ocrx_word' id='word_1_312' title='bbox 1390 2446 1520 2482; x_wconf 81' lang='lat' dir='ltr'><strong>redire</strong></span> 
     </span>
     <span class='ocr_line' id='line_1_56' title="bbox 868 2502 1520 2553; baseline -0.003 -15"><span class='ocrx_word' id='word_1_313' title='bbox 868 2504 989 2553; x_wconf 84' lang='lat' dir='ltr'><strong>potest</strong></span> <span class='ocrx_word' id='word_1_314' title='bbox 1017 2504 1159 2539; x_wconf 80' lang='lat' dir='ltr'><strong>videri.</strong></span> <span class='ocrx_word' id='word_1_315' title='bbox 1217 2506 1366 2542; x_wconf 83' lang='lat' dir='ltr'><strong>Verum</strong></span> <span class='ocrx_word' id='word_1_316' title='bbox 1394 2504 1445 2538; x_wconf 81' lang='lat' dir='ltr'><strong>sic</strong></span> <span class='ocrx_word' id='word_1_317' title='bbox 1471 2502 1520 2537; x_wconf 74' lang='lat' dir='ltr'><strong>aa</strong></span> 
     </span>
     <span class='ocr_line' id='line_1_57' title="bbox 870 2559 1521 2609; baseline -0.002 -14"><span class='ocrx_word' id='word_1_318' title='bbox 870 2559 1094 2609; x_wconf 83' lang='lat' dir='ltr'><strong>exemplum</strong></span> <span class='ocrx_word' id='word_1_319' title='bbox 1132 2571 1283 2595; x_wconf 82' lang='lat' dir='ltr'><strong>tantum</strong></span> <span class='ocrx_word' id='word_1_320' title='bbox 1321 2559 1521 2595; x_wconf 83' lang='lat' dir='ltr'><strong>recidebat</strong></span> 
     </span>
     <span class='ocr_line' id='line_1_58' title="bbox 869 2613 1520 2665; baseline -0.002 -14"><span class='ocrx_word' id='word_1_321' title='bbox 869 2617 932 2657; x_wconf 87' lang='lat' dir='ltr'><strong>id,</strong></span> <span class='ocrx_word' id='word_1_322' title='bbox 992 2617 1058 2652; x_wconf 80' lang='lat' dir='ltr'><strong>cui</strong></span> <span class='ocrx_word' id='word_1_323' title='bbox 1102 2616 1270 2665; x_wconf 82' lang='lat' dir='ltr'><strong>dignitas</strong></span> <span class='ocrx_word' id='word_1_324' title='bbox 1322 2613 1520 2665; x_wconf 84' lang='lat' dir='ltr'><strong>praecepti</strong></span> 
     </span>
     <span class='ocr_line' id='line_1_59' title="bbox 869 2672 1137 2722; baseline 0 -14"><span class='ocrx_word' id='word_1_325' title='bbox 869 2672 1137 2722; x_wconf 86' lang='lat' dir='ltr'><strong>quaerebatur.</strong></span> 
     </span>
    </p>

    <p class='ocr_par' dir='ltr' id='par_1_7' title="bbox 929 2726 1520 2767">
     <span class='ocr_line' id='line_1_60' title="bbox 929 2726 1520 2767; baseline -0.01 0"><span class='ocrx_word' id='word_1_326' title='bbox 929 2731 1056 2767; x_wconf 77' lang='lat' dir='ltr'><strong>Cicero</strong></span> <span class='ocrx_word' id='word_1_327' title='bbox 1074 2749 1131 2757; x_wconf 94' lang='lat'>—</span> <span class='ocrx_word' id='word_1_328' title='bbox 1149 2728 1418 2766; x_wconf 76' lang='lat' dir='ltr'><strong>Metrodorum</strong></span> <span class='ocrx_word' id='word_1_329' title='bbox 1438 2726 1520 2762; x_wconf 77' lang='lat' dir='ltr'><strong>Sce-</strong></span> 
     </span>
    </p>
   </div>
  </div>
 </body>
</html>
