1779 3062
287 165 381 210 162
599 162 675 209 M.
713 162 848 209 FAB.
887 163 1306 224 QUINTILIANI

285 291 444 342 mus?
505 292 731 355 Propter
768 305 902 354 quae
935 289 1080 337 idem
1109 290 1201 337 ille
1233 298 1410 338 tantus
1442 298 1644 338 amator

290 367 474 417 secreti
510 365 919 424 Demosthenes,
975 368 1034 416 in
1075 367 1262 422 litore,
1320 365 1378 413 in
1409 365 1559 430 quod.
1595 363 1652 413 se

291 444 523 495 maximo
550 461 671 492 cum
702 441 832 492 sono
865 441 1057 492 fluctus
1092 442 1340 498 illideret,
1374 443 1650 499 meditans,

297 519 664 570 consuescebat
729 521 1052 569 concionum
1107 518 1353 566 fremitus
1402 536 1515 567 non
1564 535 1652 566 ex-

221 623 271 660 5¹
297 596 588 666 pavescere.
667 598 1015 668 Illahquoque
1052 597 1259 644 minora
1282 593 1392 655 (sed
1430 596 1654 643 1111111111

300 674 490 724 studiis
541 691 767 740 parvum
822 673 919 739 est)
979 691 1089 722 11011
1147 671 1269 720 sunt
1317 671 1654 729 transeunda,

300 752 457 800 scribi
493 753 694 817 optime
733 752 896 807 ceris,
968 752 1025 798 in
1060 750 1255 813 quibus
1297 747 1552 796 facillima
1582 746 1655 796 est

303 830 439 877 ratio
468 827 711 877 delendi:
750 826 852 876 nisi
874 825 1013 876 forte
1033 826 1176 875 visus
1196 824 1468 876 infirmior
1490 841 1658 875 mem·

304 996 531 1032 mandemus.
772 1008 867 1044 quae
902 994 1011 1029 idem.
1053 994 1187 1029 Turic-
1228 993 1397 1043 quidem,
1447 1007 1467 1028 a
1500 993 1569 1028 sec.
1602 1004 1654 1028 m.

305 1053 405 1103 quod
435 1052 592 1101 quidem,
623 1061 661 1087 et
691 1051 741 1086 sic
775 1052 908 1099 Camp.
1134 1050 1137 1053 ’
1172 1053 1208 1084 in
1235 1050 1343 1098 quod.
1387 1050 1519 1085 Tui-ic.
1551 1048 1657 1084 Flor.

305 1108 434 1144 Guelf.
472 1109 605 1156 Camp.
637 1109 660 1144 i.
694 1121 765 1156 quo
807 1120 894 1142 cum
927 1106 1044 1142 Goth.
1073 1107 1177 1143 Voss.
1217 1122 1250 1142 1.
1283 1118 1318 1142 2.
1351 1106 1449 1145 Vall.
1488 1117 1524 1141 et
1559 1104 1657 1143 Jens.

305 1166 423 1201 Tarv.
447 1164 557 1199 Basil.
785 1163 840 1211 se.
874 1164 1007 1211 Camp.
1042 1163 1191 1198 omittit
1217 1176 1306 1197 cum
1329 1162 1447 1198 Goth.
1468 1161 1569 1199 Vall.

396 1222 570 1255 maximo.
601 1219 733 1256 Guelf.
764 1221 936 1254 maxime.
1181 1219 1352 1254 illideret.
1384 1217 1504 1253 Goth.
1536 1218 1658 1252 illide-

308 1286 443 1315 rentur,
472 1277 534 1311 sed
566 1291 584 1311 e
604 1276 708 1314 Voss.
735 1287 770 1311 2.
803 1275 1015 1314 illideretur,
1050 1285 1086 1309 et
1116 1275 1166 1309 sic
1197 1274 1298 1311 Van.
1320 1275 1418 1312 Jens.
1450 1287 1537 1308 cum
1573 1273 1656 1308 edd.

309 1333 469 1384 posterr.
499 1344 584 1368 ante
613 1331 702 1367 Ald.
737 1345 811 1367 acc.
845 1331 938 1366 Bad.
970 1331 1139 1366 illuderet
1179 1330 1284 1368 Voss'.
1313 1340 1348 1374 5.
1403 1343 1450 1365 an
1479 1343 1569 1365 cum
1601 1328 1658 1379 se,

311 1403 392 1425 11011
417 1389 570 1424 doceor.
591 1389 684 1425 vide
708 1396 743 1432 5,
783 1399 843 1429 14,
880 1393 943 1431 54.
977 1387 1176 1435 ablegante
1196 1389 1328 1423 Burin.

371 1454 438 1489 51.
468 1459 635 1494 parvum.
678 1445 810 1480 Turic.
849 1443 953 1479 Flor.
989 1444 1119 1491 Camp.
1152 1458 1285 1492 parum
1318 1457 1406 1479 cum
1443 1442 1545 1480 Alm.
1584 1443 1662 1479 Hic

313 1502 474 1552 quidem
517 1502 707 1536 maximae
762 1501 1001 1536 auctoritatis
1045 1500 1168 1535 libros
1213 1501 1424 1547 sequendos
1471 1501 1541 1535 effe
1582 1513 1663 1535 non

312 1558 461 1608 putavi.
521 1558 661 1605 Neque
693 1558 796 1592 enim
826 1557 1013 1605 probatus
1035 1556 1144 1591 vocis
1181 1570 1312 1603 parum
1335 1556 1586 1604 significatus,
1616 1556 1663 1590 de

314 1627 393 1664 quo
414 1614 506 1650 vide
533 1626 595 1653 10,
633 1628 666 1653 1,
704 1623 794 1656 150.
829 1623 865 1656 5,
906 1627 937 1651 1,
972 1620 1006 1656 5.
1055 1625 1087 1652 1,
1124 1626 1158 1651 1,
1200 1618 1276 1656 18.,
1308 1612 1436 1648 nostro
1460 1611 1548 1648 loeo
1572 1625 1662 1647 con-

315 1671 433 1719 gruit,
468 1681 506 1705 et
525 1669 758 1718 plerumque
780 1670 821 1704 in
843 1668 1033 1704 similibus
1059 1668 1105 1707 ei,
1136 1681 1232 1715 quae
1255 1669 1320 1703 hic
1341 1668 1552 1716 promitur,
1585 1669 1662 1703 sen-

314 1727 446 1763 tentiis
475 1728 584 1775 parvi
619 1726 778 1761 nomine
812 1726 936 1760 utitur
968 1736 1122 1764 auctor,
1154 1723 1265 1759 velut
1300 1740 1343 1765 1,
1384 1740 1426 1765 1,
1459 1732 1495 1768 8.
1529 1737 1592 1760 21.
1630 1738 1664 1765 1,

316 1791 353 1827 5,
379 1793 414 1826 7.
454 1798 487 1823 1,
522 1782 558 1823 6,
592 1793 656 1818 20.
693 1795 725 1821 1,
759 1793 794 1826 7,
826 1791 891 1825 55.
935 1783 1193 1828 comparatur
1214 1794 1374 1829 quoque
1396 1795 1562 1828 parvum,
1583 1795 1665 1817 non

312 1854 454 1888 parum,
478 1848 580 1874 recte
603 1839 814 1874 minoribus.
848 1840 1077 1886 Quanquam
1103 1837 1206 1872 dicat
1232 1836 1385 1885 aliquis,
1406 1852 1561 1885 parvum
1582 1839 1666 1873 sane

314 1892 385 1931 esse
406 1896 449 1930 in
472 1895 620 1935 studiis,
646 1894 751 1930 nihil
773 1906 901 1930 autem
925 1894 1032 1942 quod
1052 1894 1160 1928 nimis
1180 1907 1336 1941 parvum
1355 1894 1399 1929 sit
1420 1895 1446 1929 i.
1468 1907 1498 1929 e.
1521 1908 1666 1943 parum.

371 2026 645 2076 Demosthenes,
670 2030 707 2062 in
728 2028 853 2063 litore.
887 2025 960 2061 Διὰ

313 2087 350 2122 δὲ
400 2090 503 2120 τοῦτο
550 2083 621 2131 (τό
668 2082 962 2127 εὖκατάπληκτον

316 2139 433 2185 εἶναι)
497 2140 607 2184 φασὶν
664 2138 767 2175 αὐτὸν
828 2137 960 2186 οἷ’νεμου

316 2198 489 2249 ῥαγδαῖον
531 2200 707 2245 τηροῦντα
754 2195 811 2230 καὶ
851 2211 964 2231 mvnv-

317 2258 425 2301 μένην
471 2255 635 2301 σφοδρῶς
670 2252 730 2296 τὴν
765 2250 964 2291 θάλατταν,

313 2309 412 2359 παρὰ
444 2310 527 2350 τοὺς
554 2308 739 2358 αἰγιαλοὺς
763 2308 966 2352 βαδίζοντα,

315 2367 435 2415 λέγειν
457 2364 518 2400 καῖ
540 2365 589 2410 τῷ
606 2368 666 2409 τῆς
686 2361 867 2408 ,θαλάττης
885 2362 964 2411 ἤχῳ

317 2421 564 2467 συνεθίζεσθαι
622 2420 742 2471 φέρειν
789 2420 850 2461 τὰς
899 2425 962 2455 τοῦ

314 2478 429 2523 δῆμου
460 2475 651 2523 καταβοάς.
709 2478 898 2513 Libanius
920 2477 962 2511 in

316 2536 395 2570 vita
416 2536 532 2569 Dem.
564 2547 713 2575 ‚,—ex
738 2547 799 2568 me
824 2553 875 2560 —-
896 2533 963 2580 qui

314 2591 382 2630 „in
405 2589 648 2625 Phalericum
679 2591 794 2626 etiam
815 2589 962 2624 descen-

314 2646 489 2686 »ἀει-11111
555 2660 633 2693 quo
681 2648 724 2682 in
775 2646 865 2682 loco
916 2644 962 2679 ad

312 2699 502 2742 „fluctum
531 2702 641 2748 ajunt
674 2702 886 2739 declamare
905 2701 961 2737 so-

1014 2025 1157 2066 „litum
1177 2027 1503 2069 Demosthenem,
1533 2038 1578 2064 ut
1595 2028 1670 2063 fre·

1017 2084 1186 2122 „mitum
1218 2083 1438 2119 ass‘uescerct
1464 2097 1562 2120 voce
1582 2085 1669 2120 vin-

1015 2144 1174 2181 „cere.“
1222 2139 1302 2174 Cic.
1323 2139 1369 2174 de
1394 2140 1479 2175 Fin.
1505 2147 1540 2183 5,
1572 2149 1609 2176 2.

1077 2205 1143 2239 51.
1174 2208 1340 2243 parvum·
1363 2195 1453 2231 vide
1474 2206 1553 2231 not.
1581 2197 1668 2233 crit.

1069 2251 1183 2301 scribi
1197 2271 1247 2278 —-
1263 2252 1364 2286 ceris.
1404 2251 1670 2287 Necessarium

1021 2309 1201 2349 videtur,
1245 2308 1353 2354 quod
1378 2309 1422 2342 111
1451 2307 1545 2343 [010
1563 2309 1670 2347 Flor.

1023 2380 1042 2401 a
1064 2366 1131 2400 sec.
1163 2377 1282 2398 manu
1313 2365 1515 2400 invectum
1536 2365 1670 2406 video,

1022 2433 1067 2458 ut
1106 2420 1378 2469 praemittatur
1412 2422 1670 2469 praepositio:

1254 2477 1343 2514 Nisi
1385 2477 1486 2512 forte
1529 2477 1672 2513 vitavit

1020 2534 1217 2568 insuavem
1279 2533 1527 2568 iterationem

1021 2590 1152 2631 „ceris
1186 2591 1222 2623 in
1251 2589 1394 2637 quibus
1407 2595 1455 2630 “,
1486 2589 1592 2625 facili
1619 2590 1668 2625 ad

1020 2645 1328 2681 subaudiendum
1359 2645 1571 2695 particulae
1601 2646 1666 2682 ad·

1019 2712 1200 2749 jectioue.

1023 2481 1060 2512 in
1096 2479 1193 2513 ceris.

1592 2559 1616 2574 ,‚
1629 2535 1667 2567 in
