1779 3062
178 443 225 481 ⁵⁹

255 147 352 204 656
575 144 653 191 M.
691 145 834 193 ΕΑΒ,
864 145 1281 207 QmN'rthNt
1351 188 1353 190 ,

255 272 413 323 debet
449 271 644 321 habere
682 273 908 322 virtutes
943 270 1080 330 dico,
1117 288 1229 322 non
1264 274 1407 323 vitia.
1449 273 1591 324 Nam

254 349 516 417 imperitis
542 349 746 415 placere
768 342 1054 414 aliquando
1085 366 1218 414 quae
1243 350 1427 399 vitiosa
1453 350 1592 409 sunt,

254 426 374 476 scio.
416 429 539 494 Quo
579 422 827 477 different
865 427 1064 492 igitur?
1104 424 1310 496 Quodsi
1338 428 1475 477 mihi
1501 428 1595 478 des

253 503 537 555 confilium
556 502 800 563 iudicum
818 501 1132 570 sapientum,
1153 519 1411 569 perquam
1427 505 1596 554 multa

251 580 484 640 :ecidam
522 596 588 627 ex
625 580 955 630 orationibus
979 598 1090 631 non
1113 581 1384 630 Ciceronis
1414 580 1597 639 modo,

250 656 343 708 sed.
380 657 540 705 etiam
578 661 708 719 eius,
748 658 843 722 qui
884 656 957 707 est
996 656 1223 706 strictior
1254 658 1446 714 multo,
1489 660 1598 707 De-

251 733 556 785 mosthenis.
605 735 800 799 Neque
821 735 965 784 enim
989 730 1204 784 affectus
1229 735 1455 784 omnino
1480 750 1598 784 mo-

252 811 418 862 vendi
454 822 628 870 erunt,
665 828 762 862 nec
793 828 943 861 aures
972 810 1322 861 delectatione
1354 811 1597 860 mulcen-

252 889 376 948 dae,
427 905 551 937 cum
601 890 760 938 etiam
806 889 1084 954 prooemia
1131 887 1456 955 supervacua
1495 884 1594 936 ess'e

253 966 397 1033 apud
437 966 562 1015 tales
601 965 902 1015 Aristoteles
942 963 1226 1014 existimet:
1300 982 1416 1015 non
1449 966 1596 1015 enim

255 1045 534 1094 trahentur
576 1043 659 1093 his
698 1043 782 1091 illi
827 1042 1104 1110 sapientes:
1183 1044 1400 1109 proprie
1439 1053 1492 1092 et
1529 1040 1596 1091 si-

449 1201 607 1236 virtutes
635 1198 728 1239 dico,
760 1212 833 1234 non
861 1200 968 1235 vitia.
1015 1199 1079 1234 Sic
1109 1198 1240 1247 scripti
1271 1208 1309 1234 et
1339 1198 1438 1235 editi
1466 1211 1600 1236 omnes

256 1260 412 1306 (parum
439 1255 626 1303 diligente
655 1255 698 1289 in
728 1255 847 1291 Goth.
881 1266 919 1291 et
948 1256 1046 1295 Jens.
1065 1255 1249 1301 Gesnero)
1281 1266 1366 1291 ante
1398 1255 1603 1292 invectum

255 1313 358 1351 illud
398 1312 505 1361 quod
542 1310 779 1348 recentiores
811 1312 1055 1361 praeferunt,
1095 1310 1279 1359 quodque
1318 1324 1367 1347 ex
1403 1311 1462 1347 ed.
1496 1311 1601 1349 Rob..

255 1370 387 1419 Steph.
433 1374 551 1416 ²54²·
590 1367 763 1416 primum
798 1368 907 1404 affert
936 1368 1153 1404 Gibsonus:
1213 1370 1379 1404 virtutes.
1411 1381 1487 1407 non
1517 1369 1600 1405 dico
1656 1389 1659 1391 ·

255 1428 361 1465 nulla
388 1427 494 1462 vitia.
555 1427 699 1473 Sponte
730 1436 857 1461 autem
888 1435 991 1475 patet
1019 1423 1120 1460 illud
1151 1424 1224 1460 effe
1255 1438 1303 1460 ex
1338 1437 1448 1460 mero
1479 1426 1603 1461 corri-

254 1484 384 1534 gentis
414 1482 588 1519 arbitrio.
650 1482 871 1517 Set-:undum
910 1481 1016 1530 quod
1054 1481 1147 1516 haec
1187 1482 1277 1517 effet
1309 1494 1416 1518 mens
1448 1482 1603 1530 Quinti-

256 1540 366 1577 liani.
424 1538 591 1582 „Oratio
623 1538 778 1586 scripta,
839 1552 935 1587 quae
965 1537 1097 1574 eadem
1129 1537 1178 1573 est
1210 1551 1251 1573 ac
1279 1537 1432 1579 habita,
1478 1539 1528 1574 ob
1561 1538 1603 1574 id

218 1621 222 1622 γ
258 1597 412 1646 „ipsum
436 1595 546 1631 vitiis
575 1593 687 1642 plane
720 1595 908 1630 immunis
944 1594 1014 1629 effe
1045 1607 1125 1630 non
1146 1595 1290 1642 potest;
1352 1607 1439 1629 cum
1462 1595 1509 1630 ad
1529 1595 1602 1630 im-

259 1652 433 1702 „peritos
462 1651 605 1685 directa
637 1649 709 1686 ess‘e
730 1651 923 1698 potuerit,
953 1650 1094 1698 quibus
1124 1649 1277 1698 placent
1305 1649 1514 1699 aliquando
1543 1651 1603 1686 vi-

260 1709 380 1749 ,‚tio[a
411 1711 613 1756 quoque.“
643 1707 765 1754 Atqui
797 1706 932 1742 diserte
962 1716 1067 1741 vetat
1098 1707 1170 1754 Qu.
1201 1706 1234 1750 ὦ.
1263 1713 1330 1750 55.
1361 1706 1452 1742 talia
1481 1706 1602 1743 relin-

260 1777 380 1815 quere
408 1765 451 1798 in
483 1762 656 1799 oratione
686 1762 846 1811 scripta,
877 1776 952 1803 „ne
971 1762 1176 1797 videantur
1206 1762 1397 1810 propositi
1418 1763 1499 1803 effe,
1520 1775 1601 1800 non

260 1820 521 1871 „temporisstf
588 1818 713 1853 Aliter
747 1819 870 1867 igitur
910 1817 1117 1854 difficultas
1160 1819 1340 1866 antiquae
1379 1819 1602 1869 scripturae,

260 1890 378 1927 quam
407 1876 497 1912 ideo
524 1875 688 1916 reduxi,
720 1873 820 1911 solvi
849 1874 976 1912 debet.
1207 1873 1343 1925 vitiosa
1363 1874 1444 1925 sint
1467 1875 1603 1912 Tuxic.

259 1934 365 1971 Flor.

378 1997 443 2034 52.
505 1988 679 2037 different
708 2002 793 2037 ergo
819 1988 969 2026 Guelf.'
1180 1989 1243 2038 qui
1268 1986 1306 2036 si
1339 1989 1431 2024 mihi
1464 1987 1605 2038 Campi

255 2047 293 2099 si
321 2061 368 2085 m.
398 2046 517 2083 Goth.
547 2046 651 2085 Vols.
682 2055 719 2082 2.
759 2045 1009 2094 misericordes
1035 2058 1107 2094 pro
1140 2045 1231 2080 mihi
1259 2043 1322 2079 des
1341 2045 1444 2081 Flor.
1478 2045 1622 2081 suavi-'2

261 2116 331 2141 ter.
418 2104 597 2149 judicium
617 2100 844 2151 sapientium
862 2102 994 2137 Turic.
1016 2101 1120 2139 Flor.
1143 2099 1272 2137 Guelf.
1324 2100 1603 2149 1⁰.sap1fent1'um

262 2162 396 2211 Camp.
454 2157 680 2207 judicimus.
705 2160 802 2197 Jens.
836 2161 925 2204 (tac.
948 2159 1077 2202 Gesn.)
1307 2159 1452 2192 recitem
1468 2156 1597 2192 Guelf.

434 2218 514 2267 quis
543 2213 593 2264 est
619 2213 749 2264 siccior
783 2215 916 2250 Turic-
950 2215 1055 2251 Flor.
1110 2213 1244 2262 siccior
1264 2213 1395 2262 Camp.
1423 2213 1538 2249 etiam
1565 2223 1604 2248 et

262 2275 359 2314 Jens.
376 2275 465 2322 (tac.
479 2271 612 2321 Gesn.)
638 2282 852 2307 correctum
870 2272 948 2318 jam
967 2271 1010 2306 in
1023 2272 1136 2307 Tarv.
1197 2267 1455 2317 Demosthenes
1466 2270 1602 2318 Camp-

261 2332 500 2381 prophemiae
520 2328 771 2378 supervacuae
800 2326 904 2364 Flor·
970 2328 1159 2377 prohemio
1184 2326 1435 2376 supervacuae
1464 2326 1600 2375 Camp-

261 2389 491 2436 prooemium
508 2384 775 2435 supervacuum
801 2384 899 2425 Jens.
929 2398 1018 2420 cum
1041 2384 1134 2433 post.
1168 2394 1252 2419 ante
1275 2382 1367 2418 Bad.
1426 2379 1603 2430 Aristote-

258 2444 316 2480 les
339 2442 411 2494 effe
440 2454 495 2480 ex.
529 2441 658 2478 Guelf.
887 2441 943 2478 his
973 2441 1050 2478 illis
1076 2439 1241 2490 absentes
1276 2437 1404 2475 Guelf.
1432 2451 1464 2475 c.
1495 2437 1599 2475 Alm.

263 2577 336 2614 illo
367 2577 474 2627 quasi
501 2590 571 2631 per
606 2577 801 2628 pudorem
834 2577 907 2614 cir·
1003 2572 1602 2629 52.pusillum—sapientum.cf.

265 2635 376 2670 cuitu
396 2635 532 2677 utitur,
563 2648 679 2686 quem
705 2635 907 2673 continent
963 2641 1003 2677 2,
1030 2643 1093 2677 17,
1117 2639 1182 2678 23.
1217 2641 1253 2676 3,
1275 2638 1314 2678 3,
1338 2641 1377 2668 2.
1405 2636 1445 2679 4,
1477 2645 1512 2673 1,
1536 2638 1603 2666 ει.

264 2690 322 2738 §§·
343 2699 461 2735 52·-
477 2698 542 2737 55·
1019 2687 1354 2743 Aristoteles-hvid.
1378 2693 1416 2733 4.
1448 2700 1484 2730 1,
1505 2695 1569 2730 72.
