1779 3062
451 154 618 204 1Ns‘r.
657 153 941 202 ORATOR.
974 155 1095 201 Lm.
1132 155 1232 214 xx,
1273 167 1318 201 1.

191 287 566 338 obtrectatores
597 282 724 349 plus
754 280 995 331 vindicat
1013 281 1132 339 fibi,

188 362 420 422 tuenda,
483 378 609 410 cum
652 360 1028 421 objicerentur.

1455 164 1556 216 241

1211 286 1378 333 Erant
1408 284 1556 333 enim

1129 364 1192 410 In
1231 360 1556 411 carminibus
1579 369 1636 414 24

181 443 388 492 utinam
407 435 735 508 pepercisset,
748 454 886 504 quae
906 455 1022 487 non
1043 437 1317 488 desierunt
1341 456 1556 507 carpere

179 519 420 585 maligni,

313 624 494 667 Cedant
512 637 640 666 arma
658 631 816 678 togae,
849 622 1067 664 concedat
1087 623 1239 664 laurea
1263 623 1454 676 linguae,

183 697 238 737 et

312 761 357 804 0
365 755 664 820 fortunatam
685 769 841 803 natam
863 775 931 802 me
947 753 1124 818 consule
1147 759 1352 800 Romam.

273 890 402 928 Erant
422 910 478 919 —-
499 891 759 937 objicerentur.
791 891 926 928 Turio.
957 899 1038 927 erat
1059 909 1116 917 --
1137 889 1353 926 obiceretur.

276 955 342 996 24.
387 948 514 984 laurea
544 949 709 996 linguae.
758 950 893 987 Turic-
925 948 1032 984 Flor.
1081 947 1250 983 laudare.
1301 944 1373 980 Ille
1400 945 1560 993 subjicit

187 999 231 1044 ai*
263 1005 414 1048 linuae,
462 1005 643 1041 criticam
680 1008 976 1044 annotationem
1004 1004 1072 1051 (cf.
1108 1016 1181 1045 10,
1230 1015 1277 1050 7,

184 1129 440 1181 praecedente
472 1127 647 1179 oppreffa
676 1133 848 1177 conjura-

184 1190 320 1223 tione?
372 1187 457 1223 Nec
502 1187 695 1237 pluralem
728 1188 846 1224 illum

182 1244 297 1280 facile
318 1256 535 1292 concoquo,
561 1244 756 1280 Erant—
782 1246 846 1280 ol>-

179 1302 394 1347 jicerentur.

184 1357 300 1393 haec:
356 1357 474 1398 „[ed“
519 1357 718 1406 (intellige
761 1373 845 1394 eam

184 1415 213 1452 i.
238 1415 454 1463 oppressam
481 1415 600 1460 conj.)
622 1416 772 1455 „modo
792 1435 849 1444 —-

183 1471 382 1520 „affignat.
427 1470 663 1519 Plerumque
687 1492 738 1501 —
758 1474 847 1507 vin-

187 1529 330 1570 „dicat-
358 1547 415 1556 -·-
471 1530 565 1563 Erat
583 1547 638 1555 -·
661 1529 848 1575 objicere-

184 1591 321 1627 „tur.“
351 1596 396 1621 ut
423 1586 568 1621 iterum
599 1585 847 1634 intelligatur

187 1640 360 1692 oppreffa
382 1644 477 1686 conj.
509 1642 556 1677 cf.
578 1653 676 1677 nott.
699 1639 801 1679 critt.

246 1706 312 1742 24.
344 1701 389 1734 In
411 1698 643 1734 carminibus.
702 1700 845 1749 Aptius

181 1756 344 1793 videtur
382 1757 479 1791 strui
526 1755 662 1795 locus,
711 1757 847 1792 omiss'a

180 1813 494 1862 praepositione,
540 1823 588 1847 ut
625 1815 848 1849 carminibus

182 1871 257 1911 fiat
284 1870 462 1909 dativum
494 1882 622 1917 neque
659 1871 764 1905 enim
794 1871 847 1906 fa-

183 1926 257 1962 cile
288 1925 552 1974 intelligitur,
591 1927 655 1962 cui
691 1927 848 1963 tandem

186 1983 248 2019 rei
287 1996 439 2032 parcere
480 1983 663 2019 debuerit
696 1984 848 2026 Cicero,

159 2040 262 2080 ,nisi
290 2040 392 2076 forte
415 2038 497 2089 suis
530 2040 728 2080 laudibus,
786 2042 851 2076 sed

186 2110 307 2133 nemo
338 2096 428 2132 talia
458 2097 598 2134 lectori
619 2097 851 2133 subaudien-

186 2155 236 2190 da
255 2153 475 2202 reliquerit.
533 2155 676 2192 Versus
707 2153 772 2189 illi
792 2166 851 2192 tot

187 2210 396 2247 calumniis
433 2211 745 2247 adversariorum
779 2212 849 2248 ob-

188 2269 309 2304 noxii
328 2279 524 2317 praeterea
542 2267 730 2316 leguntur
753 2269 850 2305 alter

190 2326 294 2374 apud
317 2326 445 2374 ipsum
466 2325 547 2360 Cic.
570 2327 617 2360 In
638 2326 709 2362 Pis.
734 2339 765 2363 c.
780 2335 846 2370 50.

190 2393 231 2417 et
260 2381 433 2431 Philipp.
467 2392 516 2424 2,
548 2388 586 2427 8.
618 2381 714 2418 alter
746 2383 848 2433 apud
880 2391 887 2395 “

183 2438 420 2477 juvenalem
749 2441 848 2476 item

188 2495 365 2530 nostrum
391 2507 438 2543 9,
473 2506 516 2539 a,
550 2502 615 2539 41.
674 2497 760 2532 Effe
784 2498 848 2533 de·

186 2562 367 2602 promtos
401 2565 448 2586 ex
484 2553 655 2590 carmine
682 2553 849 2590 heroico

188 2608 330 2658 devsuo
370 2607 565 2658 consulatu
597 2610 664 2646 vel
701 2611 748 2646 de
769 2610 851 2660 suis

190 2666 443 2715 temporibus,
509 2667 596 2703 satis
677 2679 849 2717 apparet.

187 2723 273 2760 Nec
317 2723 471 2768 dubito,
503 2724 604 2774 quin
648 2723 693 2761 hi
739 2724 850 2763 tituli

252 2781 359 2818 Tom.
391 2782 458 2818 IV.

468 2451 516 2475 10
531 2465 543 2480 ,
599 2449 691 2476 122.

1329 1004 1441 1051 29.);
1491 1003 1560 1040 hio

905 1130 982 1166 [int
1019 1130 1196 1177 ejusdem
1240 1128 1395 1178 operis,
1473 1142 1563 1166 cum

906 1188 1113 1224 Manutius
1184 1187 1332 1222 diversa
1393 1187 1564 1223 carmina

905 1245 1100 1280 existimet
1126 1246 1174 1280 ad
1206 1243 1402 1280 Familiar.
1439 1257 1481 1285 1,
1525 1258 1561 1293 9.

479 1301 541 1337 An
605 1314 844 1349 reponemus
902 1315 942 1351 p.
966 1303 1106 1337 Graev.
1131 1313 1196 1349 91.
1230 1300 1448 1337 Nihildum
1472 1314 1565 1337 con-

904 1358 1041 1394 didisse
1075 1357 1122 1393 de
1151 1357 1269 1394 rebus
1299 1357 1374 1392 suis
1405 1358 1565 1394 Cicero-

905 1428 1017 1455 nem,
1052 1426 1182 1463 aperte
1223 1412 1371 1462 colligo
1404 1428 1452 1449 ex
1481 1417 1565 1465 epi-

906 1471 999 1508 stola
1026 1472 1073 1507 ad
1103 1473 1319 1518 Lucceium
1346 1471 1499 1508 famili.
1525 1481 1563 1516 5,

913 1538 976 1565 12.
1025 1541 1122 1576 quae
1171 1530 1311 1577 scripta
1362 1529 1413 1563 est
1461 1528 1564 1566 Coff.

905 1585 1078 1621 Lentulo
1114 1585 1350 1621 Marcellino
1390 1596 1427 1621 et
1458 1587 1564 1621 Mar-

907 1643 970 1678 cio
1000 1641 1189 1691 Philippo
1229 1644 1276 1678 A.
1307 1643 1355 1680 V.
1389 1641 1431 1677 C.
1470 1643 1565 1691 697.

907 1699 1025 1747 Quod
1069 1699 1230 1734 tertium
1268 1699 1386 1749 ponit
1424 1700 1565 1742 noster,

904 1756 1080 1792 numeris
1113 1757 1318 1798 resolutis,
1347 1770 1395 1792 ex
1426 1758 1567 1794 eodem

908 1827 1027 1862 opere
1051 1814 1281 1862 decerptum
1300 1812 1414 1851 facile
1437 1816 1568 1855 credo,

907 1870 1036 1905 miror
1060 1881 1200 1911 tamen,
1235 1884 1353 1919 quare
1380 1871 1570 1907 maluerit

911 1928 987 1974 Qu.
1039 1927 1231 1963 destruere
1281 1939 1417 1964 metra.
1478 1930 1571 1964 Huc

910 1996 1071 2032 quoque
1117 1983 1271 2033 aliquid
1318 1999 1366 2020 ex
1394 1985 1463 2020 illa
1492 1998 1568 2034 pro

911 2041 1032 2077 domo
1059 2042 1239 2077 oratione
1263 2043 1568 2078 coniertGesne·

908 2111 996 2138 rus,
1044 2112 1116 2134 nec
1153 2109 1282 2135 tamen
1323 2100 1408 2135 satis
1445 2100 1570 2135 mani-

908 2155 1002 2191 festo
1025 2168 1114 2190 cum
1135 2156 1275 2192 nostris
1297 2157 1566 2203 conjunctum.

910 2225 1000 2248 cum
1034 2213 1095 2248 ibi
1135 2226 1168 2251 c.
1206 2221 1271 2258 54.
1312 2213 1477 2250 Clodius
1512 2214 1567 2249 ir-

908 2270 1038 2305 ridere
1069 2270 1256 2318 fingatur,
1291 2271 1399 2319 quod
1426 2270 1568 2307 Cicero

907 2325 1028 2362 soleat
1069 2328 1210 2367 dicere,
1242 2329 1276 2363 se
1305 2329 1448 2367 ,Iovem
1482 2328 1568 2368 effe,

909 2384 1136 2420 Minervam
1201 2396 1332 2420 autem
1395 2386 1572 2420 sororenr

906 2441 1025 2476 suam.
1088 2442 1168 2489 Qui
1195 2442 1269 2477 [int
1289 2443 1438 2482 Graeci,
1471 2454 1571 2490 quo-

906 2511 997 2533 rum
1033 2498 1211 2548 exempla
1248 2499 1398 2534 secutus
1429 2499 1475 2534 [it
1505 2498 1568 2534 Ci-

908 2567 1022 2595 eer0‚
1055 2567 1137 2590 non
1172 2556 1354 2604 equidem
1382 2555 1564 2591 dixerim.

906 2610 1077 2647 Pericles
1109 2612 1215 2647 enim
1247 2611 1318 2648 ille
1350 2612 1566 2662 Olympius

908 2668 1107 2717 etAspal‘ia
1119 2671 1225 2707 Juno
1248 2669 1316 2715 (cf.
1330 2678 1368 2710 2,
1392 2670 1455 2711 16,
1483 2671 1566 2717 19·)

905 2725 988 2761 huc
1038 2726 1163 2765 facere
1213 2738 1293 2762 non
1357 2727 1566 2764 videntur:

1060 2785 1092 2832 Q
