1779 3062
126 562 412 613 xosofectius
428 564 450 610 2

464 128 628 190 INST.
667 113 1103 175 ORATORqLIB.
1141 106 1253 185 XII,
1295 145 1335 177 1.
1469 139 1567 191 497

219 256 316 314 est3
349 252 460 321 ipse
492 254 650 302 etiam
678 257 756 306 M.
779 255 994 304 Tullius
1021 257 1228 319 quaerit
1250 255 1419 304 adhuc
1438 273 1570 320 eum,

219 344 270 382 et
293 342 500 380 tantum
527 332 849 395 imaginatur
873 349 929 380 ac
960 330 1147 397 fingit:
1200 350 1297 397 ego
1327 351 1438 383 non
1475 351 1568 383 au-

217 410 370 458 deam
398 408 597 464 dicere,
638 407 843 470 aliquid
885 411 943 456 in
985 408 1110 467 hac,
1149 427 1285 474 quae
1317 409 1567 477 superest,

217 487 519 535 aeternitate
540 485 774 532 inveniri
796 481 937 547 poffe
958 501 1038 543 eo,
1072 486 1223 550 quod
1247 486 1425 545 fuerit,
1448 505 1566 552 per-

211 639 482 690 mostheni
515 655 583 687 ne
621 640 679 686 in
716 638 1019 702 eloquentia
1052 640 1274 702 quidem
1317 641 1437 690 satis
1472 643 1567 690 tri-

212 719 416 768 buunt:
499 732 805 779 quanquam
838 731 1013 779 neque
1046 715 1143 780 ipsi
1179 717 1430 766 Ciceroni
1459 721 1566 766 De-

211 794 516 844 mosthenes
539 792 786 841 videatur
805 791 924 840 satis
948 788 1045 838 effe
1071 792 1362 856 perfectus,
1401 812 1565 860 quem

210 874 495 922 dormitare
518 871 735 918 interim
758 869 911 927 dicit3
954 885 1051 917 nec
1064 869 1252 917 Cicero
1266 873 1430 920 Bruto
1444 873 1565 921 Cal-

211 966 418 1014 voque,
459 948 555 1011 qui
587 956 725 994 certe
753 945 1194 1011 compositionem
1227 946 1375 997 illius
1403 949 1564 998 etiam

211 1025 357 1092 apud
390 1023 566 1092 ipsum
599 1023 1028 1089 repreliendunt3
1076 1040 1175 1071 nec
1214 1021 1397 1072 Asinio
1429 1027 1564 1074 utri-

211 1120 347 1169 que,
397 1103 492 1166 qui
530 1101 659 1150 vitia
692 1101 946 1151 orationis
987 1103 1100 1161 ejus
1145 1101 1301 1148 etiam
1346 1103 1563 1152 inimice

209 1180 458 1248 pluribus
474 1179 603 1227 locis
619 1176 988 1242 insequuntur.
1034 1177 1403 1228 concedamus
1426 1178 1563 1238 sane,

210 1257 363 1322 quod.
399 1257 623 1306 minime
660 1266 849 1304 natura
884 1256 1111 1321 patitur,
1151 1266 1426 1321 repertum
1464 1255 1564 1307 effe

298 1440 362 1467 22.
394 1442 460 1468 aut
480 1433 584 1468 Dem.
612 1433 744 1481 Camp.
770 1434 807 1467 in
827 1432 1061 1479 eloquentiae
1093 1431 1226 1468 Ambr.
1254 1441 1288 1468 2.
1313 1431 1563 1480 satis—De-

210 1485 414 1537 mosthenes
445 1503 520 1526 orn.
550 1489 678 1524 Guelf.
708 1503 755 1524 ex
784 1488 1090 1529 homoeoarcto,
1121 1501 1208 1523 nam
1242 1501 1339 1535 quae
1369 1490 1562 1525 continuo

209 1546 424 1593 sequuntur
452 1547 505 1581 ita
531 1546 591 1580 ibi
620 1545 844 1593 transposita
874 1545 1081 1591 leguntur:
1134 1544 1233 1592 satis
1262 1545 1433 1580 videatur
1468 1545 1562 1595 effe,

207 1612 251 1637 ut
273 1612 311 1637 et
335 1602 377 1637 in
399 1603 515 1638 Goth.
541 1603 640 1640 Jens.
675 1600 764 1648 (tac.
792 1602 937 1645 Gesn.).
974 1600 1070 1648 satis
1102 1600 1269 1635 secundo
1295 1600 1384 1636 loco
1411 1603 1564 1638 omittit

209 1659 306 1694 Obr.
342 1660 524 1694 interdum
542 1660 674 1707 Camp.
699 1657 931 1707 reprehendit
955 1657 1088 1692 Turio.
1113 1657 1216 1692 Flos.
1269 1656 1407 1692 Solum
1434 1669 1563 1694 tamen

204 1715 520 1763 reprehensorem
551 1715 713 1751 Calvum
739 1715 939 1763 agnoscere
972 1727 1052 1749 non
1081 1712 1217 1760 placet.
1279 1714 1364 1748 Nec
1393 1714 1563 1751 insolens

205 1771 449 1819 corruptela3
484 1772 530 1807 cf.
559 1781 595 1814 5.
620 1771 656 1812 6,
684 1780 747 1814 52.
1031 1768 1198 1817 pluribus
1225 1769 1326 1806 iocis.
1392 1770 1455 1806 Sic
1483 1772 1564 1807 Tu·

205 1827 276 1864 ric.
299 1827 401 1863 Flor.
425 1828 557 1865 Ambr.
584 1838 620 1862 2.
654 1830 691 1863 in
709 1828 882 1863 inserunt
903 1826 1062 1875 reliqui.

291 1915 356 1949 25.
407 1910 563 1955 patitur.
624 1907 686 1942 Sic
724 1908 856 1942 Turio.
891 1905 993 1942 Flor.
1029 1904 1162 1941 Ambr.
1201 1914 1237 1942 2.
1281 1904 1408 1941 Guelf.
1442 1907 1562 1945 Goth.

200 1964 301 2002 Jens.
334 1965 423 2008 (tac.
458 1965 597 2011 Gesn.)
638 1965 770 2011 Camp.
810 1976 899 1998 cum
932 1962 1031 1996 Alm.
1069 1963 1172 2000 Vols.
1211 1972 1246 1998 2.
1290 1973 1326 1997 et
1357 1962 1442 1999 edd.
1472 1975 1561 2000 ante

203 2019 352 2070 Gryph.
385 2022 556 2069 patiatur
588 2020 748 2069 reliqui.
780 2021 837 2055 Cf.
871 2023 902 2068 ς.
937 2031 974 2067 9.
1008 2019 1047 2053 iel
1080 2017 1397 2069 quod—potest.
1457 2021 1561 2056 Mox

914 2166 1051 2208 „filio³
1093 2180 1261 2215 quoi-um
1290 2165 1356 2200 hic
1386 2167 1433 2201 de
1464 2179 1562 2203 corn·

913 2226 1136 2272 „paratione
1160 2227 1282 2270 patris
1311 2233 1346 2257 ec
1376 2225 1563 2260 Ciceronis

263 2177 330 2205 22.
391 2170 564 2205 Ciceroni
593 2165 856 2216 Demosthenes

197 2220 259 2254 '-
272 2226 483 2262 dormitare.
518 2226 690 2262 Verbum
707 2227 752 2261 ab
774 2227 854 2260 Ho-

529 565 762 610 Transeo
790 561 938 618 illos,
977 564 1067 624 qui
1094 563 1342 613 Ciceroni
1380 582 1437 612 ac
1459 566 1576 620 De-⁴

205 2283 306 2319 ratio
355 2283 402 2317 ad
443 2283 674 2318 Ciceronem
726 2283 854 2318 secure

206 2337 447 2375 translatum.
481 2339 528 2375 cf.
567 2353 629 2382 10,
668 2354 702 2382 1,
739 2346 803 2383 24.

207 2414 210 2416 ·
268 2397 394 2431 Cicero
436 2397 552 2431 Bruto
589 2397 853 2446 Calvoque—

207 2452 308 2500 apud
330 2450 456 2499 ipsum.
486 2453 530 2487 cf.
558 2464 592 2498 9,
618 2459 653 2497 4,
687 2467 720 2490 1.
775 2455 851 2501 Ap-

206 2519 315 2557 paret
332 2508 457 2555 igitur
476 2509 776 2557 compositionem
788 2510 854 2544 hic

209 2565 281 2599 effe
311 2577 494 2600 numeros
522 2567 735 2607 oratorios,
776 2579 855 2616 quo

206 2620 273 2656 vel
294 2632 387 2657 certe
409 2620 510 2656 illud
533 2622 702 2660 deducit.

264 2678 396 2728 Asinio
441 2680 594 2729 utrique.
654 2681 788 2721 „Patri
820 2690 857 2716 et

269 2759 377 2795 Torn.
407 2760 430 2795 Ι
433 2758 476 2795 V.

911 2280 1062 2321 „libros
1104 2280 1228 2316 edidit
1266 2280 1385 2314 lectos
1430 2278 1560 2316 Plinio

912 2337 1045 2386 „epist
1081 2347 1116 2379 7,
1138 2344 1176 2383 4,
1201 2344 1234 2380 4.
1269 2347 1305 2371 et
1324 2336 1510 2371 refutatos
1541 2351 1562 2371 a

911 2394 1109 2436 „Claudio
1132 2397 1226 2441 Imp.
1255 2393 1342 2427 teste
1373 2394 1503 2427 Sueto.
1528 2405 1560 2430 c.

910 2458 1006 2496 „4¹-
1034 2451 1130 2486 Add.
1155 2449 1251 2487 Gell,
1278 2458 1338 2488 17,
1366 2455 1436 2482 1.“
1476 2449 1562 2484 Ges-

913 2520 1040 2542 nerus.
1093 2506 1380 2554 Iniquissimum
1405 2505 1561 2540 Cicero-

914 2565 974 2600 nis
1027 2563 1328 2599 obtrectatorem
1382 2560 1562 2596 Asinium

914 2619 1136 2656 Pollionem
1160 2619 1322 2655 ostendit
1342 2614 1481 2653 Seneca
1496 2631 1563 2666 pa-

916 2688 974 2714 ter
1006 2678 1155 2714 Suasor.
1191 2676 1226 2712 6.

1056 2757 1101 2790 Ii

1596 1191 1645 1228 23
