1779 3062
424 150 589 196 INST.
628 151 910 199 ORATOR.
945 155 1068 201 Llss.
1106 156 1205 213 XI,
1257 169 1299 201 1.
1440 154 1539 209 265

178 278 503 346 supererant,
545 278 731 327 divine
759 279 948 328 Cicero
974 278 1217 330 servavit.
1282 283 1542 341 Primum,
1612 303 1618 310 '·

178 374 247 406 ne
284 355 689 405 oblivisceretur
729 358 1084 415 reverentiae,
1142 377 1275 424 quae
1310 362 1542 428 parenti-

178 435 280 483 bus
306 434 554 483 debetur:
599 433 795 482 deinde
815 444 891 492 ut,
913 438 1153 500 repetitis
1177 438 1333 487 altius
1358 437 1542 497 causis,

180 511 566 577 diligentiffime
600 511 915 569 ostenderet,
955 530 1112 577 quam
1149 515 1224 572 id,
1267 516 1417 580 quod
1435 528 1544 565 erat

177 591 238 638 in
258 601 479 638 matrem
505 589 897 648 dicturus‚non
923 601 1194 654 oporteret
1216 593 1380 642 modo
1404 592 1543 652 fieri,

178 665 269 715 sed
311 669 470 716 etiam
510 665 710 716 neceffe
752 665 885 716 effet.
967 669 1252 734 Primaque
1300 671 1429 719 haec
1460 689 1544 719 ex·
1569 683 1621 728 65

168 744 373 811 ,positio
403 744 524 804 fuit,
564 763 873 811 quanquam
913 744 979 793 ad
1014 746 1344 811 praesentem
1385 767 1547 813 quae-r

180 821 407 872 stionem
430 824 570 872 nihil
595 825 904 890 pertinebat.
931 823 1063 873 adeo
1086 825 1144 873 in
1171 824 1320 873 causa
1343 825 1550 875 difficili

90 912 169 953 975
184 911 341 965 atque
374 902 620 968 perplexa
655 903 796 951 nihil
829 903 979 969 prius
1023 903 1348 952 intuendum
1382 904 1552 952 credi-

181 978 276 1036 dit,
317 997 477 1044 quam
501 980 634 1044 quid
664 980 885 1029 deceret.
968 982 1112 1028 Fecit
1144 983 1322 1045 itaque
1347 999 1551 1031 nomen

178 1059 415 1124 parentis
452 1075 565 1107 non
598 1056 720 1109 filio
755 1056 1119 1117 invidiosum,
1179 1058 1271 1108 sed
1301 1059 1430 1126 ipsi,
1489 1062 1550 1108 in

181 1153 343 1200 quarn
385 1135 673 1185 dicebatur.
801 1136 967 1187 Potest
1023 1148 1202 1186 tamen
1258 1138 1548 1203 aliquando
1574 1151 1626 1199 64

180 1224 349 1261 mater
370 1224 421 1262 et
440 1213 498 1261 in
520 1231 576 1261 re
597 1215 805 1263 leviore
827 1226 914 1263 aut
947 1216 1129 1264 minus
1162 1214 1350 1263 infesta
1370 1228 1553 1265 contra

183 1289 365 1340 filiurn
411 1290 571 1340 stare:
651 1302 771 1340 tum
815 1293 990 1341 lenior
1031 1303 1190 1356 atque
1236 1292 1553 1343 summiffior

185 1368 394 1417 decebit
426 1370 609 1418 oratio.
729 1370 873 1418 Nam
907 1380 957 1418 et
994 1368 1388 1429 spfisfaciendo,
1462 1381 1554 1421 aut

184 1445 416 1495 nostram
454 1448 764 1496 minuemus
811 1448 1101 1506 invidiam,
1165 1458 1256 1496 aut
1300 1450 1458 1497 etiam
1494 1451 1554 1498 in

187 1522 456 1573 diversum
501 1540 617 1571 eam
658 1524 1063 1574 transferemus:
1133 1536 1183 1573 et
1229 1524 1272 1573 si
1322 1528 1555 1591 graviter

187 1601 370 1651 dolere
402 1600 582 1650 filium
623 1603 801 1668 palam
844 1601 1037 1660 fuerit,
1099 1603 1347 1652 credetur
1389 1602 1554 1652 abesse

188 1681 250 1729 ab
303 1697 368 1730 eo
429 1681 642 1747 culpam
667 1718 681 1738 ‚
759 1679 966 1748 fietque
1024 1681 1170 1730 ultro
1224 1680 1553 1732 miserabilis.

275 1874 339 1910 62.
362 1871 538 1922 serbavit.
563 1871 668 1908 Flor.
691 1870 882 1921 servabit,
910 1871 1016 1907 idem
1040 1886 1135 1908 mox
1159 1887 1234 1910 nec.
1252 1872 1301 1922 efi
1322 1876 1359 1920 (a
1377 1889 1434 1925 pr.
1457 1878 1553 1920 m.);

188 1930 330 1966 deinde

278 1989 341 2031 63.
395 1986 529 2022 Tul-ic.
578 1987 796 2035 pertinebit,
854 1987 959 2023 Flor.
1003 1989 1050 2032 (a
1082 2001 1141 2037 pr.
1172 1992 1253 2033 m.)
1292 1989 1428 2025 diceret
1468 2003 1556 2026 cum

166 2044 319 2082 'Guelfi
350 2046 443 2079 Exc.
478 2045 631 2081 Samen.

277 2102 341 2146 64.
373 2098 519 2148 infesta.
554 2103 687 2137 Turic.
719 2101 823 2138 flor.
857 2103 993 2139 Ambr.
1021 2113 1056 2138 2.
1100 2103 1229 2141 Guelf.
1261 2105 1392 2152 Camp.
1427 2102 1558 2152 infeste

190 2151 416 2196 cum‘Voff.
447 2168 484 2202 5.
519 2161 672 2200 (Turic.
705 2160 804 2197 Jens.
834 2173 902 2208 per
933 2161 1026 2204 ΑΕ)
1056 2162 1277 2209 corrigente
1308 2163 1385 2208 jam
1417 2162 1557 2209 Regio-

189 2219 252 2254 Au
278 2216 409 2252 voluit
429 2217 658 2265 ambiguum
679 2216 816 2258 vitare,
851 2219 941 2266 quia
961 2229 1111 2267 poterat
1132 2218 1305 2267 intelligi
1329 2218 1521 2254 ablativus
1536 2217 1557 2254 ¹?

193 2275 320 2310 Modo
347 2285 386 2309 at
407 2274 542 2310 Turic.
580 2274 683 2321 flor.
718 2273 803 2320 (hic
824 2288 843 2309 a
865 2289 925 2325 pr.
949 2279 1021 2319 m.)
1316 2285 1392 2310 tum
1422 2276 1557 2313 lenior.

194 2332 328 2367 Turio.
360 2345 439 2366 cum
459 2331 483 2365 l.
519 2332 563 2367 cf.
598 2345 659 2373 ιι,
694 2341 731 2375 5,
767 2338 830 2374 40.
857 2340 921 2376 42.
1122 2332 1253 2382 suerit.
1286 2333 1421 2368 Turio.
1451 2333 1558 2370 flor.

189 2388 331 2436 fuerat.
365 2389 485 2424 Goth.
515 2390 614 2427 Jens.
655 2392 746 2435 (tac.
771 2389 900 2433 Gesn.)
933 2393 1003 2426 erit
1037 2403 1126 2426 cum
1156 2391 1315 2438 posterr.
1361 2390 1446 2425 edd.
1474 2401 1561 2426 ante

196 2445 349 2493 Gryph.
378 2459 461 2481 exc.
483 2445 572 2480 Ald.
840 2448 1000 2495 culpam.
1032 2449 1094 2483 Sic
1120 2448 1253 2482 Turio.
1293 2447 1398 2482 Flor.
1430 2447 1560 2484 Guelf-

195 2503 288 2537 Exc.
317 2505 468 2539 Santen.
493 2516 580 2537 cum
605 2504 689 2539 edd.
715 2513 800 2540 ante
824 2504 975 2554 Gryph,
999 2519 1080 2541 exc,
1104 2507 1237 2554 Camp.
1259 2504 1420 2554 Reliqui
1441 2505 1560 2554 culpa.

257 2663 321 2707 64.
345 2661 634 2713 satisfaciendo.
665 2666 712 2704 ef.
737 2670 851 2715 §.51.
969 2666 1081 2700 ultro.
1154 2665 1301 2701 Eadem
1378 2665 1563 2715 potestate

198 2721 265 2766 76.
913 2722 1062 2760 dictum
1105 2737 1179 2773 qua
1216 2724 1338 2761 modo
1376 2726 1413 2760 in
1442 2725 1564 2760 diver·
