1727 3037
376 155 539 201 INST.
589 154 868 201 ORATOR.
918 156 1039 201 Lm.
1086 155 1160 212 x,
1206 167 1247 200 1.
1453 169 1481 212 5

135 298 313 332 carens
345 292 574 339 rectore,
613 279 763 330 fluit:
802 282 898 344 qui
927 293 1103 330 autem
1130 281 1332 340 scierit,
1371 299 1482 348 quo

134 376 381 425 quaeque
418 358 522 420 ¹fint
561 358 726 406 modo
774 357 1025 417 dicenda,
1073 359 1172 408 nifi
1218 361 1483 408 tamenin

134 437 431 503 procinctu,
450 445 787 500 paratamque
810 435 875 482 ad.
898 453 983 484 om
993 453 1080 484 nes
1106 436 1263 495 casus,
1283 437 1484 485 habue-

132 515 205 562 rit
239 513 627 578 eloquentiam,
657 513 810 560 velut
843 511 1023 561 claufis
1050 513 1306 563 thesauris
1331 515 1484 563 incu-

132 591 291 639 babit.
387 590 517 637 Non
570 599 746 637 autem
793 599 854 638 ut
907 589 1148 654 quidque
1201 592 1484 656 praecipue
1504 606 1526 641 5

133 664 476 717 necessarium
508 664 604 723 est,
656 664 724 714 fic
755 664 820 714 ad.
855 664 1193 714 efficiendum
1224 678 1487 716 oratorem

133 745 351 812 maximi
391 744 637 808 protinus
671 744 770 790 erit
803 745 1079 792 momenti.
1167 742 1312 791 Nam
1347 755 1488 793 certe

134 838 258 869 cum
302 818 361 868 fit
395 821 454 867 in
499 819 804 883 eloquendo
844 819 1080 886 positum
1124 823 1347 870 oratoris
1377 819 1490 869 offi-

133 899 309 955 cium,
375 891 556 947 dicere
600 907 719 945 ante
769 898 948 947 omnia
991 895 1098 955 est3
1157 906 1315 961 atque
1357 897 1487 945 hinc

130 975 350 1023 initium
370 977 480 1034 ejus
504 975 626 1021 artis
646 972 799 1022 fuiffe
817 972 1157 1022 manifestum
1180 972 1276 1031 est;
1307 975 1490 1039 proxi·

129 1068 273 1101 mam
306 1050 501 1100 deinde
539 1047 942 1116 imitationem,
993 1049 1324 1101 noviffimam
1342 1045 1489 1121 scri-

218 1187 280 1234 qui
311 1193 433 1220 autem
454 1183 591 1233 scierit.
652 1184 786 1220 Turic.
805 1181 862 1230 ’(ει
891 1185 1019 1233 prima
1054 1185 1200 1229 manu)
1229 1184 1334 1220 Flor.
1361 1193 1486 1222 autam

133 1244 195 1290 qui
220 1242 342 1291 scivit.
403 1240 531 1276 Guelf.
561 1255 594 1289 q.
615 1240 796 1289 tascium.
857 1242 971 1290 Apud
990 1242 1171 1277 Riccium
1194 1252 1321 1276 textus
1343 1241 1398 1278 ita
1420 1254 1484 1277 ex·

133 1298 314 1334 hibetur:
341 1297 525 1344 fluitabit.
594 1297 725 1332 Etiam
754 1300 817 1345 qui
839 1297 955 1346 sciet,
995 1308 1179 1332 monente
1208 1298 1324 1332 etiam
1359 1297 1485 1332 Land-

133 1354 267 1389 fidelio
301 1353 474 1400 fluitabit
515 1353 699 1401 praestare
738 1366 829 1401 prae
866 1352 938 1388 illo
964 1354 1069 1401 fluit.
1139 1355 1200 1387 Ex
1227 1352 1290 1388 his
1321 1353 1485 1389 indiciis

133 1411 295 1446 scribam
317 1410 453 1457 fluitat
479 1409 532 1454 (s.
556 1408 787 1457 fluitabit).·
819 1419 854 1446 et
884 1412 947 1458 qui
968 1409 1107 1459 scierit.
1167 1411 1224 1444 Ita
1253 1409 1486 1445 concinnius

985 1479 1056 1514 quo
1081 1479 1244 1515 quaeque
1255 1463 1335 1514 fine
1357 1465 1483 1501 modo.

133 1523 197 1558 Sic
227 1522 360 1557 Turio.
391 1522 518 1556 Guelf.
553 1522 685 1569 Camp.
716 1522 833 1557 Goth.
867 1524 965 1565 (tac.
1000 1522 1156 1566 Gesn.).
1217 1534 1288 1568 quo
1324 1534 1487 1569 quaeque

132 1579 242 1615 modo
265 1578 298 1627 J}
330 1577 429 1615 Jens.
462 1580 561 1623 (tac.
594 1578 737 1622 Gesn.)
770 1591 859 1613 cum
887 1578 972 1613 edd.
1004 1587 1090 1612 ante
1109 1576 1197 1613 Ald.
1228 1591 1322 1626 quae
1343 1590 1488 1626 quoquo

123 1635 159 1684 s.
182 1649 228 1673 m.
260 1634 392 1672 Turic.
420 1633 469 1679 (a
489 1647 541 1670 m.
559 1639 643 1682 pr.)
668 1635 772 1671 Flor.
834 1634 993 1683 Reliqui
1016 1646 1085 1681 quo
1096 1632 1177 1683 fint
1197 1647 1362 1683 quaeque
1381 1647 1429 1667 m.

220 1703 356 1728 tamen.
416 1692 479 1727 Sic
498 1691 632 1726 Turic.
667 1694 716 1737 (a
735 1706 792 1741 pr.
817 1693 897 1736 m.)
930 1691 1034 1727 Flor.
1067 1703 1157 1725 cum
1190 1689 1293 1724 Alm.
1322 1701 1360 1725 et
1379 1690 1486 1725 Ricc-

129 1748 292 1798 Reliqui
328 1758 516 1796 tanquam.
742 1758 1000 1798 paratamque.
1068 1746 1202 1782 Turic.
1238 1750 1283 1793 (a
1313 1760 1373 1797 pr.
1404 1747 1487 1792 m.)

132 1805 235 1842 Flor.
263 1819 352 1842 cum
374 1804 476 1840 Alm.
498 1804 659 1853 Reliqui
683 1816 854 1854 paratam
884 1806 1042 1854 quidem.

220 1862 350 1913 clausis
375 1861 563 1910 thesauris.
596 1861 698 1898 Flor.
729 1863 872 1912 clausos
892 1861 1093 1910 thesauros.

135 1468 249 1502 etiam
277 1479 393 1515 neque
409 1485 463 1492 --
483 1475 519 1500 et
541 1485 597 1492 —
619 1473 655 1499 el:
676 1485 750 1502 —-.

219 1929 256 1963 5.
289 1918 460 1969 quidque.
499 1919 632 1954 Turic.
652 1918 755 1955 Flor.
776 1918 904 1956 Guelf.
927 1919 1061 1968 Camp.
1081 1918 1254 1968 quicquid
1274 1929 1363 1953 cum
1380 1914 1485 1954 Alm.

134 1976 210 2013 Sed
234 1975 350 2012 Goth.
380 1977 532 2025 quicque
563 1979 664 2020 (err.
688 1977 844 2024 Gesn.).

192 2087 229 2114 2.
259 2077 364 2125 fluit.
437 2076 626 2113 observat
668 2078 784 2114 Gesn.
842 2090 923 2116 not.
948 2077 1033 2116 crit.
1092 2076 1222 2114 Etiam
1244 2076 1286 2111 in
1310 2075 1486 2112 thesauro

134 2135 213 2172 hoc
250 2135 330 2171 diei
369 2146 441 2183 pro
458 2134 674 2181 fluitando,
711 2135 783 2180 Hu-

135 2193 297 2229 cenando
325 2202 361 2227 et
381 2191 496 2239 ponit
508 2191 679 2240 exempli
691 2191 782 2228 loco

136 2248 307 2285 Martial.
344 2259 391 2289 4,
423 2248 498 2288 66,
537 2254 599 2292 14.
658 2250 782 2290 „Nec

136 2307 256 2347 mersa
298 2305 348 2340 est
381 2304 543 2353 pelago,
591 2318 662 2341 nec
694 2304 784 2342 fluit

136 2362 218 2397 ulla
246 2362 339 2397 ratis
352 2368 397 2403 “,
429 2374 526 2412 quae
553 2362 637 2397 sane
665 2363 783 2398 fracta

137 2418 398 2467 intelligitur,
449 2428 493 2453 ut
527 2417 670 2454 lacerae
701 2420 783 2465 ejus

138 2474 290 2511 tabulae
332 2474 487 2511 fluitent
528 2489 598 2523 per
649 2475 782 2511 undas.

140 2531 255 2566 Subit
301 2542 427 2567 tamen
471 2532 688 2573 dubitatio,
737 2546 785 2567 an

138 2587 206 2623 hic
261 2601 417 2636 quoque
466 2588 602 2634 fluitat
659 2588 786 2624 noster

138 2645 353 2693 scripserit,
390 2646 499 2680 ficuti
531 2645 582 2680 est
616 2656 639 2690 7
666 2645 785 2694 praef.

140 2709 176 2744 3.
212 2701 302 2737 loeo
338 2700 452 2750 plane
489 2702 659 2751 gemino.
726 2701 786 2738 Cf.

840 2136 907 2172 suo
938 2136 1050 2172 Gesn.
1081 2134 1159 2170 hoc
1178 2147 1258 2170 uno
1270 2132 1420 2180 fluendi
1440 2132 1489 2166 fic

841 2192 1016 2241 usurpati
1044 2190 1223 2240 exemplo
1244 2187 1406 2236 defungi
1423 2199 1487 2223 co·

840 2250 959 2298 gitur.
988 2247 1231 2284 Forcellinus
1252 2246 1377 2294 ipsum
1390 2255 1486 2292 quo-

842 2319 916 2354 que
947 2305 1114 2353 ignorat.
1181 2301 1358 2338 Similius
1389 2297 1487 2348 quid

840 2362 970 2398 nostro
995 2361 1110 2397 habet
1139 2371 1174 2407 9,
1199 2369 1235 2402 4,
1266 2368 1357 2405 129.

897 2417 1027 2469 clausis
1072 2415 1247 2466 thesauris
1287 2411 1486 2449 incubabit.

842 2475 889 2511 cf.
912 2475 1054 2522 Georg.
1076 2485 1116 2513 2,
1146 2479 1239 2517 507.
1271 2468 1488 2520 defoffoque

842 2531 990 2566 incubat
1012 2543 1115 2566 auro.

902 2654 938 2688 3.
987 2645 1243 2680 imitationem.
1319 2640 1493 2690 Apparet

843 2701 934 2737 loco
965 2701 1068 2749 ipso,
1102 2712 1182 2749 quo
1210 2700 1292 2734 hoc
1315 2697 1491 2747 ponitur,

944 2758 979 2792 A
1011 2769 1032 2793 2
