1779 3062
413 163 584 210 INST.
624 163 910 211 ORATOR.
945 166 1069 215 LLB.
1105 168 1204 226 XI,
1238 182 1280 215 1.
1427 185 1528 232 227

160 292 340 350 raudo,
380 293 799 362 argumentando
831 294 1188 355 tractabimus,
1228 315 1404 365 neque
1435 301 1527 351 de-

158 381 430 420 currentes
459 380 708 420 contexto
733 370 910 419 nitore
941 372 1224 433 circuitus,
1265 377 1360 426 ubi
1383 378 1523 439 divi-

157 447 333 497 denda
360 449 461 497 erit
488 446 654 507 causa,
699 458 751 496 et
780 448 839 496 in
867 459 1040 515 partes
1071 449 1188 500 suas
1215 452 1521 519 digerenda,

155 571 288 607 Guelf.
321 572 456 620 Camp.
487 571 678 607 omittunt
707 570 1037 620 praepositionem
1070 586 1160 608 cum
1191 576 1310 613 Goth.
1351 580 1457 615 Voss'.
1482 593 1519 617 2.

157 639 193 664 et
215 628 300 663 edd.
340 639 425 663 ante
449 630 573 664 Stoer.
595 641 670 664 acc.
691 627 795 664 Roll.
827 629 1054 677 imponendo
1087 631 1205 667 Goth.
1239 645 1326 668 cum
1351 636 1455 672 Voss'.
1481 649 1519 674 2.

152 686 266 721 verbo
310 684 415 721 Flor.
449 699 469 720 a
500 699 559 734 pr.
587 699 640 719 m.
964 686 1203 723 decurrentes,
1244 689 1350 726 flor.
1388 693 1517 731 Guelf.

152 736 290 778 Amb'r.
323 753 360 777 2.
412 743 635 777 decurrentis
677 755 767 778 curn
798 741 917 778 Goth.
959 753 996 777 et
1031 744 1115 779 edd.
1148 756 1234 781 ante
1266 747 1401 785 Burm.
1434 764 1514 788 exc.

154 800 288 848 Camp.
323 800 448 835 Modo
483 803 517 847 §
550 806 585 843 4.
628 799 861 848 agnoscentis
909 811 1065 847 quoque
1097 801 1232 837 Ambr.
1266 814 1301 838 2.
1355 817 1392 842 et
1422 821 1518 843 mox

150 858 283 906 partis,
316 856 377 891 sed
401 856 515 892 solus.
577 857 765 892 Nostrum
793 868 831 892 et
849 856 1033 892 Rollinus
1055 859 1197 905 reponi
1218 859 1387 905 jusserat.

140 909 142 911 ¹
237 913 452 949 dividenda.
483 914 615 949 Turio.
648 914 865 950 dividendo.
898 911 1028 949 Guelf.
1054 915 1229 952 videnda.

237 971 454 1018 digerenda.
487 970 622 1005 Turic.
658 970 763 1006 Flor.
795 971 990 1019 eligendas.
1022 969 1131 1006 Alter
1163 986 1180 1006 a
1206 973 1275 1009 sec.
1309 987 1363 1009 m.
1395 989 1516 1023 quan-

206 1074 462 1109 tractabimus.
496 1073 591 1109 Non
616 1073 665 1108 est
688 1074 803 1110 dubi-

145 1131 328 1172 tandum,
392 1130 488 1179 quin
538 1140 698 1166 tractare
736 1131 803 1167 1110

143 1187 259 1236 plane
302 1188 454 1222 dicatur
493 1201 567 1236 pro
616 1187 801 1237 usurpare,

143 1245 186 1280 in
222 1259 300 1293 quo
341 1258 430 1279 cum
467 1244 645 1280 haereret
677 1244 802 1280 Rolli-

137 1310 230 1341 nus,
245 1302 457 1348 aptabimus
473 1302 582 1337 suasit
596 1315 800 1350 reponere.

140 1358 283 1406 :Neque
305 1371 385 1395 erat
409 1359 517 1407 quod
536 1358 615 1394 11110
633 1358 803 1393 traheret

140 1416 391 1451 Burmannus
452 1430 542 1451 eum
615 1417 802 1450 tras-candi

140 1473 419 1521 significatum,
453 1474 495 1509 in
527 1485 606 1521 quo
641 1472 690 1506 est
710 1471 800 1506 reli-

141 1531 245 1577 giosa
278 1531 465 1578 quaedam
506 1543 597 1565 cura
632 1539 668 1564 et
709 1528 799 1563 dili-

140 1587 293 1634 gentia,
336 1587 596 1635 anxiumque,
645 1596 689 1620 ut
718 1585 798 1634 ipse

142 1644 250 1684 dicit,
280 1657 452 1684 examen,
486 1655 523 1680 et
542 1644 588 1678 de
612 1641 689 1677 hoc
714 1642 799 1691 qui·

141 1701 228 1735 dem
265 1701 312 1736 cf,³
343 1714 415 1736 nos
447 1701 493 1736 ad
528 1707 574 1744 ij,
635 1713 676 1740 1,
734 1705 799 1742 ¹8·

140 1757 293 1794 Sufficit
352 1759 461 1806 quod
530 1766 692 1793 tractare
751 1755 800 1792 est

138 1828 260 1850 manu
291 1814 601 1863 apprehendere,
635 1826 710 1861 qua
739 1827 798 1848 ra·

138 1872 249 1908 tione
282 1885 387 1905 arma
418 1880 576 1907 tractare
615 1870 796 1912 dicimus,

139 1928 243 1963 unde
276 1927 389 1962 facile
421 1927 590 1967 elicitur,
627 1940 700 1976 qua
732 1927 800 1962 hic

140 1981 325 2033 opus'est,
341 1985 428 2019 usus
446 1984 662 2033 frequentis
681 1984 798 2032 signi-

138 2042 287 2077 ficatio.
347 2043 459 2076 Hanc
489 2042 608 2090 ipsam
640 2041 796 2076 seorsim

138 2112 187 2134 ex
215 2099 293 2135 1100
324 2097 414 2134 1000
451 2100 620 2134 recenset
641 2098 796 2133 1701001-

136 2155 243 2192 linus
273 2156 316 2192 in
350 2168 418 2197 v.‚
466 2156 555 2192 usus
586 2155 655 2191 ille
689 2155 795 2190 adhi-

137 2212 252 2249 bendi
292 2212 417 2250 verbo
458 2213 502 2250 in
545 2212 791 2254 declarando,

137 2271 248 2318 quod
281 2281 384 2306 recte
421 2270 463 2306 in
503 2269 576 2305 hac
607 2269 792 2319 potestate

136 2327 336 2376 improbat
368 2326 642 2368 Ruhnkenius,
688 2327 792 2362 indi-

138 2395 247 2419 cante
273 2384 492 2420 doctissimo
514 2383 720 2420 Schaefero
745 2383 793 2420 ad

136 2440 302 2488 Dionys.
344 2441 390 2476 de
429 2442 611 2490 Compos.
649 2455 689 2489 p.
723 2447 790 2485 41.

138 2497 229 2545 Quo
261 2497 356 2533 111110
385 2498 552 2534 remittit
583 2500 717 2534 Burm.
751 2508 788 2543 7,

141 2566 176 2595 1,
212 2566 276 2591 20.
314 2564 473 2591 tractare
494 2555 601 2591 aliud
622 2555 682 2591 est.
717 2555 793 2591 Sed

136 2612 302 2662 superest
333 2611 504 2660 aliquid,
549 2612 655 2661 quod
686 2623 793 2649 vetet

135 2682 200 2706 me
231 2669 471 2718 acquiescere
504 2670 548 2705 111
578 2669 655 2705 1100
687 2669 791 2705 1000.

137 2727 256 2775 Quod
275 2727 380 2763 enim
403 2735 563 2764 tractare
581 2726 667 2764 vim
686 2727 793 2763 suam

865 1073 1072 1110 extendere
1112 1074 1230 1109 etiam
1271 1076 1317 1111 ad
1358 1078 1520 1127 sequens

863 1132 1093 1166 decurrentes
1112 1134 1282 1168 circuitus
1312 1134 1410 1170 dicit
1420 1139 1520 1173 Bur-

860 1201 1040 1228 mannus,
1073 1188 1140 1223 etsi
1171 1203 1288 1225 nemo
1309 1191 1519 1231 oblocutus

863 1245 925 1285 est,
962 1245 1189 1292 quicunque
1223 1257 1351 1283 tamen
1383 1249 1520 1287 locum

862 1301 1075 1349 diligenter
1115 1301 1339 1350 inspexerit,
1371 1320 1518 1355 nequa-

861 1371 976 1406 quam
1001 1357 1198 1406 probabit.
1232 1361 1378 1397 Noluit
1391 1364 1517 1411 Quin-

861 1414 1020 1449 tilianus
1047 1414 1195 1462 singula
1216 1416 1283 1452 hic
1302 1420 1421 1455 verba
1446 1435 1515 1471 op-

858 1484 1006 1520 ponere
1037 1466 1174 1521 (quare
1208 1476 1406 1517 errarunt,
1446 1480 1517 1526 qui

857 1541 932 1577 pro
967 1536 1064 1567 „aut
1103 1529 1313 1565 translata“
1352 1533 1516 1573 mallent

856 1598 950 1626 „nec
970 1588 1055 1627 t.“)‚
1087 1585 1148 1619 sed
1170 1586 1342 1635 integras
1366 1591 1513 1626 senten-

861 1641 945 1682 tias,
977 1640 1088 1676 velut
1125 1655 1243 1691 neque
1264 1664 1318 1671 —
1343 1648 1519 1685 tractabi-

860 1711 960 1741 mus,
1002 1712 1119 1747 neque
1148 1718 1203 1727 ——
1232 1702 1419 1745 dabimus,
1452 1720 1518 1743 nec

857 1754 1010 1803 (malim
1039 1757 1175 1804 neque)
1207 1777 1262 1785 -—
1281 1758 1514 1807 fiee-abimus,

856 1814 927 1853 Ita,
957 1822 1080 1860 puto,
1112 1825 1290 1862 apparet,
1322 1817 1516 1856 decurren-

858 1877 912 1904 tes
932 1881 1091 1917 quoque
1119 1869 1212 1906 illos
1246 1874 1419 1909 circuitus
1448 1878 1512 1913 de-

857 1925 1021 1961 siderare
1060 1926 1173 1962 suum
1202 1929 1392 1970 verbum,
1441 1948 1514 1972 neo

856 1983 961 2030 posse
981 1981 1053 2018 illo
1075 1986 1275 2025 tractandi,
1305 1988 1413 2034 quod
1434 2005 1514 2027 ver-

857 2039 913 2074 his
946 2038 1172 2087 assignatum
1210 2053 1301 2084 erat,
1336 2044 1511 2097 defungi.

857 2097 980 2144 Cujus
1032 2097 1262 2135 neceffitatis
1311 2101 1511 2149 imprimis

854 2155 1049 2193 admonet,
1076 2156 1182 2203 quod
1201 2157 1396 2205 postremo
1419 2160 1510 2198 loco

851 2211 990 2247 itidem
1012 2210 1242 2249 intercurrit
1262 2215 1326 2250 ubi
1346 2236 1402 2243 —-
1425 2221 1509 2261 erit,

849 2268 950 2304 ficut
973 2277 1010 2303 et
1029 2268 1107 2305 1110.
1140 2270 1261 2318 Quale
1281 2283 1408 2308 autem
1430 2275 1507 2311 hoc

850 2325 973 2361 fuerit
991 2324 1181 2368 verbum,
1216 2329 1399 2376 equidem
1425 2345 1507 2368 non

853 2383 991 2424 dicam,
1023 2396 1111 2418 cum
1135 2383 1290 2420 nullum
1312 2387 1508 2425 succurrat

851 2441 949 2476 adeo
977 2441 1184 2488 proprium
1221 2454 1288 2478 aut
1321 2443 1505 2482 ductibus

851 2510 1091 2545 congruens,
1125 2509 1169 2533 ut
1205 2499 1388 2535 assensum
1429 2501 1504 2536 im-

849 2565 970 2603 peret.
1031 2555 1192 2590 Interim
1222 2557 1388 2593 suadebo
1419 2560 1504 2607 post

850 2611 1057 2659 digerenda
1082 2612 1245 2648 inserere
1271 2616 1504 2651 continuabi-

851 2682 951 2710 mus,
996 2667 1039 2703 in
1072 2670 1185 2715 cujus
1216 2668 1381 2706 clausula
1411 2671 1501 2708 reli-

851 2726 940 2776 quis
960 2725 1027 2760 1110
1049 2727 1364 2775 comparentibus
1383 2729 1504 2766 nimis

968 2784 995 2817 P
1032 2792 1053 2817 2
