1779 3062
224 173 325 234 694

159 317 200 351 ¹7
228 298 330 357 est,
369 313 504 364 quae
537 299 679 348 vires
717 299 824 347 cito
863 296 1008 354 facit,
1048 294 1397 347 consuetudo.

552 171 629 217 M.
663 172 800 217 ΕΑΒ.
820 169 1268 233 'QUINTI-msam

1473 298 1581 346 Re-

229 393 352 426 rum
377 376 613 442 cognitio
641 375 886 443 quotidie
911 372 1108 432 crescit,
1140 384 1192 423 et
1222 385 1398 423 tamen
1419 389 1582 439 quam

231 569 310 593 om.
343 554 475 590 Turio.
502 554 607 591 Flor.
639 554 769 591 Guelf.
800 566 832 590 c.
859 551 962 590 Alm.
993 550 1099 590 Voss.
1130 561 1166 587 2.
1198 551 1318 588 Goth.
1347 552 1449 592 Jens.

1507 553 1585 588 Sed

231 613 366 662 Camp-
409 613 526 647 Tarv.
566 610 655 648 ΛΜ.
700 612 825 647 solum
864 624 940 647 non
977 611 1178 647 omittunt.
1219 609 1338 646 Goth.
1380 620 1509 645 autem
1546 619 1586 645 et

233 670 369 718 Camp.
405 669 527 705 modo
551 667 696 717 finito.-
724 667 871 705 scilicet
900 667 951 703 sic
981 667 1103 703 sensui
1133 666 1346 702 medentes.
1386 664 1585 713 Equidem

234 739 315 775 quo
349 725 432 761 casu
463 725 561 761 duae
590 724 778 766 voculae,
820 723 964 772 quibua
997 735 1124 758 tamen
1156 723 1279 758 sensus
1312 735 1439 758 carere
1469 720 1584 770 plane

233 782 384 829 nequit,
416 781 634 818 exciderint
663 781 814 818 nescios
846 779 919 816 nisi
948 780 1025 815 fnit
1052 779 1154 815 forte
1185 777 1283 815 olim
1308 793 1385 814 non.
1407 791 1500 826 opus
1521 774 1585 826 ψ’,

233 838 328 887 sigla
357 849 485 874 autem
517 840 540 870 ὃ
572 839 747 886 absorpta
776 837 825 874 est
854 852 875 872 a
903 849 1001 871 voce
1034 849 1137 884 opus.

1265 837 1366 871 Mox
1394 848 1468 884 pro
1500 848 1585 870 con-

226 894 389 945 suetudo
433 895 567 931 Turic.
601 895 704 932 Flor.
753 892 952 941 confetitur
992 904 1022 930 c.
1054 892 1157 930 Alm.
1219 891 1415 940 conficitur
1453 889 1582 928 Guelf.

354 994 418 1030 17.
448 995 574 1021 tamen
605 985 807 1022 multorum
828 985 967 1020 omitto
993 988 1104 1033 quam
1123 982 1242 1020 Goth.
1263 981 1371 1023 Voff.
1393 992 1432 1018 2.
1452 956 1599 1030 camp.»

235 1140 314 1183 vel,
344 1142 453 1191 quod
482 1144 594 1191 pejus
625 1142 754 1182 etiam,
788 1141 884 1177 adeo

236 1211 309 1248 pro
354 1199 438 1234 ideo
490 1199 639 1234 dictum
679 1196 885 1236 existimes,

237 1255 343 1303 quod
382 1255 628 1290 commissum
663 1254 712 1289 est
752 1254 794 1288 in
827 1254 886 1288 in·

238 1312 322 1347 dice
355 1311 587 1346 Gesneriano
617 1324 697 1346 non
734 1310 775 1345 in
807 1308 885 1344 hoc

238 1378 387 1403 tantum
411 1366 514 1408 loco,
537 1367 599 1403 sed
631 1368 673 1402 in
693 1357 811 1415 longe
834 1366 886 1401 fa-

238 1423 370 1459 ciliori
395 1428 429 1471 §.
460 1435 522 1459 12.
578 1421 814 1471 Adeo—eft
842 1424 886 1459 in

239 1480 308 1516 tali
334 1480 616 1529 compositione
654 1480 758 1515 vaiet
787 1480 884 1517 adeo

239 1546 376 1573 certum
395 1534 456 1585 est,
480 1556 530 1563 —
556 1535 638 1585 effe.
668 1536 726 1572 Cf.
762 1551 794 1577 1,
823 1548 885 1578 12,

241 1604 277 1637 7.
309 1595 416 1629 Adeo
438 1591 597 1641 facilius
618 1590 666 1640 est}
690 1591 807 1628 multa
825 1591 886 1640 fa·

241 1664 331 1691 cere,
362 1662 471 1698 quam
496 1650 572 1684 diu.

303 1715 366 1749 ¹7·
383 1707 521 1742 Rerum
534 1706 700 1752 cognitio
717 1714 787 1739 etc.
810 1699 889 1740 To·

242 1773 303 1799 tus
314 1762 379 1798 hic
399 1760 507 1797 locus
528 1760 742 1806 impeditus
759 1758 888 1795 etval-

241 1820 288 1856 de
314 1818 481 1853 incertae
503 1815 630 1852 adhuc
654 1815 702 1851 cst
726 1816 890 1864 scriptu·

241 1891 315 1912 rae.
379 1876 550 1922 Apparet
574 1873 755 1922 proxime
784 1872 889 1920 supe·

240 1933 346 1969 riora
382 1929 625 1978 respicienti,
678 1928 890 1976 Quintilia-

238 2003 334 2026 num
367 2002 409 2025 ea
432 2000 529 2035 quae
552 1983 770 2021 scholarum
795 1985 890 2026 sunt,

240 2045 480 2094 disciplinam
501 2055 539 2079 et
560 2042 890 2082 exercitationem.

239 2103 432 2138 secernere
461 2100 506 2136 ab
537 2100 588 2134 iis
611 2107 707 2147 quae
727 2099 813 2133 su-nt
832 2099 891 2133 in-

241 2159 430 2207 sequentis
453 2156 570 2196 vitae,
601 2167 733 2190 rerum
756 2154 891 2203 cogni-

240 2215 372 2257 tione,
408 2212 556 2254 studio,
589 2212 669 2247 usu.
733 2210 891 2246 Schola-

240 2272 325 2308 stica
361 2284 443 2307 non
472 2269 525 2304 ita
558 2267 672 2316 longi
703 2267 891 2315 temporis

240 2328 310 2364 effe
331 2327 552 2377 praedicam
583 2324 781 2373 improbat
805 2324 892 2359 diu-

241 2385 364 2420 tinam
414 2382 525 2419 illam
573 2380 893 2417 exercitationem

240 2436 293 2493 (§.
322 2447 387 2484 ¹5·
420 2435 521 2486 16.);
555 2449 592 2474 et
614 2451 661 2473 ne
682 2436 769 2485 quis
791 2436 893 2482 obji-

241 2498 341 2538 ciat,
372 2497 468 2546 ipsas
501 2496 643 2530 artium
672 2492 892 2542 disciplinas

240 2553 411 2590 multum
451 2552 643 2601 temporis
684 2549 892 2587 absumere,

243 2609 338 2645 haec
377 2608 497 2646 verba
530 2607 658 2643 addit:
721 2605 895 2654 Discendi

243 2668 343 2701 ratio
367 2677 437 2703 etc.
501 2666 584 2704 Jam
613 2676 744 2700 rerum
762 2663 896 2710 cogni-

943 1140 1088 1176 scimur
1112 1139 1180 1175 usu
1211 1138 1464 1187 quotidiano:
1498 1149 1592 1173 con·

943 1197 1046 1232 cedit
1068 1207 1197 1231 tamen
1224 1197 1298 1242 Qu.
1325 1207 1424 1243 opus
1447 1194 1517 1229 effe
1546 1194 1591 1228 si-

943 1252 1026 1288 mul
1047 1252 1191 1287 assidua
1212 1251 1392 1286 lectione.
1422 1250 1499 1285 Hic
1519 1251 1592 1286 ita-

943 1323 1019 1357 que
1042 1308 1163 1344 statim
1188 1307 1367 1343 offendor
1387 1305 1459 1342 illo
1479 1316 1514 1341 et
1538 1315 1593 1341 ta·

945 1379 1026 1400 men
1047 1361 1157 1413 quam
1177 1364 1442 1399 multorum—
1455 1367 1470 1398 !
1500 1365 1594 1398 Sen-

944 1423 994 1458 tis
1018 1422 1137 1461 enim,
1163 1421 1241 1456 hoc
1260 1433 1341 1455 non
1363 1421 1434 1456 ess‘e
1457 1433 1504 1456 ex
1522 1419 1594 1454 ser·

944 1491 1061 1514 mone
1102 1490 1181 1526 quo
1224 1477 1496 1524 respondeatur
1531 1474 1595 1511 illi

945 1534 1136 1583 querelae.
1171 1533 1339 1569 Fatentis
1360 1545 1398 1569 et
1416 1546 1513 1568 mox
1533 1546 1594 1568 re-

944 1591 1118 1639 sponsuri
1148 1601 1227 1624 erat
1260 1589 1423 1637 simplex
1454 1600 1592 1626 tamen.

948 1648 1075 1694 Quare
1097 1659 1184 1681 cum
1208 1645 1360 1693 aliquot
1379 1646 1487 1686 libri,
1519 1645 1595 1680 mi·

945 1702 1054 1738 noris
1103 1702 1186 1737 sane
1236 1701 1300 1736 illi
1339 1702 1596 1749 auctoritatis,

948 1758 1133 1794 omittant
1144 1756 1324 1794 voculam
1347 1771 1478 1806 quarn,-
1501 1758 1597 1793 vide

948 1827 996 1849 an
1025 1813 1217 1850 leviorem
1246 1813 1403 1850 alteram
1427 1823 1482 1855 et,
1515 1814 1597 1862 post

946 1869 1113 1906 similem
1143 1871 1254 1907 vocis
1283 1870 1597 1920 proximaeexi·

949 1937 1056 1968 tum,
1103 1927 1242 1963 itidem
1283 1927 1423 1973 ejicere
1471 1926 1598 1963 liceat.

949 1984 1049 2019 Mox
1078 1983 1225 2026 „lectio
1256 1983 1472 2024 librorum,
1520 1984 1600 2033 qui-

948 2040 1043 2082 „bus
1062 2040 1107 2076 ab
1128 2039 1324 2090 historicis
1346 2051 1382 2076 et
1400 2040 1445 2075 ab
1469 2050 1600 2076 orato-

948 2096 1089 2138 „ribus
1112 2096 1287 2146 exempla
1299 2103 1511 2144 petuntur“
1531 2095 1598 2129 ha-

948 2153 1015 2189 bet
1048 2152 1198 2201 aliquid
1230 2152 1372 2194 scabri;
1415 2151 1521 2200 quod
1545 2161 1600 2186 ta-

948 2223 1039 2245 men
1057 2222 1137 2245 non
1157 2221 1291 2257 urgeo.
1325 2207 1431 2243 Illud
1453 2220 1598 2248 autem,

950 2266 1058 2315 quod
1081 2280 1225 2305 „rerum
1255 2265 1460 2314 cognitio‘⁸
1491 2276 1599 2299 com-

947 2321 1070 2372 plecti
1108 2322 1253 2358 dicitur
1291 2319 1509 2370 „exempla
1541 2333 1598 2355 re-

948 2384 1078 2418 „rum“
1110 2389 1148 2414 et
1177 2377 1382 2426 „exempla
1410 2377 1599 2417 dicendi“,

949 2434 1109 2484 gravius
1132 2435 1312 2474 videtum
1340 2434 1392 2470 ita
1414 2444 1540 2468 tamen
1554 2442 1600 2467 ut

950 2492 1028 2527 hoc
1050 2492 1164 2526 etiam
1190 2491 1322 2527 solitae
1340 2491 1459 2526 nostri
1482 2490 1523 2524 in
1546 2499 1599 2524 ta-

950 2547 1056 2583 libus
1088 2547 1349 2597 negligentiae
1385 2546 1597 2581 condones.

951 2605 1028 2641 Res
1063 2606 1168 2639 enirn
1197 2604 1326 2653 priori
1346 2602 1435 2638 loco
1462 2613 1602 2649 penum

954 2660 1131 2696 omniurn
1181 2673 1316 2697 eorum
1368 2659 1601 2707 significant,

243 2722 394 2759 tionem
430 2723 494 2760 vel
521 2721 602 2758 [ine
626 2720 753 2757 studio
773 2718 899 2768 adipi·
954 2728 1053 2767 quae
1071 2718 1155 2768 post
1177 2718 1295 2767 ipsam
1316 2715 1481 2753 oratoris
1497 2713 1602 2749 insti·
