1779 3062
363 191 527 260 INST.
580 190 861 236 ORATOR.
907 193 1024 237 LIB.
1074 193 1147 250 X,
1201 206 1244 239 1.
1417 195 1479 252 67

117 318 471 385 Xenophontis
510 318 659 366 illam
693 316 1082 378 jucunditatem
1117 316 1482 381 inaffectatam,

118 396 208 445 sed
241 414 400 462 quam
435 388 581 444 nulla
616 393 869 459 consequi
899 391 1156 445 affectatio
1188 398 1371 463 poffit?
1419 409 1481 456 ut

118 473 258 540 ipsae
291 473 587 522 sermonem
613 469 811 519 finxisse
834 473 1040 520 Gratiae
1062 474 1371 533 videantur,
1394 486 1480 535 et,
1521 493 1525 497 ·
1547 489 1550 494 “

121 551 272 615 quod
313 550 378 598 de
420 550 618 598 Pericle
663 550 855 598 veteris
898 550 1207 598 comoediae
1246 551 1494 603 testimo-'

119 628 275 677 nium
313 626 414 684 est,
455 628 512 674 in
551 626 699 674 hunc
732 623 1004 674 transferri
1026 625 1288 686 justiffime
1315 629 1479 694 poffit,

68 754 71 765 ,
118 705 179 753 in
223 705 381 753 labris
427 708 539 763 ejus
584 700 764 750 sediffe
810 702 1075 767 quandam
1124 704 1480 769 persuadendi

122 781 290 835 deam,
342 779 488 849 Quid.
509 781 845 844 reliquorum
871 782 1248 829 Socraticorum
1271 783 1479 847 elegan-
1501 792 1558 836 85

29 875 110 919 904
123 859 250 906 tiam
267 859 290 905 ‘3
329 857 472 926 Quid
496 853 876 927 Aristotelem?
915 873 1075 921 quem
1104 857 1293 908 dubito
1316 857 1482 918 scien-

119 936 191 983 tia
214 951 418 992 rerum,
457 951 520 981 an
542 933 860 999 scriptorum
884 936 1052 999 copia,
1099 953 1165 983 an
1187 937 1482 999 eloquendi

119 1011 389 1069 suavitate,
428 1028 493 1058 an
515 1012 896 1060 inventionum
923 1013 1183 1071 acumine,
1225 1030 1291 1061 an
1311 1016 1482 1063 varie-

120 1098 224 1137 tate
280 1105 531 1164 operum,
594 1089 873 1138 clariorem
925 1099 1124 1155 putem.
1225 1091 1368 1140 Nam
1419 1093 1480 1141 in

207 1261 270 1298 82.
304 1254 408 1290 illam
434 1255 730 1300 jucunditatem.
801 1254 864 1289 Sic
894 1254 1026 1290 Turio.
1058 1254 1163 1292 Flor.
1197 1255 1324 1292 Guelf.
1360 1256 1481 1294 Goth.

122 1311 219 1353 Jens.
242 1311 339 1358 (tac.
362 1312 501 1356 Gefn.)
534 1312 666 1359 Camp.
690 1324 778 1346 cum
800 1311 886 1345 edd.
909 1321 994 1345 ante
1018 1311 1172 1360 Gryph.
1231 1312 1393 1361 Reliqui
1409 1315 1478 1358 121⁹.

209 1367 378 1417 consequi
417 1366 613 1414 affectatio
649 1366 770 1416 poffic.
856 1369 918 1401 Sic
959 1367 1093 1402 Turic.
1136 1367 1241 1403 Flor.
1287 1373 1481 1418 (uterque

120 1436 250 1463 tamen
279 1424 388 1471 auls.)
422 1425 554 1472 Camp.
584 1423 696 1472 poffit
731 1424 926 1471 affectatio
949 1422 1057 1473 sequi
1095 1424 1221 1460 Guelf.
1256 1438 1342 1460 cum
1371 1426 1478 1463 Voss'.

126 1496 162 1518 1.
188 1491 224 1525 5.
256 1495 292 1516 a.
330 1479 426 1530 cons.
447 1495 484 1528 p.
515 1481 633 1516 Goth.
661 1482 758 1518 Jent.
792 1493 880 1514 cum
917 1480 1002 1514 cdd.
1035 1491 1119 1515 ante
1149 1481 1259 1517 Bafil.
1320 1481 1483 1530 Reliqui

119 1553 158 1588 p.
182 1553 216 1573 a.
242 1551 270 1572 c.
438 1535 808 1586 sermonemfinxsse
833 1536 881 1571 G.
946 1535 1008 1570 Sic
1028 1537 1160 1572 Turio.
1182 1537 1287 1572 Flor.
1336 1536 1427 1586 fig.
1447 1537 1482 1586 f.

121 1594 239 1630 Goth.
273 1593 405 1642 Camp.
438 1593 525 1628 Ald.
552 1594 645 1629 Bad.
696 1591 892 1641 fluxiſj'es.
916 1606 953 1640 g.
983 1591 1109 1628 Guelf.
1141 1592 1263 1642 ipses.
1288 1596 1430 1641 graecis
1443 1593 1480 1642 f.

119 1652 293 1688 videatur
314 1650 412 1688 Jens.
437 1663 524 1684 cum
547 1649 631 1686 edd.
654 1649 837 1685 anteAld.
862 1650 969 1696 quod
989 1660 1093 1683 recte
1113 1650 1312 1697 improbat
1323 1651 1481 1692 Badius,

121 1708 191 1756 qui
212 1718 249 1742 et
269 1704 336 1756 ipfi
355 1719 435 1741 non
452 1705 555 1741 male
576 1707 691 1742 scribi
711 1706 815 1755 poffe
838 1716 984 1741 monet.
1046 1704 1290 1754 singularem
1311 1707 1484 1743 videatur

121 1774 160 1799 et
180 1763 312 1799 Turio.
334 1761 384 1808 (a
406 1764 474 1798 sec.
499 1763 583 1810 m.)
607 1774 643 1798 et
667 1762 784 1799 Goth.
987 1763 1033 1797 de
1057 1762 1136 1798 Per.
1152 1782 1198 1788 ——
1220 1760 1480 1810 testimonium.

121 1819 250 1856 Guelf.
287 1821 332 1854 de
363 1822 479 1855 veteri
497 1820 627 1867 peride
648 1829 698 1860 t„
730 1820 826 1854 item
849 1819 1062 1855 comoediae
1085 1819 1288 1853 omittente
1311 1820 1417 1855 Voff.
1446 1834 1481 1857 1.

120 1877 250 1925 per-ide
289 1881 418 1911 autem
456 1875 568 1910 dante
593 1876 697 1914 Voff.
734 1886 770 1920 5.
1010 1874 1135 1912 labris,
1206 1875 1341 1910 Turio.
1373 1874 1478 1913 Flor.

121 1932 215 1978 (hic
244 1945 262 1965 a
295 1945 352 1979 pr.
384 1933 465 1975 m.)
484 1932 684 1985 'laboribus
716 1946 804 1969 cum
833 1931 936 1970 Alm.
974 1933 1007 1967 E
1033 1932 1135 1970 Voss.
1164 1940 1200 1968 2.
1228 1931 1393 1971 laboris;
1421 1931 1481 1967 nil

121 1987 196 2041 tale
228 1987 348 2024 Goth.
380 1985 458 2034 (cf.
483 1992 516 2035 ᾖ.
541 1995 605 2035 74.
629 1989 671 2024 it.
698 1990 792 2034 86.)
941 2009 944 2011 ·

210 2073 275 2111 33.
303 2066 543 2114 elegantiam.
577 2068 710 2104 Turio.
724 2067 828 2106 Flor.
850 2068 1084 2116 elegantium.
1116 2066 1189 2103 Ille
1210 2081 1230 2102 a
1249 2066 1318 2102 sec.
1337 2079 1388 2100 m.
1412 2054 1497 2101 ele·¹

120 2125 314 2173 gantiam,
345 2122 412 2160 hic
432 2124 618 2162 nostrum.
846 2125 940 2175 eloq.
956 2124 1163 2175 suavitate.
1223 2123 1356 2160 Turic-
1377 2121 1484 2159 Flor.

121 2279 369 2317 comparatur
392 2267 515 2305 Plato.
560 2270 670 2307 Adde
694 2271 775 2309 cie.
834 2268 1203 2316 Aimotg'eomoedia.
1228 2268 1286 2305 Cf.
1299 2267 1397 2304 Plin.
1410 2268 1483 2317 Ep.

121 2325 243 2373 Legg.
287 2337 333 2366 2,
366 2337 403 2370 7.
467 2327 513 2361 de
545 2326 613 2363 Or.
652 2338 703 2373 5,
739 2339 775 2372 4.
841 2341 885 2369 ι,
908 2338 972 2363 20.
1005 2327 1142 2375 ibique
1165 2325 1276 2361 Gesn.
1321 2324 1422 2362 Vide
1446 2335 1486 2360 et

122 2381 246 2419 Valde
267 2381 401 2417 fimilis
425 2383 629 2419 sententiae
652 2384 776 2434 figura
835 2397 906 2420 nos
927 2384 974 2418 ad
997 2384 1071 2430 Qu.
1092 2393 1129 2422 2,
1154 2382 1214 2421 16,
1242 2392 1303 2428 19.
1327 2380 1397 2416 ubi
1413 2393 1486 2429 po-

124 2436 172 2472 de
205 2438 322 2485 Legg.
359 2453 400 2478 1,
435 2449 500 2475 22.
541 2443 777 2491 „praecepti
835 2442 944 2476 nitur
964 2439 1075 2475 Iocus
1100 2436 1413 2486 Aristophaneus,
1437 2436 1486 2472 ad

124 2503 256 2534 „tanta
289 2494 350 2529 vis
372 2514 428 2522 —
449 2506 493 2531 ut
525 2510 564 2531 ea
598 2511 679 2534 non
704 2499 775 2533 ho-
836 2510 953 2545 quem
993 2495 1095 2544 ipsos
1131 2494 1247 2528 hosce
1274 2492 1486 2541 Eupolidis

122 2549 254 2591 „mini
276 2551 464 2599 cuipiam,
494 2553 556 2588 sed
579 2554 775 2603 Delphico
833 2554 964 2588 versus
989 2552 1139 2600 profert
1160 2548 1388 2586 scholiastes.
1421 2549 1487 2585 Ci-

122 2605 226 2648 „deo
256 2607 534 2644 tribueretur.“
835 2609 970 2644 ceroni
1031 2616 1389 2642 commemorantur
1443 2606 1487 2642 in

181 2669 246 2707 82.
278 2672 348 2700 vet.
364 2667 527 2701 comoed.
544 2664 672 2714 cestim.
700 2668 778 2703 Lo·
834 2667 961 2702 Bruto
986 2677 1018 2700 c.
1042 2675 1078 2712 9.
1107 2668 1171 2707 ¹5·

124 2730 192 2755 cus
212 2720 261 2756 est
282 2719 501 2759 notiffimus
514 2723 780 2773 Eupolidisin

935 2779 970 2813 E
1000 2786 1023 2814 2
