1779 3062
387 156 552 201 INST.
590 156 870 202 ORATOR.
907 158 1030 202 Lm.
1068 158 1139 215 x,
1180 173 1220 204 1.
1390 173 1483 217 115

122 284 375 350 diligens,
409 283 652 348 egregius
690 292 865 330 tamen
899 280 1161 334 vitiorum
1200 283 1482 337 insectator

119 360 240 410 fuit.
289 361 495 409 Multae
517 361 576 408 in
601 377 664 409 eo
690 360 963 423 claraeque
984 361 1286 421 sententiae,
1309 366 1477 414 multa

119 439 278 488 etiam
331 455 546 486 morum
589 438 751 502 gratia
797 437 1046 502 legenda:
1127 439 1217 488 sed.
1263 443 1319 489 in
1364 443 1474 490 elo-

118 514 335 578 quendo
362 524 609 580 corrupta
633 515 901 580 pleraque,
933 526 1090 580 atque
1123 533 1187 565 eo
1210 521 1476 583 pernicio·-

116 590 308 650 fiffima,
359 591 508 657 quod
529 591 802 640 abundant
824 591 1071 642 dulcibus
1092 594 1249 643 vitiis.
1303 596 1468 646 Velles
1487 616 1564 652 150

115 686 242 718 eum
267 669 364 717 suo
389 666 830 734 ingeniodixiffe,
871 669 1044 718 alieno
1070 670 1286 731 judicio.
1328 674 1471 722 Nam

115 745 153 796 si
188 747 364 810 aliqua
399 745 769 804 mittemfiffet,
814 744 851 794 fi
881 764 1070 811 parum
1117 765 1230 798 non
1274 766 1472 799 concu-

112 821 280 890 pisset,
357 822 397 872 fi
425 841 539 872 non
574 825 754 873 omnia
779 822 872 873 sua
910 822 1141 884 amasset,
1220 824 1258 874 fi
1288 843 1472 879 rerum

114 1004 287 1040 Secunda
319 1002 422 1040 Flor.
458 1018 620 1046 manus,
672 1005 798 1041 nostra
832 1005 922 1054 ipsa.
983 1005 1138 1042 Nostris
1165 1006 1334 1043 vocibus
1369 1007 1470 1045 Jens.

113 1065 204 1105 (tae.
240 1061 368 1105 Gesn.)
399 1062 555 1108 subjicit
577 1072 613 1097 et
632 1075 721 1097 eum
754 1062 839 1098 edd.
862 1062 1020 1111 posterr.
1050 1074 1137 1098 ante
1171 1063 1255 1100 Ald.
1284 1078 1356 1112 pro
1390 1077 1470 1111 quo

112 1118 259 1165 Regius
300 1118 479 1154 suadebat
511 1118 588 1169 etsi.
883 1120 1040 1155 Multae
1070 1140 1122 1147 —
1156 1135 1299 1156 morum
1330 1123 1468 1169 gratia.

113 1174 248 1209 Turic.
280 1174 384 1210 Flor.
428 1176 545 1210 multo
579 1177 687 1211 multi
714 1190 880 1211 amorum
910 1191 946 1223 g.
1014 1175 1085 1211 Ille
1117 1191 1135 1211 a
1163 1179 1232 1214 sec,
1266 1191 1316 1213 m.
1350 1178 1470 1212 multa

112 1230 237 1264 multis
267 1245 433 1266 amorum
468 1246 504 1280 g.
565 1234 642 1267 Hic
670 1234 836 1268 nostram
868 1233 1000 1280 ipsam.
1034 1234 1098 1268 ΝΤ.
1127 1236 1149 1269 i.
1176 1248 1205 1268 e.
1229 1233 1397 1282 claraes.
1420 1248 1466 1269 m.

113 1299 145 1321 e.
172 1300 217 1322 m.
236 1301 274 1334 g.
308 1287 426 1323 Goth.
449 1289 538 1334 (tac.
559 1289 688 1333 Gesn.)
713 1291 845 1338 Camp.
877 1288 1049 1323 Vicifflm
1075 1304 1093 1324 c
1115 1289 1218 1327 Voff.
1249 1306 1281 1326 1.
1315 1292 1471 1325 multae-

113 1355 182 1391 que
203 1345 225 1380 i.
249 1358 278 1378 e.
303 1343 380 1392 c.s.
404 1359 448 1380 m.
474 1359 502 1380 e.
528 1359 572 1381 m.
604 1359 635 1380 σ.
673 1347 814 1382 Vocem
830 1345 912 1393 fuit
932 1356 1020 1380 ante
1043 1346 1167 1380 nostra
1189 1347 1339 1382 omittit
1354 1346 1469 1383 Goth.

195 1400 366 1447 legenda.
400 1401 531 1435 Turic.
550 1377 652 1438 Flgr.
676 1403 773 1440 Jens.
810 1406 898 1445 (tac.
922 1401 1052 1449 Gesn.)
1083 1404 1198 1439 Tarv.
1224 1404 1394 1450 legendo.

199 1466 310 1505 atque
330 1471 385 1492 eo.
417 1456 535 1493 Goth.
562 1458 651 1505 (tac.
676 1459 804 1502 Gesn.)
830 1459 964 1493 inserit
985 1460 1035 1494 in.
1260 1460 1468 1496 abundant.

109 1512 238 1550 Guelf.
266 1513 385 1548 Goth.
409 1513 499 1559 (tac.
530 1515 658 1559 Gesn.)
681 1515 859 1550 abundat.

203 1579 293 1614 150.
342 1584 434 1606 eum.
466 1571 600 1606 Turio.
633 1571 736 1607 Flos.
789 1571 882 1616 (hic
918 1585 938 1605 a
967 1585 1026 1620 pr.
1061 1573 1142 1616 m.)
1188 1572 1321 1621 Camp.
1358 1575 1467 1610 enim.

107 1627 214 1665 Voss'.
239 1639 270 1662 1.
305 1641 396 1662 cum.
571 1627 724 1678 ZVamfi
745 1629 884 1678 aliqua.
919 1628 1052 1663 Turio.
1076 1628 1180 1663 Flor.
1205 1630 1395 1665 omittunt
1407 1629 1469 1680 fi:

106 1683 274 1719 'viciffim
311 1697 374 1723 10,
407 1693 444 1724 2,
477 1692 514 1727 5.
543 1685 671 1720 Guelf.
704 1699 811 1733 quam
832 1684 965 1735 fifuit
994 1698 1068 1733 pro
1091 1699 1201 1734 quarn
1214 1685 1304 1733 fuit.
1333 1688 1467 1736 Camp.

106 1754 144 1776 n.
167 1742 205 1775 in
228 1756 262 1775 a.
294 1739 399 1776 Flor.
421 1741 461 1786 (a
481 1741 550 1779 sec.
574 1745 646 1784 m.)
677 1741 758 1790 n.s]
782 1743 836 1776 nil
857 1742 1081 1791 aequalium,
1108 1753 1145 1777 et
1165 1743 1212 1776 sic
1235 1743 1355 1777 Goth.
1369 1743 1467 1781 Jens.

105 1796 200 1842 (err.
227 1798 356 1839 Gesn.)
377 1809 465 1831 cum
490 1798 595 1834 Voss'.
621 1809 657 1835 2.
681 1798 782 1836 Vall.
807 1809 844 1834 et
866 1799 951 1833 edd.
971 1799 1129 1847 posterr.
1153 1810 1237 1833 ante
1252 1799 1360 1836 Bafil.
1385 1813 1467 1835 exc.

106 1852 195 1888 Ald.
224 1853 309 1896 (hic
340 1853 444 1888 enim
466 1868 501 1889 n.
524 1853 591 1903 nisi
614 1857 669 1902 a.)
701 1869 777 1891 acc.
804 1854 955 1904 Gryph.
979 1869 1014 1890 n.
1032 1854 1160 1906 simile
1182 1869 1292 1904 quam
1313 1856 1466 1898 Guelf.;

107 1923 156 1944 ex
181 1910 287 1947 Voss.
326 1924 359 1944 1.
395 1924 428 1944 n.
450 1909 576 1959 fimile
604 1913 678 1947 fine
711 1926 835 1962 quam.
1070 1926 1203 1960 parum
1233 1926 1307 1947 non
1338 1927 1468 1947 concu-

103 1964 225 2015 piſj'et.
285 1965 349 2001 Sic
368 1966 504 2002 Turio.
527 1966 632 2003 Flos.
656 1969 784 2004 Guelf.
808 1967 926 2004 Goth.
949 1967 1040 2015 (tac.
1062 1969 1191 2013 Gesn.)
1223 1970 1356 2018 Camp.
1377 1982 1468 2004 cum

103 2079 234 2122 „etin
252 2078 350 2115 aula.
963 2095 1100 2118 eorum
1147 2081 1250 2118 solus
1279 2081 1465 2118 Rollinus

410 2081 466 2115 Ita
500 2082 758 2123 euiminvidi
814 2096 911 2121 non,

102 2135 420 2178 „calumniantur
474 2138 578 2186 apud
628 2139 756 2175 Nero-

102 2206 242 2235 „nemz
278 2193 514 2238 Objiciekanc
534 2197 659 2235 eciam,
679 2197 754 2231 elo-

102 2251 303 2300 „quentiae
323 2251 472 2285 laudem
493 2251 643 2301 unifibi
663 2252 754 2302 asci-

103 2305 249 2355 „scer-e,
299 2316 337 2342 et
385 2310 549 2343 carmina
597 2311 754 2345 crebrius

102 2361 330 2409 „fac-citare,
363 2361 559 2412 postquam
609 2367 756 2402 Neroni

102 2433 240 2460 „amor
263 2433 388 2456 eorum
405 2420 599 2469 veniſjbw‘
629 2423 753 2459 Idem.

102 2475 261 2523 dialogi.
308 2478 445 2523 „Quos
470 2478 609 2514 Fabius
627 2481 755 2515 nomi-

101 2544 207 2573 „nat,
238 2547 309 2568 nec
330 2533 470 2568 ult1·a.“
528 2533 652 2572 Idem,

112 2601 115 2609 ¹
166 2599 255 2633 130.
280 2589 317 2641 fi
347 2604 478 2636 parum
516 2605 590 2626 non
623 2607 752 2628 concu-

98 2644 220 2695 piſjet.
298 2647 373 2681 Hic
421 2659 510 2682 cum
560 2648 750 2698 plerique,

100 2714 235 2738 contra
258 2705 367 2739 MSS.
384 2703 556 2752 quidem,
569 2706 752 2742 omittant

162 2761 267 2796 Tom-
299 2761 366 2796 IV.

808 2310 965 2350 „minus
1009 2310 1172 2344 studiose

814 2139 994 2187 dignatus
1022 2140 1072 2174 est
1095 2139 1380 2188 explanationis
1398 2138 1469 2173 ali·

813 2196 907 2245 quid
930 2196 1145 2244 aspergere:
1164 2196 1231 2236 „Si
1254 2195 1469 2243 quaedam“

811 2253 865 2288 ait
894 2252 961 2288 ille
1012 2252 1230 2293 „orationis
1271 2252 1467 2287 lenocinia

1215 2310 1374 2344 sectatus
1417 2309 1467 2343 es·

814 2367 936 2408 „set.“
984 2368 1138 2401 Praeter
1159 2365 1380 2413 neglectum
1402 2365 1468 2400 hic

813 2423 1072 2458 accusativum
1132 2422 1178 2456 ad
1233 2420 1467 2470 concupiſj‘et.

815 2479 886 2527 qui
920 2479 1053 2514 omitti
1087 2479 1140 2513 ita
1167 2478 1284 2513 latine
1307 2478 1469 2526 quidem

812 2549 893 2571 11011
931 2546 1104 2584 poterat,
1168 2549 1300 2582 parum
1346 2535 1468 2569 nimis

811 2592 953 2628 leviter
991 2592 1183 2640 accipitur
1223 2604 1297 2639 pro
1336 2594 1465 2631 minus.

810 2648 875 2684 vel
917 2662 1002 2683 non.
1089 2649 1302 2696 Gedoynus
1341 2647 1467 2683 multa

809 2705 927 2741 licere
956 2704 1028 2740 sibi
1060 2714 1179 2746 ratus,
1210 2704 1386 2740 nostrum
1407 2704 1467 2739 in·

963 2763 1000 2796 H
