1779 3062
311 163 410 211 534
628 155 704 200 M.
740 153 872 200 ΕΑΒ.
909 148 1324 214 QUINTILIANI

235 304 283 339 50
311 280 532 328 rientur.
614 280 696 328 An
727 277 1116 336 fortitudinem,
1157 278 1421 341 justitiam,
1461 276 1645 336 fidem,

236 760 278 796 5¹

311 357 716 413 continentiam,
764 354 1145 420 frugalitatem,
1189 366 1516 405 contemtum
1549 355 1647 405 do-

310 433 441 481 loris
471 449 527 480 ac
564 434 778 490 mortis,
819 431 1010 482 meh'us
1040 433 1129 480 alii
1163 431 1444 489 docebunt,
1485 449 1646 496 quam

310 509 566 566 Fabricii,
607 509 790 564 Curii,
830 508 1048 573 Reguli,
1089 508 1266 563 Decii,
1298 507 1491 562 Mutii,
1531 507 1646 554 alii-

311 601 417 651 que
447 585 898 634 innumerabiles?
978 588 1249 652 Quantum
1281 584 1426 631 enim
1461 583 1647 630 Graeci

311 664 603 728 praeceptis
639 661 831 718 valent,
867 671 1071 709 tantum
1101 660 1346 714 Romani,
1387 657 1536 722 quod.
1575 657 1648 706 est

311 741 507 799 majus,
550 738 815 803 exemplis.
895 741 1234 800 Tantumque
1272 752 1383 783 non
1416 736 1649 798 cognatis

309 813 370 863 id
413 832 441 863 e
486 815 642 864 rebus
683 814 957 864 admoueri
1001 812 1150 869 sciet,
1190 812 1285 874 qui
1328 827 1440 858 non
1482 804 1647 860 modo

309 892 617 958 proximum
644 902 866 958 tempuS‚
907 893 1188 954 lucemque
1213 885 1537 954 praesentem
1566 888 1649 936 in-

417 1074 481 1109 50.
514 1075 554 1101 ut
581 1079 654 1115 pro
685 1066 745 1103 Αη
776 1066 909 1102 Turio.
944 1062 1048 1098 Flor.
1078 1077 1110 1099 c.
1141 1054 1243 1098 Alm.
1287 1061 1434 1110 fidem,
1462 1044 1667 1097 mutinen-⁵*

306 1122 399 1156 tiam
438 1135 514 1158 om.
561 1125 693 1160 Turic.
737 1123 840 1158 Flor.
888 1134 918 1156 c.
960 1118 1063 1154 Alm.
1345 1118 1473 1167 aliqua
1511 1120 1649 1153 innum-

309 1177 443 1214 Ambr.
478 1190 513 1214 2.

420 1243 487 1277 51.
517 1243 662 1270 tantum
692 1234 791 1283 quod
820 1231 951 1266 Turio.
978 1230 1083 1264 Flor.
1115 1230 1250 1266 Ambr.
1273 1240 1309 1265 2.
1342 1229 1472 1267 Guelf.
1495 1241 1526 1266 σ.
1543 1230 1650 1270 Voss'.

1077 1289 1095 1309 e

305 1332 344 1367 5.
374 1323 472 1359 Vall.
508 1322 595 1358 Ald.
629 1323 737 1358 Bari!
771 1319 866 1357 Obr.
931 1332 1006 1354 non
1036 1322 1252 1368 conognotis
1286 1319 1324 1368 si
1366 1320 1412 1354 de
1451 1319 1551 1355 ribus
1599 1320 1650 1356 ad

304 1382 383 1416 veri
411 1382 473 1429 qui
503 1393 579 1415 non
608 1379 739 1414 Turic-
801 1392 873 1413 non
902 1390 965 1424 cog
966 1378 1069 1412 nocis
1091 1351 1149 1426 si³⁷
1159 1377 1205 1411 cle
1235 1377 1333 1411 ribus
1360 1376 1410 1412 ad
1436 1378 1515 1411 veri
1538 1391 1572 1426 q.
1608 1390 1645 1411 n.

305 1432 1649 1480 monne-reradmove1anmb12n.c.1'.er.

307 1494 470 1528 amoveri
502 1506 537 1542 q.
574 1506 609 1528 n.
638 1490 764 1528 Guelf.
823 1505 858 1525 n
896 1504 924 1524 c.
957 1491 1053 1524 idem
1085 1505 1113 1523 r.
1159 1489 1354 1524 admoneri
1393 1503 1428 1538 q.
1463 1503 1499 1524 n.
1531 1489 1650 1526 Goth.

307 1560 340 1583 c.
373 1548 480 1585 Voss.
520 1563 553 1583 1.
585 1556 621 1585 2.
651 1557 689 1591 5.
720 1546 820 1585 Vall.
853 1561 887 1582 η.
919 1559 947 1581 c.
980 1546 1018 1580 id
1048 1543 1098 1593 efi
1127 1559 1156 1579 r.
1187 1545 1378 1581 admoveri
1405 1560 1440 1594 q.
1470 1559 1505 1580 n.
1536 1547 1650 1581 Bern.

306 1618 341 1638 n.
380 1618 409 1639 c.
432 1602 619 1651 sideribus
644 1604 835 1639 admoneri
866 1616 901 1651 q.
934 1615 968 1636 η.
991 1602 1089 1640 Jens.
1121 1599 1213 1647 (tae.
1238 1601 1367 1646 Gesn.)
1398 1615 1428 1637 c.
1451 1601 1535 1636 edd.
1558 1601 1652 1650 post.

305 1671 390 1695 ante
430 1659 517 1694 Ald.
562 1672 636 1695 acc.
675 1659 770 1696 Ohr.
815 1657 918 1692 Illud
958 1657 1064 1705 quod
1105 1657 1171 1691 hio
1201 1655 1368 1705 legimus
1393 1656 1489 1706 sciet
1517 1656 1649 1693 nullus
1722 1679 1726 1691 f

304 1728 485 1752 meorum
526 1716 642 1751 habet
680 1726 766 1750 ante
805 1714 956 1761 Gryph.
994 1714 1173 1762 (1544),
1214 1714 1288 1748 nisi
1320 1713 1427 1761 quod
1457 1713 1649 1756 dese-ctum

306 1773 389 1819 ejus
421 1772 462 1807 in
495 1772 628 1820 Camp.
658 1784 739 1807 non
772 1771 920 1810 notavi,
950 1783 1019 1818 per
1051 1781 1221 1804 errorem
1251 1769 1355 1805 haud
1384 1769 1525 1810 dubie;
1577 1782 1650 1805 nec

304 1828 520 1877 quidquam
548 1829 728 1878 princeps
760 1826 825 1862 illa
855 1826 977 1862 editio
997 1835 1262 1873 praeterquam
1289 1825 1397 1873 quod
1417 1825 1456 1858 id
1485 1839 1504 1859 e
1532 1825 1649 1860 omit·

305 1885 363 1922 tit.
654 1884 841 1932 lucemque
868 1882 1106 1932 praesentem.
1170 1882 1233 1917 Sic
1262 1880 1358 1918 libri
1388 1891 1427 1917 et
1451 1881 1583 1930 scripti
1612 1891 1651 1917 et

362 2027 428 2062 50.
465 2018 564 2067 quod
590 2014 641 2068 est
671 2018 800 2062 majus.
872 2018 947 2054 Ve-
1005 2027 1083 2053 tem
1105 2017 1154 2053 est
1171 2027 1253 2051 vox
1272 2015 1397 2061 Aiacis
1425 2013 1526 2062 apud
1549 2013 1647 2050 Ovi·

303 2075 373 2110 lim
408 2075 592 2123 anteponi
625 2075 731 2110 hisce
758 2075 808 2114 id,
841 2073 949 2121 quod
1006 2073 1115 2109 dium
1166 2073 1324 2107 Metam.
1371 2079 1432 2115 15,
1475 2082 1537 2105 11.
1579 2078 1642 2106 ια.

303 2130 489 2167 facillime
504 2131 712 2166 excidebat.
738 2130 831 2165 Inde
847 2130 948 2164 orie·
1004 2138 1298 2177 „quantumque
1327 2138 1399 2174 ego
1435 2126 1559 2160 Marte
1593 2125 1646 2161 fe-

304 2196 369 2223 tur
394 2187 568 2236 legitima
598 2186 666 2221 illa
694 2185 879 2221 structura
911 2185 950 2220 id
1006 2185 1131 2226 „1‚·oci
1163 2184 1359 2230 Quantum
1403 2181 1484 2216 acie
1512 2181 1646 2222 valeo,

299 2243 398 2293 quod
425 2244 493 2290 (cf.
527 2246 559 2291 ᾖ.
588 2243 666 2288 8η)
707 2255 804 2289 quae
840 2253 946 2290 prae·
1005 2250 1182 2282 „tantum
1198 2238 1300 2274 valet
1318 2238 1383 2274 iste
1403 2237 1647 2286 loquendoss‘

298 2299 408 2336 mitra
427 2300 522 2335 voci
541 2298 717 2346 exemplis
734 2297 876 2333 excitat
894 2297 947 2333 le·
1002 2296 1198 2331 Admonet
1221 2294 1445 2330 Pass'eratius
1477 2292 1556 2329 loci
1581 2292 1648 2329 Ci-

299 2367 447 2392 ctorem
487 2364 525 2391 et
560 2354 715 2403 pondus
748 2353 856 2388 addit
895 2353 945 2387 se-
1004 2350 1202 2390 ceroniani
1229 2352 1275 2386 de
1297 2349 1365 2386 Or.
1388 2359 1426 2394 5,
1460 2356 1524 2395 54.
1576 2359 1647 2389 „ut

301 2412 448 2460 quenti.
537 2411 650 2447 Certe
697 2409 875 2444 Tacitum
917 2409 946 2444 si
1001 2407 1186 2447 „virtutis
1210 2421 1228 2441 a
1248 2406 1396 2445 nostnis‚
1423 2404 1474 2441 [ic
1501 2405 1646 2440 doctri·

298 2468 398 2503 forte
430 2467 652 2503 cle-decuerit
679 2465 810 2500 minus
839 2479 946 2513 prae·
1004 2476 1099 2505 „nae
1131 2464 1214 2498 sunt
1235 2463 1280 2498 ab
1304 2462 1422 2497 itlis“
1449 2460 1645 2507 (Graecis)

300 2524 370 2559 cisa
391 2522 625 2570 hujusmodi
647 2521 786 2561 oratio,
824 2520 947 2568 Quin·
1006 2518 1209 2568 „exempla
1231 2517 1476 2567 repetenda-‘⁸

299 2579 428 2615 tiliani
460 2579 580 2615 nofiri
614 2578 745 2613 eadem
769 2576 817 2611 est
840 2589 948 2626 pror-

301 2635 378 2674 sus:
411 2648 482 2670 uec
511 2636 690 2674 Gez'nero,
712 2632 869 2681 gloffam
891 2633 949 2667 fu·
1063 2640 1129 2674 51.
1164 2629 1563 2680 Tantumque—sciet.
1582 2629 1646 2666 De

303 2686 474 2738 (picanti,
495 2690 683 2726 alsentiar.
715 2689 862 2726 Similis
884 2697 948 2724 au·
1007 2688 1068 2725 his
1090 2688 1137 2734 cf,
1159 2698 1241 2724 not.
1263 2688 1348 2723 crit.
