1779 3062
419 191 584 238 INST.
620 189 899 245 ORATOR,
932 193 1055 239 LIB.
1091 192 1189 250 XI,
1237 204 1284 249 3.
1421 201 1518 250 599

177 318 465 371 inhibent?
504 315 834 381 supplicant?
867 317 1126 382 probant?
1162 316 1519 366 admirantur?

180 393 644 446 verecundantur?
685 394 815 440 Non
847 395 905 441 in
941 392 1360 443 demonstrandis
1389 394 1521 443 locis

181 490 238 522 ac
276 467 515 537 personis
547 468 923 518 adverbiorum
955 481 1112 534 atque
1135 472 1523 534 pronominum

182 550 426 600 obtinent
446 547 654 596 vicem?
694 546 767 593 Ut
789 545 847 591 in
866 555 1006 593 tanta
1023 563 1118 611 per
1142 564 1324 596 omnes
1345 558 1523 613 gentes

181 627 536 688 nationesque
597 624 813 687 linguae
882 620 1182 687 diversitate
1241 623 1330 671 hic
1385 624 1526 672 mihi

184 703 430 753 omnium
447 701 480 749 h
490 701 737 749 ominum
760 700 1057 746 communis
1079 698 1248 748 sermo
1265 698 1522 750 videatur.

180 783 247 829 Et
275 779 334 827 hi
369 777 615 842 quidem,
654 776 720 824 de
755 775 951 840 quibus
982 773 1099 822 sum
1124 776 1359 834 locutus,
1399 793 1519 824 cum
1545 789 1598 829 8ss

181 854 307 921 ipsis
340 854 565 903 vocibus
603 852 914 901 naturaliter
955 863 1149 899 exeunt
1172 851 1382 917 gestus:
1433 854 1523 901 alii

181 932 318 990 sunt,
360 932 457 996 qui
486 947 570 979 res
603 929 904 978 imitatione
933 926 1259 993 significant:
1298 940 1361 978 ut
1380 928 1422 978 si
1444 947 1525 978 ae-

183 1109 316 1158 Camp.
357 1104 519 1156 Reliqui
553 1103 726 1141 inserunt
748 1104 919 1148 eaedem,
949 1102 1011 1141 sed
1029 1107 1131 1143 Voss.
1155 1121 1188 1142 1.
1215 1113 1250 1151 3.
1275 1104 1415 1143 eodem.
1440 1105 1526 1144 No·

182 1166 259 1202 stro
291 1165 429 1200 ordine
466 1163 631 1213 inhibenf
652 1161 870 1212 supplicant
890 1164 1023 1198 Turic.
1047 1162 1151 1198 Flor.
1178 1164 1311 1200 Ambr.
1334 1176 1369 1201 2.
1396 1163 1524 1200 Guelf.

184 1222 304 1258 Goth.
335 1217 430 1272 (tac.
454 1220 595 1264 Gesn.)
627 1219 699 1254 inh.
731 1220 835 1268 prob.
860 1219 987 1269 suppl.
1018 1221 1150 1267 Camp.
1194 1221 1354 1268 Reliqui
1379 1219 1413 1270 s.
1439 1222 1462 1257 ι’.
1484 1236 1523 1269 p.

185 1279 284 1317 Jens.
315 1279 452 1313 Nonne
481 1278 530 1310 in.
581 1288 671 1309 cum
704 1276 789 1310 edd.
822 1276 980 1324 posterr.
1012 1287 1096 1311 ante
1123 1276 1215 1312 Bad.
1245 1277 1291 1312 cf.
1318 1290 1379 1317 10,
1405 1290 1439 1318 1,
1459 1283 1526 1323 43.

187 1335 319 1382 Camp.
347 1332 553 1368 nobiscum
580 1345 621 1365 ac
643 1330 820 1380 personis.
841 1332 973 1367 Turic.
987 1332 1090 1368 Flor.
1112 1342 1152 1366 at
1168 1347 1205 1380 p.
1239 1332 1400 1381 Reliqui
1420 1342 1530 1383 atque

184 1405 223 1439 p.
247 1391 381 1426 Ambr.
400 1398 436 1424 2.
458 1388 584 1424 Guelf.
607 1397 672 1422 aut
690 1388 880 1422 verborum
903 1391 991 1436 (pro
1014 1389 1292 1432 adverbiorum)
1315 1402 1404 1424 cum
1423 1389 1529 1427 Voss.

193 1461 228 1482 1.
259 1456 296 1490 3.
320 1449 432 1481 Bern.
454 1446 735 1494 praenominum
765 1443 891 1480 Guelf.
919 1458 1008 1479 eum
1039 1458 1160 1492 marg.
1188 1445 1300 1480 Bam.
1321 1447 1391 1493 qui
1412 1446 1529 1480 etiam

187 1513 252 1544 „ec
262 1503 370 1538 verb.
385 1509 422 1535 et
431 1507 591 1548 praen.“
604 1499 721 1535 Goth.
733 1508 841 1534 cantu
853 1501 944 1548 (pro
959 1502 1096 1543 tanta).
1131 1501 1262 1536 Turio.
1275 1500 1378 1537 flor.
1392 1497 1525 1550 Cr'trnp.

189 1560 377 1595 omittunt
406 1557 595 1591 hominum
620 1555 706 1604 post
732 1558 894 1590 annium
924 1568 1010 1590 cum
1031 1556 1134 1592 Alm.
1175 1559 1292 1592 Recte
1318 1567 1529 1605 utrumque

187 1614 435 1650 retinendum
466 1613 596 1647 suadet
622 1611 803 1647 Oudend.
826 1612 872 1646 ad
894 1614 1052 1647 Sueton.
1072 1613 1150 1647 Tit.
1172 1625 1202 1647 c.
1218 1620 1255 1656 3.
1296 1613 1384 1648 Post
1403 1615 1530 1648 videa-

187 1681 246 1706 tur
277 1670 374 1706 Obr.
402 1668 559 1714 subjicit
588 1669 738 1708 haberi,
771 1668 873 1703 unde
903 1668 1017 1717 plena
1040 1669 1089 1704 fit
1112 1669 1329 1704 hexametri
1344 1669 1529 1711 clausula,

186 1740 283 1776 quae
313 1727 356 1761 in
382 1724 541 1773 vulgata
569 1724 724 1760 nonnisi
746 1738 765 1759 a
788 1725 987 1761 scandente
1009 1726 1182 1767 eruitur,
1214 1737 1252 1760 et
1270 1725 1348 1761 hoc
1371 1727 1532 1774 quidem

184 1784 316 1834 prosae
343 1794 483 1818 nocere
512 1780 716 1816 reetiffime
744 1792 859 1829 negat
880 1784 912 1818 Ι.
936 1784 987 1817 H.
1009 1782 1184 1824 Vollius;
1216 1782 1309 1817 vide
1330 1796 1402 1818 nos
1423 1783 1470 1818 ad
1494 1796 1531 1832 9,

190 1847 228 1885 4·
265 1847 330 1884 52.

276 1958 342 1997 83.
374 1951 412 1986 hi
444 1950 602 2000 quidem.
636 1949 698 1985 Sic
727 1949 860 1986 Turic.
890 1950 1025 1986 Ambr.
1053 1960 1090 1986 2.
1119 1950 1245 1987 Guelf.
1277 1952 1410 2001 Camp.
1444 1966 1534 1990 eum

191 2008 293 2046 Alm.
324 2007 427 2047 Vols.
453 2018 490 2043 2.
509 2006 622 2043 Bam.
646 2005 807 2056 Reliqui
829 2009 856 2042 ii
876 2021 909 2057 q.
941 2008 1003 2044 sed
1026 2007 1145 2044 Goth.
1173 2009 1270 2046 Jens.
1290 2009 1378 2056 (tac.
1404 2010 1534 2055 Gesn.)

251 2173 315 2212 87.
340 2164 567 2215 supplicant.
611 2164 741 2199 Miror
771 2177 837 2199 ne·
892 2164 1121 2214 ponendum
1149 2164 1339 2215 spernunt.
1386 2169 1536 2217 [Sagax

191 2225 339 2260 minem
362 2221 514 2257 haesisse
536 2222 579 2256 in
599 2220 676 2256 hoc
696 2221 832 2257 verbo.
893 2223 1031 2270 utique
1075 2223 1306 2264 inventu1n;
1363 2226 1470 2273 quod
1508 2225 1538 2260 si

186 2279 302 2327 GQuid
332 2279 437 2314 enim
469 2277 538 2319 est,
567 2278 673 2326 quod
690 2275 837 2326 suppli·
895 2279 1019 2313 audax
1038 2279 1152 2314 sunul
1169 2280 1370 2321 videatur,
1402 2292 1537 2317 auctor

194 2336 303 2371 candi
325 2335 469 2370 iterum
491 2334 730 2369 mentionem
746 2336 837 2370 facit
894 2335 964 2369 sim
989 2336 1172 2382 ejiciendi
1198 2337 1310 2386 plane
1332 2339 1433 2373 illud
1446 2337 1536 2387 sup·

195 2391 322 2427 noster
341 2390 407 2436 (cf.
430 2390 551 2425 modo
577 2393 610 2436 ᾖ.
626 2390 725 2438 36.),
747 2404 837 2427 cum
894 2392 1057 2440 plicant,
1106 2393 1212 2441 quod
1251 2408 1374 2430 unum
1411 2395 1536 2430 sedem

194 2446 418 2497 praesertim
447 2446 514 2480 hic
544 2447 737 2482 manifesta
766 2449 840 2484 sint
897 2448 1016 2483 fixam
1037 2450 1077 2484 in
1099 2449 1209 2484 codd.
1233 2464 1312 2486 non
1333 2451 1468 2488 habet:
1495 2459 1539 2486 ut

198 2503 397 2538 actionum
425 2502 554 2550 paria,
596 2515 668 2538 nec
696 2503 842 2553 suppli·
899 2505 972 2540 tria
1003 2505 1140 2540 ultima
1169 2508 1286 2543 verba
1316 2509 1393 2543 fine
1414 2506 1536 2557 paral-

199 2568 286 2594 cant
317 2558 371 2593 ita
401 2558 626 2607 respondeat
664 2558 729 2595 illi
755 2575 841 2607 pro·
896 2560 1047 2597 lelismo
1073 2562 1218 2608 adjecta
1238 2564 1332 2605 sint,
1362 2558 1536 2601 ficut‘ul-

199 2616 300 2655 bant,
339 2625 384 2650 ut
411 2616 592 2650 concitare
626 2616 840 2657 inhibendo,
897 2618 988 2653 tima
1010 2619 1123 2653 etiam
1158 2620 1199 2655 in
1219 2621 1536 2668 praecedentibus

197 2672 378 2707 admirari
413 2672 720 2707 verecundando?
769 2676 838 2709 Su·
895 2675 1066 2711 nomina.
1089 2677 1280 2721 BUTTM.]

196 2727 323 2778 spicer
344 2739 436 2778 ergo
455 2740 530 2778 pro
541 2725 758 2779 supplicant
779 2743 838 2767 re-
