1779 3062
170 173 270 218 252
486 156 563 204 M.
600 157 737 203 FAB.
776 156 1198 219 QUlNT1L1AN1

168 290 227 339 in
259 287 346 345 iis,
384 301 485 352 pro
514 282 713 351 quibus
751 299 991 350 agemus,
1032 281 1360 333 observanda
1390 281 1528 332 sunt.

168 368 339 417 Aliter
369 365 513 411 enim
553 379 654 428 pro
686 362 791 411 alio
821 360 971 427 saepe
1003 360 1296 409 dicendum
1339 360 1428 419 est,
1467 368 1538 410 ut-

167 445 400 510 quisque
433 436 703 510 honestas,
747 438 974 497 humilis,
1017 434 1326 510 invidiosus,
1353 435 1531 509 favo-

170 519 350 571 rabilis
377 523 499 577 erit,
554 518 751 581 adjecta
784 516 1184 584 propositorum
1222 532 1442 582 quoque
1477 525 1531 564 et

168 610 433 649 anteactae
465 598 600 646 vitae
626 591 936 646 differentia.
1005 598 1024 649 J
1033 593 1376 643 ucundiffima
1396 608 1530 642 vero

166 680 224 729 in
274 687 481 727 oratore
522 675 837 733 humanitas,
897 669 1172 743 facilitas,
1230 672 1531 729 moderatio,

167 754 535 806 benevolentia.
585 752 687 803 Sed
720 753 811 800 illa
850 768 1069 816 quoque
1094 749 1302 799 diversa
1323 750 1531 799 bonum

166 824 348 885 virum
386 833 601 890 decent,
679 830 848 879 malos
899 826 1089 888 odssse,
1165 829 1380 895 publica
1411 829 1537 876 vice¹

132 944 135 945 ν
170 911 520 967 commoveri,
558 910 738 958 ultum
773 909 852 956 ire
885 905 1077 955 scelera
1110 917 1162 955 et
1190 907 1438 966 iniurias:
1479 914 1532 954 et

94 1007 146 1044 45
171 991 368 1050 omnia,
410 998 469 1037 ut
497 989 654 1035 initio
681 986 808 1043 dixi,
845 984 1079 1034 honesta.
1152 986 1269 1033 Nec
1305 995 1534 1042 tantum,

167 1070 286 1134 quis
308 1077 358 1117 et
384 1082 486 1131 pro
522 1082 641 1131 cluo,
675 1062 766 1112 sed
792 1065 982 1128 etiam,
1021 1063 1168 1128 apud
1192 1080 1343 1128 quem
1374 1060 1533 1120 dicas,

191 1275 193 1277 ,
254 1241 322 1283 42.
367 1234 530 1279 adjecta.
580 1230 715 1268 Turic.
763 1229 903 1266 delicta
954 1243 1043 1266 cum
1075 1229 1179 1271 Alm,
1230 1231 1380 1267 adlecta
1425 1228 1531 1268 Flor.

166 1293 208 1340 (a
228 1306 286 1340 pr.
308 1291 379 1336 m.)
421 1290 467 1326 cf.
500 1293 535 1337 ᾗ.
557 1296 622 1332 55.
859 1287 1145 1336 propositorum.
1188 1288 1322 1322 Turio.
1360 1282 1533 1336 proposi·

167 1352 324 1386 tionum.
562 1353 767 1380 anteactae.
799 1342 934 1378 Turic.
968 1345 1102 1394 Camp.
1144 1353 1264 1380 accae.
1294 1342 1398 1379 Flor.
1427 1352 1536 1378 accae

168 1416 270 1443 ante.
307 1406 405 1440 Mox
431 1403 566 1440 Turio.
607 1401 854 1450 d1fferentiae.
1151 1400 1378 1436 humanitas.
1410 1397 1533 1434 Goth.

164 1463 390 1511 jucunditaS,
424 1461 536 1496 mire.
753 1458 873 1493 ultum
892 1459 954 1492 ire.
988 1458 1124 1494 Turio.
1155 1457 1261 1493 Flor.
1291 1457 1371 1493 vult
1391 1456 1535 1492 cineris.

165 1521 244 1555 Hic
265 1533 282 1553 a
306 1520 373 1554 sec.
398 1531 450 1553 m.
492 1514 626 1564 ulcisci.
665 1515 765 1549 Mox
797 1522 833 1548 et
864 1515 1019 1559 injurias
1048 1515 1171 1549 iidem
1205 1513 1321 1559 (alter
1342 1526 1363 1548 a
1381 1526 1441 1563 pr.
1461 1508 1536 1559 m.)

166 1575 359 1612 omittunt
380 1587 469 1609 eum
489 1572 594 1608 Alm.
630 1571 700 1619 qui
721 1570 761 1606 in
785 1570 922 1606 nostris
946 1570 1101 1606 turbare
1128 1570 1286 1607 dicitur.

255 1642 291 1666 et
313 1632 439 1666 omnia
458 1649 511 1656 —
531 1625 693 1676 honesta.
736 1627 869 1662 Tun-ic.
901 1626 1007 1663 Flor.
1051 1622 1135 1680 (hic
1167 1640 1187 1660 a
1213 1627 1280 1662 sec.
1301 1641 1354 1663 m.
1383 1637 1535 1663 utrum-

169 1701 245 1738 que
277 1697 318 1723 ut
348 1686 473 1730 tollit)
506 1697 546 1720 uc
567 1699 601 1724 ο.
623 1699 657 1720 u.
681 1686 704 1720 i.
726 1684 762 1720 d.
784 1692 825 1718 ut
846 1684 881 1720 h.
910 1684 1101 1733 posterius
1126 1696 1217 1720 cum
1238 1683 1343 1720 Alm.

191 1786 193 1789 ἱ
252 1751 320 1793 43.
365 1745 458 1794 quis.
499 1742 632 1778 Turio.
674 1740 779 1778 Flor.
821 1742 883 1790 qui
923 1754 1015 1778 cum
1039 1740 1143 1777 Alm.

227 1800 288 1821 χ

225 1885 289 1924 42.
332 1873 513 1921 honestus.
555 1875 728 1924 Apparet
775 1887 825 1910 ex

167 1937 350 1988 opposito
371 1934 432 1970 vis
453 1932 653 1972 vocabuli,
667 1932 714 1967 cf.
735 1945 769 1972 1,
788 1946 824 1972 1,

168 2003 235 2039 28.
272 2005 315 2041 9,
350 2001 398 2031 2,
433 1990 500 2026 61.
537 2003 609 2031 ιι,
645 1998 695 2032 5,
732 1997 821 2031 157·

164 2053 303 2087 Horat.
328 2048 373 2083 ad
399 2047 470 2082 Pis.
500 2055 594 2089 213.
643 2047 698 2079 Ita
714 2044 825 2092 frugi

165 2108 323 2155 usurpat
343 2104 467 2140 Plaut.
479 2103 522 2138 in
534 2101 666 2138 Aulul.
684 2107 720 2145 4,
733 2113 770 2149 9,
785 2101 821 2137 6.

165 2165 310 2199 Eadem
344 2161 444 2197 ratio
485 2160 533 2195 est
569 2157 745 2207 invidiosi
778 2157 826 2192 ad

160 2219 430 2270 favorabilem,
463 2218 509 2253 de
533 2228 612 2264 quo
635 2214 728 2250 vide
753 2226 824 2249 nos

169 2278 217 2315 ad
246 2283 294 2323 4,
334 2290 376 2316 ι,
417 2284 482 2310 20.
525 2283 562 2308 et
594 2282 673 2307 erat
703 2270 825 2306 modo

169 2338 205 2383 ς.
227 2340 290 2378 28.
312 2329 520 2379 Invidiosus
538 2328 663 2377 igitur
686 2328 753 2362 hic
776 2326 826 2362 est

170 2404 263 2429 non,
297 2400 340 2424 ut
362 2389 609 2438 plerumque,
643 2384 714 2433 qui
733 2383 826 2419 facit

170 2447 376 2486 invidiam,
411 2444 472 2479 sed
495 2443 565 2492 qui
585 2442 738 2478 laborat
757 2452 823 2481 ea;

173 2504 219 2538 cf.
248 2503 350 2538 dicta
373 2502 420 2537 ad
444 2507 478 2543 4,
517 2514 552 2540 1,
585 2509 652 2545 42.

229 2558 520 2608 propositorum.
562 2557 640 2590 Hic
664 2554 826 2603 quidem

172 2614 370 2666 proposita
426 2614 471 2649 ad
523 2626 653 2648 mores
702 2611 828 2659 magis

175 2673 357 2721 spectant,
394 2683 508 2719 quam
530 2670 577 2704 ad
596 2671 687 2704 artis
710 2669 830 2703 ratio-

175 2741 266 2768 nes,
309 2738 446 2777 utpote
478 2727 525 2762 de
552 2725 697 2775 quibus
727 2724 833 2760 dixit

881 1876 1004 1911 modo
1033 1879 1069 1924 ᾖ.
1092 1884 1157 1919 52.
1179 1875 1243 1910 Est
1261 1874 1411 1924 aliquid
1433 1873 1538 1910 [imi-

883 1931 919 1967 le
946 1943 981 1972 2,
1014 1943 1050 1973 2,
1083 1943 1119 1976 7.
1151 1933 1226 1967 Sed
1260 1946 1371 1981 egere
1393 1932 1440 1968 de
1467 1931 1538 1967 hac

881 1988 1064 2038 potestate
1110 1989 1440 2038 Lexieographi;
1494 1987 1538 2023 id

880 2059 1041 2082 monere
1062 2059 1142 2082 non
1164 2045 1447 2093 supervacuum
1474 2045 1538 2081 vi·

882 2102 1017 2141 detur,
1061 2100 1300 2151 propositum
1334 2102 1406 2137 effe
1441 2102 1537 2148 ejus,

885 2158 955 2208 qui
983 2171 1064 2194 non
1094 2159 1138 2193 in
1170 2157 1275 2193 diem
1305 2158 1434 2199 vivit,
1475 2157 1538 2193 sed

885 2226 1027 2250 certam
1047 2215 1119 2250 sibi
1138 2214 1241 2250 vitae
1262 2214 1454 2250 rationem
1474 2214 1537 2249 de-

883 2271 1043 2320 scripsit,
1076 2284 1174 2318 quae
1202 2284 1251 2306 ex
1272 2270 1425 2306 novitia
1450 2270 1538 2306 lati-

884 2328 1005 2363 nitate
1034 2329 1222 2378 principia
1250 2326 1374 2363 solent
1407 2325 1538 2378 appel-

882 2383 969 2420 lari.

939 2441 1089 2490 publica
1109 2443 1189 2478 vice
1218 2442 1450 2478 commoveri.
1490 2439 1538 2477 cf.

886 2497 932 2539 6.
965 2509 1008 2539 2,
1042 2506 1108 2542 ¹55.

943 2564 984 2589 uc
1046 2557 1154 2592 initio
1203 2556 1296 2590 dixi.
1354 2554 1537 2602 „Nempe

886 2610 1035 2658 „hujus
1058 2611 1290 2661 argumenti,
1302 2610 1348 2646 de
1365 2623 1410 2646 eo
1429 2608 1537 2658 quod

887 2668 1037 2710 „decen
1069 2669 1093 2705 s.
1122 2674 1210 2713 ¹4·“
1248 2667 1449 2703 Gesnerus.
