1779 3062
316 205 411 261 506
640 202 714 248 M.
750 203 884 248 FAB.
924 202 1341 263 QUINTILIANI

316 330 484 387 facto,
526 345 648 378 cum
671 327 742 376 est
765 327 1046 395 repetenda
1067 329 1352 387 memoria,
1391 329 1664 394 incipiunt

319 408 382 455 ab
405 407 560 455 initio
585 406 700 455 loca
721 406 848 454 haec
872 404 1152 463 recensere,
1193 416 1259 463 et,
1285 405 1435 470 quod
1466 408 1663 471 cuique

325 483 708 540 crediderunt,
741 482 1044 548 reposcunt,
1091 493 1153 530 ut
1201 498 1388 531 eorum
1430 483 1663 548 imagine

325 561 704 609 admonentur:
743 562 817 607 ita
847 560 1136 624 quamlibet
1164 559 1332 606 multa
1365 556 1485 616 sint,
1523 570 1750 623 quo-988

323 655 448 687 rum
481 633 770 685 meminisse
812 647 1079 703 oporteat,
1126 634 1272 683 fiunt
1301 634 1509 699 singula
1537 653 1664 684 con-

323 731 456 764 nexa
492 713 723 778 quodam
759 714 948 771 choro,
985 730 1053 760 ne
1081 722 1255 760 errent
1285 715 1680 776 conjungentes*

323 791 596 858 prioribus
651 789 921 855 sequentia
984 788 1096 838 solo
1151 787 1419 838 ediscendi
1469 789 1663 841 labore.

323 948 423 971 voce
459 935 685 982 impluvium.
744 934 843 968 Mox
870 936 1003 983 Camp.
1033 935 1244 982 incipimus,
1274 931 1386 967 male.
1629 940 1670 967 ut

324 1005 462 1026 eorum.
495 990 556 1025 Sic
575 989 698 1026 Guelf.
717 989 815 1027 Vall.
842 1005 889 1025 ex
910 1003 1033 1037 eoque
1054 991 1146 1025 Bad.
1179 988 1338 1037 Reliqui
1356 997 1391 1023 el:
1413 1002 1442 1023 e.
1613 990 1670 1024 ita

326 1047 538 1097 quamlibet.
573 1047 635 1080 Sic
668 1047 772 1082 flor.
806 1057 838 1081 et
866 1062 898 1095 q.
935 1047 1066 1095 Camp.
1097 1045 1317 1093 Reliquiae
1338 1059 1370 1092 q.
1548 1043 1668 1091 fiunt.

323 1104 388 1138 Sic
411 1102 544 1137 Turic-
567 1101 670 1137 Flor.
694 1102 820 1138 Guelf.
847 1105 978 1150 Camp.
1001 1116 1089 1137 011111
1109 1102 1226 1137 Goth.
1251 1102 1354 1137 Voss.
1379 1111 1414 1137 2.
1442 1099 1541 1137 Vall.
1568 1101 1668 1140 Jens.

323 1160 440 1194 Tarv.
458 1158 565 1205 fiant
584 1159 714 1194 Locat.
740 1172 826 1193 cum
844 1160 1002 1207 posterr.
1025 1170 1108 1193 ante
1129 1158 1217 1194 Ald.
1239 1170 1315 1192 acc.
1336 1157 1428 1193 Bad.
1444 1156 1553 1192 Basil.
1570 1158 1668 1193 Obr-

317 1214 408 1264 sunt
442 1214 628 1248 exhibent
656 1216 750 1249 Exc.
777 1217 929 1267 §antem
957 1215 1109 1248 fortasse
1135 1228 1203 1261 per
1226 1226 1397 1247 errorem
1421 1213 1669 1253 conferentis,

323 1271 368 1305 in
400 1280 499 1304 tanta
531 1268 681 1315 alioqui
710 1270 829 1314 hujus
854 1271 949 1308 Cod.
983 1281 1019 1305 et
1050 1269 1176 1305 Guelf.
1201 1267 1469 1304 similitudine.
1510 1269 1670 1317 Reliqui

317 1327 407 1375 sint.
451 1325 574 1360 Modo
600 1326 715 1360 multa
736 1325 791 1374 sit
811 1327 942 1361 Turic.
969 1326 1070 1361 Flor.
1104 1327 1202 1361 Mox
1221 1338 1292 1373 pro
1314 1338 1477 1359 connexa
1497 1325 1601 1361 Flor.
1622 1329 1672 1371 (a

323 1395 383 1430 pr.
402 1375 486 1432 m.)
518 1395 658 1420 nececa,
686 1396 704 1416 a
727 1383 795 1417 [00.
818 1394 968 1423 autem,
999 1383 1071 1417 nisi
1097 1381 1145 1416 esi:
1167 1394 1276 1417 error
1295 1381 1554 1421 conferentis,
1586 1395 1670 1418 con·

323 1441 425 1474 nixa,
660 1439 782 1479 choro,
806 1453 850 1473 ne
869 1449 998 1474 errent.
1030 1438 1163 1476 Turic.
1180 1440 1421 1486 (quanquam
1446 1451 1492 1472 ex
1513 1438 1590 1472 hoc
1611 1452 1672 1474 10-

323 1496 449 1531 fertur
475 1496 597 1542 coria)
626 1493 730 1530 Flor.
756 1495 882 1530 Guelf.
910 1497 1002 1531 Exc.
1026 1498 1176 1530 Samen.
1202 1496 1302 1529 corio
1326 1503 1490 1529 onerant.
1534 1494 1672 1529 Solum

324 1554 423 1586 corio
446 1551 656 1587 ostenditur
680 1565 726 1585 ex
744 1551 858 1587 Bodl.
882 1551 980 1589 Vall.
1002 1564 1039 1587 et
1056 1552 1106 1586 sic
1129 1551 1177 1586 esi
1199 1551 1240 1585 in
1265 1551 1397 1599 Camp.
1412 1550 1530 1587 Goth.
1573 1552 1674 1587 Mox

327 1607 589 1657 consequentia
609 1606 712 1643 Flor.
735 1608 867 1656 Camp.
890 1621 979 1643 011111
1002 1607 1104 1644 Α1111.

383 1742 448 1768 20.
474 1731 846 1767 ut—aclmonentur.
877 1756 901 1771 ,‚
922 1731 970 1766 Ut
1027 1732 1124 1768 locis
1156 1743 1227 1767 nec
1257 1730 1496 1779 imaginibus
1524 1743 1673 1767 memo·

322 1790 387 1831 ,‚i.
409 1790 617 1823 secundum
641 1788 793 1835 quod.“
815 1787 968 1822 Badius.
1027 1791 1106 1823 riae
1136 1787 1468 1823 subvenientibus.
1541 1788 1674 1834 Qualis

377 1844 485 1891 fiunt
508 1844 662 1893 singula
701 1842 970 1889 ——ediscencli

323 1903 463 1951 gabon».
515 1901 593 1934 Hic
625 1900 746 1934 sensns
774 1912 861 1933 cum
890 1911 970 1934 11011

325 1957 538 1994 constanter
554 1957 618 1996 ita,
632 1966 674 1990 ut
685 1955 748 1990 hic
761 1966 969 2003 comparet,

325 2016 369 2050 111
389 2012 644 2048 vetustiffimis
675 2011 786 2047 libris
809 2010 970 2058 legatur,

325 2083 399 2107 nos
433 2080 576 2109 autem,
616 2081 729 2116 qnam
760 2067 970 2102 minimum

325 2127 417 2163 fieri
439 2126 580 2173 potuit,
599 2124 892 2159 concesserimus
913 2138 971 2159 re·

326 2182 497 2218 centium
515 2180 819 2219 mutationibus3
843 2190 970 2215 tamen

325 2251 407 2275 non
437 2238 511 2271 nisi
542 2236 703 2284 suspensi
734 2247 770 2271 et
794 2236 970 2270 dubitau-

325 2306 386 2331 ter
417 2294 462 2328 de
486 2294 567 2339 ejus
594 2293 774 2327 sententia
798 2304 970 2339 pronun-

327 2351 530 2386 ciabimus.
579 2348 688 2383 Nexa
708 2347 801 2382 haec
826 2347 969 2387 omnia,

328 2420 425 2455 quae
455 2406 585 2440 animo
615 2403 828 2451 affigimus,
880 2416 970 2437 cum

325 2464 404 2499 ,sint
425 2463 528 2497 inter
556 2461 590 2495 se
611 2473 679 2508 per
707 2458 815 2493 illam
836 2459 970 2493 aedifi-

328 2519 381 2555 cii
402 2518 601 2565 cujusdam
623 2516 755 2563 magni
777 2515 971 2561 subjacen-

324 2586 403 2611 tem
426 2575 573 2614 cnnctis
594 2573 824 2619 imaginem,
857 2583 966 2605 cave-

323 2642 388 2667 tur
420 2643 546 2670 error,
585 2628 629 2662 in
651 2640 765 2675 quem
787 2637 966 2674 poterant

1029 1856 1156 1879 autem
1186 1842 1253 1878 1110
1283 1843 1334 1878 est
1365 1841 1506 1879 error?
1545 1845 1674 1880 Potest

1030 1901 1132 1936 enim
1159 1899 1311 1947 duplici
1332 1899 1452 1934 modo
1477 1900 1609 1948 accipi,
1631 1911 1674 1937 ut

1028 1955 1094 1991 vel
1112 1970 1156 1991 eo
1181 1957 1261 2003 ipso
1284 1966 1446 1995 erretur,
1460 1957 1565 2004 quod
1582 1969 1673 1993 con·

1029 2024 1085 2048 tra
1130 2025 1246 2060 quam
1288 2011 1480 2048 debebant
1510 2014 1672 2060 conjun-

1027 2080 1125 2116 gunt
1144 2067 1346 2116 prioribus
1371 2067 1576 2115 sequentia,
1607 2067 1673 2104 vel

1026 2125 1129 2159 111101·
1151 2123 1253 2157 illud
1273 2123 1539 2170 conjungendi
1552 2137 1673 2172 nego·

1028 2181 1128 2215 tium
1150 2178 1299 2226 aliquid
1325 2189 1516 2226 peccetur.
1577 2182 1673 2217 Con-

1023 2237 1218 2283 jungences
1239 2235 1370 2282 itaque
1391 2234 1463 2270 erit
1475 2247 1561 2273 aut:
1586 2250 1671 2271 oon·

1027 2292 1238 2338 jungendo,
1278 2301 1362 2326 aut:
1397 2292 1494 2326 inter·
1523 2294 1670 2337 conjun-

1288 2347 1401 2382 Prius
1446 2348 1475 2383 si
1516 2348 1671 2397 probas,

1028 2403 1169 2439 inutile
1211 2403 1421 2449 memoriae
1459 2405 1673 2440 ostenditur

1028 2459 1147 2495 nullis
1199 2458 1416 2494 intervallis
1459 2461 1671 2496 constitutis

1029 2527 1149 2551 totam
1171 2516 1387 2550 orationem
1405 2517 1669 2552 continuando

1023 2573 1171 2619 semper
1225 2571 1427 2620 prioribus
1476 2572 1670 2620 sequentia

1023 2629 1213 2664 detexere,
1273 2629 1324 2662 Et
1349 2628 1471 2663 fateor
1490 2628 1588 2663 hanc
1607 2641 1666 2663 ra-

1027 2348 1200 2396 gendum.

323 2687 494 2722 incidere
518 2686 587 2734 qui
607 2683 710 2718 nihil
730 2682 835 2717 aliud
849 2695 964 2730 quani
1020 2684 1169 2720 tionem
1188 2682 1300 2728 *mihi
1320 2684 1450 2718 videri
1472 2684 1664 2720 consenta-

323 2741 623 2780 ediscuntverba
641 2740 731 2790 ipsa,
749 2737 867 2776 nullis
889 2752 960 2776 nec
1015 2752 1145 2778 neam*
1169 2739 1220 2776 iis
1261 2752 1359 2790 quae
1404 2739 1659 2790 praecedunt:
