1820 3062
262 1483 412 1523 VGoth.
440 1483 543 1518 Alm.
584 1492 621 1517 et
661 1481 745 1515 edd.
790 1490 875 1514 ante
906 1479 1012 1515 Bafil.
1062 1479 1222 1528 Reliqui
1251 1481 1372 1516 aliter.

295 204 359 252 34
603 192 678 238 M.
726 191 861 236 FAB.
909 188 1325 251 QUINTILIANI

291 322 493 369 Paucos
529 328 580 365 et
610 319 702 366 vix
741 317 916 365 ullum
948 332 1011 364 ex
1038 316 1148 374 his,
1199 316 1294 380 qui
1326 313 1637 364 vetustatem

292 396 661 462 pertulerunt,
719 392 955 442 existimo
1000 389 1140 458 poffe
1192 392 1438 456 reperiri,
1501 393 1638 456 quin

291 472 556 535 judicium
597 470 968 518 adhibentibus
1013 470 1267 517 allaturus
1307 466 1364 515 fit
1398 468 1639 517 utilitatis

293 547 529 612 aliquid,
569 565 689 597 cum
720 545 771 594 se
802 548 989 596 Cicero
1028 546 1089 593 ab
1114 546 1219 593 illis
1245 560 1462 608 quoque
1484 555 1641 592 vetu-

292 624 509 673 stiffimis
547 624 874 681 auctoribus,
923 621 1207 687 ingeniosis
1253 619 1502 685 quidem,
1550 619 1641 669 secl

295 712 426 749 arte*
464 701 791 757 carentibus,
868 700 1164 764 plurimum
1215 696 1437 745 fateatur
1492 695 1641 757 adju-

292 788 421 827 tum.
499 779 616 826 Nec
639 778 811 828 multo
835 775 981 824 aliud
1000 775 1064 824 de
1085 776 1240 823 novis
1262 772 1443 822 sentio.
1494 777 1640 841 Quo-

379 930 415 956 et
433 923 496 957 vix
518 921 644 956 ullum.
703 921 766 955 Sic
787 921 918 967 Cnmp.
948 931 1034 953 cum
1058 919 1175 954 Goth.
1194 918 1300 955 Voss‘.
1329 928 1364 953 2.
1387 929 1424 952 et
1447 916 1530 952 edd.
1554 926 1640 951 ante

292 978 401 1016 Basil.
462 978 536 1012 Sed
561 977 692 1012 Turio.
713 976 817 1012 Flor.
839 974 966 1011 Guelf.
997 977 1092 1009 enim
1114 976 1302 1010 vexillum.
1363 974 1524 1021 Reliqui
1545 974 1642 1007 enim

292 1035 353 1078 tel
373 1037 498 1083 potius
516 1048 549 1069 v.
574 1049 607 1069 u.
668 1032 770 1068 Alm.
806 1044 963 1079 qnoque
987 1031 1045 1067 vel
1061 1041 1137 1079 pot.
1163 1031 1343 1066 omittere
1367 1041 1554 1064 narratur.

375 1091 443 1126 his.
503 1091 565 1125 Sic
587 1089 717 1125 Turie.
741 1088 844 1124 Flor-
874 1088 998 1125 Guelf.
1024 1089 1155 1136 Camp.
1188 1086 1350 1134 Reliqui
1371 1088 1427 1122 iis.
1455 1086 1500 1122 ef.
1528 1089 1642 1132 §.53-

376 1150 476 1196 quin.
539 1147 601 1181 Sic
634 1158 722 1180 cum
754 1144 955 1180 Obrechto
986 1145 1110 1192 scripsi
1140 1156 1212 1192 pro
1243 1143 1440 1177 librorum
1464 1142 1644 1177 omnium

291 1205 375 1253 qui,
407 1204 472 1238 cui
502 1217 521 1237 a
552 1204 685 1237 Locat.
716 1201 808 1235 inde
829 1199 924 1243 (acc.
948 1202 1100 1248 Camp.)
1131 1200 1277 1234 addunt
1298 1212 1375 1233 non
1402 1198 1485 1246 post
1506 1197 1643 1238 adhib„

289 1259 399 1308 quod
422 1260 521 1294 abest
541 1272 558 1292 a
583 1258 715 1293 Turio.
733 1255 835 1291 Flor.
851 1256 977 1290 Guelf.
993 1256 1098 1291 Voff.
1124 1266 1159 1291 2.
1183 1255 1285 1290 Alm.
1308 1255 1535 1292 Goth.Jenf.
1555 1255 1646 1297 (tac.

290 1316 421 1359 Gefn.)
447 1316 562 1349 Tarv.
622 1315 697 1347 Pro
721 1312 979 1347 adhibentibus
1001 1312 1098 1348 Jens.
1122 1324 1245 1358 eoque
1265 1311 1422 1359 posterr.
1444 1304 1533 1344 'ante
1553 1307 1643 1345 Ald.

291 1372 384 1406 dant
404 1370 633 1406 adeuntibus.
693 1366 839 1404 Nullus
862 1379 988 1402 autem
1012 1367 1064 1402 ita
1089 1367 1236 1402 Codex.

377 1434 444 1471 41.
474 1427 590 1462 aliud.
650 1424 711 1459 Sic
740 1424 872 1459 Turio.
900 1423 1004 1458 Flor.
1036 1423 1165 1459 Guelf.
1199 1425 1332 1472 Camp.
1366 1436 1454 1459 cum
1477 1421 1582 1460 Voss'.
1605 1431 1642 1457 2.

1439 1480 1533 1515 Non
1564 1487 1644 1513 erat

291 1540 398 1589 quod
430 1549 666 1578 mutaretur,
718 1538 781 1571 etsi
817 1536 931 1570 multo
963 1536 1071 1570 aliter
1099 1536 1201 1584 apud
1231 1537 1448 1573 Varronem
1482 1533 1642 1583 legitur,

289 1596 408 1632 multo
450 1595 554 1630 aliud
593 1594 740 1628 dictum
770 1591 866 1626 alibi
894 1592 1149 1627 demonstrare
1181 1605 1260 1626 non
1288 1591 1498 1638 contingit.
1569 1589 1644 1625 Sed

288 1652 405 1687 multo
438 1652 616 1698 optimum
649 1649 774 1684 noster
805 1660 840 1694 9,
865 1657 900 1690 lt,
927 1649 990 1684 26.
1030 1648 1143 1682 multo
1163 1646 1412 1696 foedzJffimum
1442 1647 1496 1682 ib.
1519 1649 1552 1693 §.
1577 1655 1643 1689 72.

289 1719 329 1743 et
358 1707 457 1742 Plin.
486 1707 611 1752 major
633 1704 861 1753 saepiffime,
894 1704 964 1739 ubi
985 1703 1216 1752 plerumque
1239 1705 1376 1750 longe:
1403 1704 1497 1738 item
1518 1702 1643 1738 noster

287 1763 357 1799 hic
381 1767 414 1810 §.
441 1770 504 1806 53.
538 1771 676 1812 quanto
695 1761 810 1795 aliud.
872 1762 956 1796 Nec
985 1761 1190 1808 qnisquam
1215 1759 1422 1799 dubitabit,
1442 1759 1576 1798 sentio,
1596 1759 1644 1793 fic

289 1820 446 1856 struere.
677 1819 792 1853 novis.
854 1817 984 1852 Turic.
1005 1816 1132 1851 Guelf.
1156 1818 1290 1864 Camp.
1318 1816 1426 1850 nobis
1445 1829 1533 1850 cum
1556 1814 1643 1850 edd.

290 1887 376 1911 aute
409 1875 506 1910 Obr.
564 1874 638 1909 Sed
665 1873 767 1909 Flor.
793 1873 912 1909 Goth.
947 1874 1039 1908 item
1062 1874 1252 1911 Camerar.
1284 1870 1492 1918 (referente
1514 1872 1643 1914 Gesn.)

289 1932 486 1967 nostrum:
532 1931 579 1965 ef.
612 1937 656 1975 4,
687 1939 733 1969 2,
773 1937 863 1973 114.
935 1930 1095 1978 Capper.
1129 1929 1285 1977 operose
1316 1928 1448 1966 docet,
1489 1927 1644 1975 quoties

290 1990 324 2040 E
345 1999 382 2024 et
398 1990 435 2027 V
456 1987 642 2024 confusae.
798 1988 951 2037 Quotus.
1011 1985 1141 2021 Turio.
1166 1994 1266 2034 quot.
1328 1984 1438 2020 Idem
1460 1998 1479 2018 a
1501 1985 1569 2020 fec.
1589 1997 1642 2020 m.

999 2099 1070 2133 ubi
1122 2097 1285 2132 illustrat
1339 2109 1424 2132 eam
1477 2096 1641 2131 Pseudo-

998 2155 1225 2190 Turnebus:
1249 2153 1311 2187 sed
1331 2152 1425 2187 haec
1444 2153 1485 2186 in
1495 2152 1641 2187 Lexica

996 2223 1100 2245 nunc
1131 2209 1247 2245 relata
1274 2210 1371 2244 sunt.
1439 2210 1490 2244 Hi
1517 2208 1641 2255 igitur

333 2119 336 2124 ¹
352 2099 550 2150 ingeniosis
563 2120 615 2128 -·—-
627 2108 705 2135 arte
725 2099 939 2135 carentibus.

293 2159 342 2194 cf.
371 2172 403 2197 1,
427 2164 463 2201 8,
490 2164 525 2200 3.
564 2159 751 2205 Apparet,
784 2156 938 2203 opinor,

291 2214 359 2250 hic
381 2213 533 2262 aliquid
557 2213 732 2247 intereffe
751 2212 852 2246 inter
873 2213 940 2246 hos

293 2269 662 2320 qui—pertulerunt
693 2279 729 2303 et
748 2266 938 2316 vetufiffl-

293 2339 376 2361 mos
395 2326 491 2360 illos.
550 2327 702 2373 Nempe
730 2323 939 2372 ingeniosos

291 2381 384 2417 :illos
427 2390 506 2416 arte
543 2390 705 2416 carentes
741 2382 935 2428 sejungere

291 2438 395 2472 :mihi
430 2438 504 2483 Qu.
535 2438 695 2473 videtur
717 2437 762 2472 ab
787 2436 842 2470 his
864 2447 933 2471 cet.

291 2493 387 2530 Non
421 2495 497 2539 jam
526 2494 612 2528 sunt
643 2494 674 2527 ii
695 2494 736 2528 in
759 2493 936 2527 omnium

291 2549 495 2590 manibus,
552 2562 633 2584 non
682 2548 935 2588 celebrantur,

290 2604 413 2652 igitur
449 2619 496 2639 ne
532 2603 747 2654 vetustatem
777 2604 937 2652 quidem

288 2661 529 2708 pertulerunt,
555 2661 754 2696 locutione
776 2661 895 2708 petita
918 2673 937 2694 a

289 2716 396 2753 vinis
418 2729 513 2765 quae
533 2717 683 2753 durent.
716 2717 763 2753 cf.
788 2727 825 2758 2,
840 2723 875 2760 4,
897 2728 933 2764 9.

996 2266 1366 2316 qui—pertulerunt
1395 2266 1500 2304 sunt,
1540 2275 1639 2312 quos

997 2324 1132 2357 dicunt
1160 2322 1289 2356 critici
1320 2333 1357 2357 et
1377 2321 1552 2356 rhetores
1575 2333 1639 2354 an-

995 2382 1126 2427 tiquos,
1147 2387 1295 2417 veteres,
1320 2379 1365 2413 de
1383 2378 1525 2426 quibus
1545 2375 1639 2412 vide

993 2448 1064 2470 nos
1086 2435 1132 2469 ad
1158 2441 1203 2478 3,
1228 2442 1273 2477 5,
1301 2446 1374 2470 12(
1422 2434 1511 2479 (Sic
1536 2431 1638 2468 Plin.

993 2493 1063 2539 Ep.
1099 2503 1143 2538 9,
1179 2501 1242 2526 22.
1290 2491 1536 2540 Propertium
1578 2501 1638 2524 ac-

995 2548 1117 2582 censet
1138 2547 1340 2583 veteribus.-
1371 2549 1416 2583 cf.
1445 2557 1480 2581 et
1499 2547 1636 2581 Horat.
1658 2545 1660 2549 ’

993 2605 1066 2652 Ep,
1090 2613 1125 2643 2,
1153 2618 1185 2642 ι,
1209 2611 1259 2646 54
1282 2603 1392 2650 sqq.).
1438 2604 1517 2638 Hos
1538 2614 1634 2650 quo-

995 2673 1069 2707 que
1109 2659 1211 2693 dixit
1241 2661 1342 2707 quasi
1376 2659 1635 2694 demonstrans

995 2728 1071 2756 eos,
1104 2716 1174 2764 qui
1195 2715 1317 2764 vulgo
1339 2725 1521 2752 terantur.
