1779 3062
446 146 610 192 INST.
653 145 936 192 ORATOR.
976 146 1099 191 Lm.
1135 108 1249 202 ΧΠ,
1291 159 1335 190 1.
1475 152 1575 205 489

227 273 504 342 piditatem
525 273 821 321 litterarum
848 291 996 322 amor
1017 273 1228 322 laudis?
1305 271 1580 337 Numigi-

226 363 315 400 tur
348 350 501 397 malis
533 348 630 397 effe
664 350 877 397 laudem
917 368 1072 400 curae
1105 351 1391 418 putamus?
1469 353 1580 403 Jam

226 428 332 477 hoc
357 428 476 491 quis
507 444 618 476 non
643 426 809 483 videt,
846 430 1128 476 maximam
1154 439 1356 494 partem
1383 428 1580 476 oratio-

204 506 309 554 'nis
332 505 389 552 in
412 514 634 553 tractatu
659 504 815 568 aequi
840 504 1079 568 bonique
1105 504 1418 555 consistere?
1481 505 1581 553 Di-

227 593 378 630 cetne
407 581 473 630 de
497 582 580 630 his
608 580 900 630 secundum
927 580 1157 630 debitam
1188 600 1370 631 rerum
1403 582 1580 647 digni-

227 670 386 709 tatem
421 660 595 708 malus
641 671 799 723 atque
841 659 1099 720 iniquus?
1191 661 1466 724 Denique,
1518 669 1579 708 ut
1601 671 1628 707 9

227 739 511 786 maximam
533 749 737 802 partem
759 734 1082 801 quaestionis
1107 737 1348 793 eximam,
1379 737 1586 794 demus,
1611 801 1621 804 .,

226 815 285 863 id
314 814 463 879 quod
498 815 654 862 nullo
693 813 858 862 modo
893 811 1017 861 fieri
1037 812 1222 878 potest,
1260 813 1406 862 idem
1437 815 1587 879 inge-

226 893 331 950 nii,
366 890 552 948 studii,
593 891 892 948 doctrinae,
933 889 1145 955 pessimo
1187 901 1345 955 atque
1374 894 1584 957 optimo

141 971 384 1024 1047viro:
427 980 545 1017 uter
578 969 770 1017 melior
803 968 1019 1017 dicetur.
1046 969 1263 1017 orator?
1305 969 1587 1018 Nimirum

229 1047 325 1111 qui
365 1045 532 1094 homo
570 1062 788 1110 quoque
827 1046 1033 1094 melior.
1116 1047 1247 1095 Non
1287 1047 1454 1110 igitur
1483 1064 1586 1095 un-

229 1140 389 1187 quam
417 1124 589 1171 malus
617 1123 762 1170 idem
789 1123 982 1180 homo,
1024 1133 1074 1170 et
1102 1122 1368 1188 perfectus
1390 1134 1585 1173 orator.

229 1199 362 1250 Nou
383 1201 526 1248 enim
551 1200 849 1265 perfectum
873 1199 945 1248 est
970 1200 1296 1265 quidquam,
1339 1217 1449 1265 quo
1474 1220 1584 1250 me-

229 1278 337 1327 lius
367 1277 440 1325 est
473 1278 635 1326 aliud.
728 1277 855 1335 Sed,
904 1294 972 1326 ne
1007 1295 1156 1326 more
1194 1280 1587 1328 Socraticorum

230 1356 500 1405 nobismet
545 1354 646 1421 ipsi
692 1353 1005 1422 responsum
1041 1353 1249 1404 finxiffe
1288 1355 1586 1416 videamur,

232 1501 289 1536 dis
320 1498 401 1550 eſj‘e.
433 1499 533 1536 Num
563 1499 696 1534 iidem.
729 1499 892 1534 laudum.
926 1499 976 1535 N.
1010 1499 1129 1534 Goth.
1167 1501 1258 1545 (err.
1293 1501 1436 1545 Germ).
1487 1505 1587 1539 Mox

232 1555 301 1607 effi
332 1570 409 1593 om.
447 1556 574 1592 Guelf.
612 1558 647 1590 in
677 1565 876 1590 tractatum
906 1555 1009 1591 flor.
1047 1557 1163 1591 malos
1195 1571 1228 1591 a.
1262 1559 1408 1607 iniquos
1437 1558 1542 1595 Flor.

321 1626 356 1662 9.
390 1614 564 1650 eximiam
596 1614 729 1660 Camp.
764 1625 855 1647 cum
885 1612 984 1651 Jens.
1018 1613 1134 1648 Tarv.
1170 1614 1274 1650 Voss.
1312 1624 1348 1648 2.
1383 1616 1445 1650 [ed
1468 1617 1588 1653 Goth.

232 1684 312 1707 non
347 1673 453 1708 item.
496 1670 620 1704 derum
651 1670 696 1703 de
728 1669 767 1703 id
797 1670 929 1705 Turio.
961 1669 1065 1705 Flor.
1097 1681 1134 1705 et
1161 1684 1257 1705 mox
1288 1672 1326 1706 id
1359 1675 1455 1708 enim
1488 1676 1589 1722 inge-

231 1730 287 1763 nii
326 1728 462 1766 iidem.
505 1727 594 1777 quial
635 1727 743 1761 homo
786 1727 919 1762 Turic.
962 1726 1067 1761 Flor.
1104 1729 1203 1774 quod
1234 1728 1270 1763 Ιι.
1301 1730 1435 1778 Camp.
1480 1733 1590 1766 malis

234 1786 332 1819 idem
363 1785 468 1822 flor.
501 1784 619 1820 malus
650 1784 688 1817 id
719 1780 768 1830 esc
798 1783 934 1819 Ambr.
971 1784 1133 1819 2..N0n
1164 1786 1487 1831 igitur—orator
1511 1801 1588 1824 om.

235 1842 367 1891 Camp.

323 1913 385 1935 10.
433 1895 482 1945 est
513 1910 618 1932 nemo
646 1911 684 1931 re
715 1898 814 1932 Socr.
848 1897 982 1932 Turio.
1017 1896 1122 1933 Flor.
1161 1896 1263 1941 (nisi
1295 1900 1403 1947 quod
1432 1901 1498 1937 hic
1530 1917 1591 1938 ne-

235 1959 367 2001 more).
398 1957 460 1991 De
493 1951 542 2002 est
577 1965 613 1989 et
635 1952 705 2003 sed
737 1955 905 1991 confusis
937 1955 983 1990 cf.
1019 1958 1052 2001 ᾗ.
1082 1964 1117 1988 2.
1145 1953 1200 2003 sit
1229 1957 1314 1991 aliis
1344 1957 1436 1992 adeo
1457 1960 1590 1996 Turic.

233 2013 338 2049 Flor.
383 2026 473 2049 cum
514 2011 614 2046 Alm.
655 2020 690 2046 ec
730 2005 870 2047 audea'c
899 2012 1032 2048 Turio.
1069 2010 1238 2059 futurum
1282 2022 1465 2050 oratorem
1512 2029 1591 2052 om.

235 2071 372 2106 Ambr.
405 2080 444 2106 2.
476 2069 604 2104 Guelf.

297 2205 446 2241 laudem
469 2218 586 2240 curae.
628 2203 690 2239 Ne
712 2198 779 2239 hi'o
799 2203 888 2253 qui-
946 2203 1024 2241 hoc
1046 2204 1186 2239 referas
1211 2204 1256 2239 ad
1279 2206 1405 2253 ipsum
1429 2207 1595 2243 verbum

239 2263 327 2299 dem
365 2263 488 2297 laudis
518 2275 642 2297 curam
675 2261 797 2302 dixin
840 2260 887 2297 cf.
948 2262 1093 2302 demus,
1127 2262 1232 2309 quasi
1260 2275 1330 2296 nos
1356 2263 1428 2310 ipsi
1450 2264 1596 2313 imper·

242 2329 280 2364 3,
312 2326 351 2364 8,
382 2320 449 2366 46.
479 2319 576 2354 item
598 2330 634 2365 9,
667 2327 703 2361 3,
737 2324 800 2364 74.
949 2319 1088 2353 tiamus
1115 2320 1312 2366 ingenium,
1325 2317 1505 2367 studium,
1529 2322 1597 2356 clo·

300 2379 338 2412 in
369 2384 529 2411 tractatu
569 2377 678 2424 aequi
717 2374 889 2425 bonique.
950 2378 1114 2411 ctrinam.
1177 2376 1315 2411 Demus
1344 2376 1393 2412 eft
1422 2378 1598 2413 conceda-

243 2433 291 2469 cf.
328 2446 359 2470 1.
393 2436 480 2468 Pro.
521 2433 583 2467 16.
951 2446 1052 2472 mus‚·
1084 2431 1131 2468 cf.
1169 2442 1203 2475 a,
1244 2447 1276 2472 ι,
1309 2439 1375 2479 24.

302 2501 338 2537 9.
401 2489 498 2524 idem
533 2490 686 2536 ingenii.
763 2489 894 2538 Suspi·
1017 2502 1079 2526 10.
1112 2503 1211 2524 more
1233 2490 1512 2526 Socraticorum.
1531 2490 1599 2527 Vi-

245 2559 314 2583 cor
341 2546 672 2596 interponendum
703 2544 796 2596 effe‚·
828 2560 894 2582 ne·
956 2548 1070 2583 detur
1123 2547 1200 2581 hoc
1239 2546 1363 2594 vulgo
1405 2546 1605 2594 objectum

245 2617 323 2652 que
341 2603 443 2639 enirn
469 2616 514 2639 eo
529 2603 668 2638 omiffo
687 2614 792 2639 recte
814 2604 896 2639 sub·
957 2604 1030 2639 effe
1084 2602 1334 2653 philosophis
1375 2604 1604 2646 Socraticis.

243 2661 404 2707 jiciatur
427 2660 525 2708 quod
550 2660 652 2695 nullo
675 2660 786 2695 modo
808 2659 897 2707 fieri
956 2658 1107 2708 fingere
1132 2660 1203 2695 fibi
1232 2659 1360 2696 faciles
1390 2672 1460 2696 nec
1492 2660 1607 2697 valde

244 2714 389 2766 potesc;
422 2716 493 2752 uisi
523 2716 660 2767 putide
684 2717 898 2753 admodum
959 2716 1230 2753 formidabiles
1259 2717 1508 2754 adversarios.

1617 1222 1661 1246 10
