1779 3062
253 135 353 181 570
557 125 635 171 M.
682 125 818 172 ΕΑΒ.
866 126 1292 191 QmNTlLIANi
1351 142 1354 145 ·

246 267 360 299 non
398 249 632 300 vendere
668 269 908 318 operam,
947 270 1045 301 nec
1084 255 1291 304 elevare
1332 257 1468 307 tanti
1511 257 1605 307 beo.

246 325 434 376 neficii
466 331 867 382 auctoritatem?
910 348 1031 380 cum
1060 331 1314 398 pleraque
1342 334 1447 385 hoc
1481 334 1598 401 ipso

246 403 437 471 poffint
477 405 653 456 videri
694 408 850 466 vilia,
913 408 1062 473 quod.
1106 412 1342 475 pretium
1381 411 1597 462 habent.

192 494 219 531 9
249 482 430 532 Caecis
465 482 599 543 hoc,
639 486 709 532 ut
733 488 907 545 ajunt,
945 484 1064 536 fatis
1097 488 1298 537 clarum
1335 488 1435 538 est:
1495 506 1598 538 neo

163 1198 209 1224 10

248 560 562 625 quisquam,
602 562 700 625 qui
728 558 1045 612 sufficientia
1076 561 1176 611 fibi
1225 564 1476 630 (modica
1503 582 1599 616 au-

246 646 360 685 tem
389 637 518 688 haec
551 637 711 703 sunt)
762 639 1060 705 poffidebst,
1128 640 1277 690 hunc
1319 640 1603 706 quaestum·

245 712 359 762 fine
400 716 624 765 crimine
661 715 902 771 sordium
941 716 1139 767 fecerit.
1218 719 1287 767 At
1322 717 1366 766 [i
1402 735 1487 767 res
1520 717 1600 768 fa-

245 792 472 842 miliaris
513 794 743 859 amplius
780 794 987 860 aliquid
1023 794 1090 843 ad.
1123 794 1249 845 usus
1280 793 1596 846 necess'arios

245 870 452 935 exiget,
490 869 788 920 secundum
821 873 1066 922 omnium
1096 871 1415 939 sapientium
1447 874 1595 940 leges

244 948 477 1013 patietur
510 947 611 997 fibi
642 950 860 1014 gratiam
896 948 1108 999 referri:
1151 968 1273 999 cum
1311 962 1362 1000 et
1391 949 1596 1001 Socrati

244 1025 498 1074 collatum
528 1024 593 1074 sit
627 1026 692 1074 ad
730 1028 961 1087 victum3
1004 1038 1056 1076 et
1092 1031 1255 1086 Zeno,
1295 1027 1595 1085 Cleanthes,

239 1101 578 1169 Chrysippus
613 1103 884 1154 mercedes
921 1122 949 1152 a
986 1103 1261 1171 discipulis
1295 1116 1599 1171 acceptave-

239 1180 362 1229 rint.
444 1182 639 1245 Neque
681 1182 827 1228 enim
864 1181 1056 1240 video,
1109 1199 1245 1248 quae
1287 1181 1478 1244 justior
1516 1199 1599 1230 ac-

235 1347 310 1388 rit,
350 1347 424 1382 ubi
453 1346 535 1382 viri
565 1347 678 1383 notio
720 1361 812 1397 prae
854 1347 1054 1396 qualitatis
1087 1348 1290 1384 excitanda
1321 1359 1414 1385 erat.
1531 1361 1597 1384 nec

235 1403 420 1440 celebrare
453 1407 552 1440 tanti
584 1405 716 1440 Turio.
749 1405 855 1441 Flor.
879 1419 910 1440 c.
942 1405 1045 1441 Alm.
1107 1420 1223 1454 neque
1245 1407 1391 1442 elevare
1416 1415 1441 1442 t.
1459 1406 1597 1454 Camp-

235 1459 392 1497 Merula
424 1472 551 1497 autern
583 1463 626 1497 in
655 1463 920 1497 annotationis
954 1463 1038 1497 suae
1070 1462 1251 1497 lemmate
1282 1462 1346 1508 (in
1369 1476 1493 1512 marg.
1517 1463 1596 1499 Lo·

237 1521 328 1562 cat.)
358 1517 474 1554 habet
504 1530 542 1554 et
570 1519 771 1568 improbat
801 1520 944 1558 levare.-
973 1519 1100 1555 nescio
1133 1519 1236 1554 unde
1264 1520 1477 1568 sumptum.

355 1632 391 1667 9.
422 1629 463 1655 ut
493 1621 608 1656 andiu
640 1634 729 1656 cum
760 1619 867 1668 apice
900 1620 1073 1667 quodam
1112 1621 1224 1669 super
1257 1631 1430 1656 extrema
1464 1619 1595 1658 littera

237 1678 371 1716 Turic.
398 1690 428 1712 c.
446 1677 550 1713 Alm.
581 1688 789 1713 annotante
821 1676 968 1717 Ulrico,
1002 1678 1075 1714 effe
1105 1678 1259 1714 fortasse
1285 1678 1454 1717 αιιαῖίυἱες
1484 1688 1521 1714 et
1541 1678 1595 1714 fic

237 1735 377 1775 diserte
410 1748 428 1769 e
460 1734 565 1770 Flor.
681 1735 822 1769 clarum
853 1746 931 1771 om.
964 1735 1064 1773 Jenl'.
1096 1746 1134 1771 et
1167 1735 1251 1770 edd.
1273 1734 1369 1782 post.
1394 1746 1480 1770 ante
1500 1733 1590 1772 Ald.

237 1792 278 1829 hi
315 1805 359 1826 ne
394 1789 579 1839 quaestum
610 1790 739 1826 Guelf.
860 1801 925 1826 aut
959 1789 997 1838 si
1038 1805 1094 1827 res
1128 1791 1261 1827 Turio.
1297 1789 1403 1826 flor.
1467 1801 1508 1826 at
1536 1803 1595 1828 res

235 1848 410 1898 sphalma
451 1849 494 1884 in
538 1849 647 1884 Rufe.
689 1847 799 1895 (non
838 1849 986 1889 Loca..
1028 1861 1099 1885 err.
1134 1848 1285 1892 But-m.)
1392 1845 1594 1896 sordidum

238 1905 369 1942 Guelf.
564 1908 738 1940 omnium.
775 1907 837 1940 Sic
869 1903 1004 1942 Turio.
1036 1905 1142 1942 Flor.
1176 1905 1310 1952 Camp.
1340 1904 1461 1940 Goth.
1491 1905 1592 1944 Jens.

239 1968 329 2009 (tac.
360 1963 489 2006 Gesn.)
521 1975 552 1997 c.
586 1961 688 1998 Alm.
720 1961 822 1999 Voss'.
862 1974 893 1996 ι.
931 1971 966 1996 2.
1001 1971 1037 2005 5.
1071 1974 1108 1999 et
1139 1961 1225 1997 edd.
1259 1970 1345 1996 ante
1375 1960 1486 1997 Bafil.
1519 1964 1592 1997 Re-

234 2019 344 2069 iiq'ui
371 2018 433 2068 (in
464 2019 610 2068 quibus
641 2031 743 2054 certe
774 2017 922 2062 Guelf.)
953 2032 1087 2056 omnes.
1208 2018 1305 2052 Mox
1334 2019 1479 2065 patitur
1509 2019 1591 2054 Tu-

236 2076 618 2125 ric.1⁷10r.Camp.
736 2076 959 2112 collocatum
996 2076 1095 2115 Jens.
1134 2074 1234 2119 (tac.
1269 2074 1400 2122 Gesn.)
1433 2084 1470 2110 et
1499 2074 1587 2110 edd.

236 2133 329 2184 post.
360 2144 446 2169 ante
478 2133 567 2168 Ald.
685 2134 816 2169 Zenon
846 2131 976 2168 Guelf.
1007 2131 1126 2168 Goth.
1161 2129 1251 2177 (tac.
1269 2130 1402 2180 Gesn.)
1430 2143 1461 2166 c.
1482 2130 1588 2167 Voss'.

242 2200 346 2228 1.2.
380 2200 417 2235 5.
452 2201 490 2226 et
518 2191 572 2225 ita
600 2189 712 2226 Basil.
770 2191 888 2223 Recte
917 2189 1083 2226 for-taffe
1113 2186 1205 2224 Vid.
1241 2195 1288 2225 2,
1321 2197 1397 2228 20,
1429 2197 1466 2231 7.
1497 2182 1589 2240 (sed

242 2247 626 2293 12‚1,13.haec
658 2246 844 2295 sciiptura
877 2259 924 2280 ex
954 2245 1066 2282 nullo
1098 2244 1203 2280 libro
1236 2243 1424 2292 affertur)
1470 2255 1508 2280 et
1537 2243 1586 2280 cf.

241 2318 275 2346 1,
308 2314 346 2350 5,
380 2305 446 2340 60.
508 2313 570 2344 22,
603 2313 641 2344 2,
676 2310 741 2346 24.
914 2311 1194 2351 acceptaverunt
1225 2299 1352 2336 Guelf.

237 2466 344 2501 ‘Haec
384 2476 538 2502 autem,
579 2476 687 2498 nemo
721 2464 884 2510 ignorat,
1000 2473 1037 2509 9.
1068 2460 1321 2496 Socrati—ad
1339 2460 1486 2494 vit-tum.
1508 2458 1589 2495 Ne·

238 2523 343 2557 idem
366 2521 507 2561 valent,
538 2534 581 2556 ac
602 2520 631 2554 si
661 2520 808 2555 dictum
836 2520 886 2554 cs·
943 2530 1010 2552 mo
1042 2528 1145 2553 recte
1175 2517 1278 2552 dicat
1305 2528 1477 2565 pugnare
1497 2515 1591 2550 haec

239 2580 302 2618 set,
335 2578 486 2613 dubium
512 2591 587 2613 non
608 2574 669 2624 est.
703 2578 763 2613 Ne
786 2576 886 2611 forte
945 2588 1035 2610 cum
1055 2573 1333 2622 Xenophontis
1354 2572 1476 2620 capite
1497 2571 1591 2606 libri

241 2636 383 2676 credas,
418 2635 497 2670 dici
524 2634 639 2669 etiam
661 2634 779 2684 poffc,
812 2647 887 2669 ιιοη
945 2633 972 2665 1.
1001 2632 1118 2666 Mem.
1144 2633 1248 2665 Socr.
1277 2631 1392 2665 sexto.
1453 2630 1592 2676 Longe

241 2694 390 2739 ignoro,
419 2694 573 2741 quin-—
587 2719 594 2727 .
613 2718 620 2721 --
939 2688 1051 2724 ‘enim
1067 2686 1440 2727 differebatmerees,
1459 2684 1505 2720 de
1517 2697 1594 2734 qua
