1779 3062
199 449 269 496 276
280 440 490 487 animus
513 437 763 488 ostendat.

267 168 369 220 470

589 157 665 207 Μ.
697 126 835 206 ΕΑΒ.
869 157 1292 220 QUINTILIANI

271 282 489 336 Accedit
518 286 662 334 enim
691 286 774 334 vis
804 295 856 332 et
890 284 1182 349 proprietas
1208 283 1366 334 rebus
1390 284 1481 333 tali
1507 282 1625 334 asti·-

272 362 576 428 pulatione:
627 377 763 426 quae
794 359 893 410 nisi
933 358 1069 420 assit,
1110 361 1260 409 aliud
1294 379 1428 421 vox,
1475 360 1628 411 aliud

846 437 1024 506 Quid?
1064 436 1215 502 quod.
1245 437 1431 486 eadem
1463 439 1629 487 verba

279 525 479 566 mutata
520 516 969 580 pronunciatione
1007 514 1270 571 indicant,
1330 510 1632 576 affirmant,

278 593 625 657 exprobrant,
660 602 876 657 negant,
913 592 1204 644 mirantur,
1251 588 1630 654 indignantur,

274 669 629 734 interrogant,
671 669 921 726 irrident,
961 667 1203 715 elevant?

1284 667 1455 715 Aliter
1481 667 1629 716 enim

276 743 502 801 dicitur,
565 746 615 794 T
612 763 645 794 u
677 744 797 794 milzz'
831 745 1165 810 quodcunque
1193 741 1288 791 hoc
1321 746 1474 812 regni
1487 761 1507 804 ,-
1539 753 1628 802 et,

279 822 554 871 Cantando
584 832 641 870 cu
659 822 837 871 illum?
876 831 953 879 et,

995 822 1138 870 Tune
1165 819 1251 867 ille
1270 820 1520 868 Aeneas?
1558 829 1635 879 et,

277 901 698 963 Mequetimoris
720 899 917 968 Argue
938 909 1010 955 cu,
1042 897 1271 945 Drance.
1313 899 1393 953 Et,
1423 913 1490 945 ne
1510 912 1629 946 mo-

273 991 380 1033 rer,
413 977 550 1023 intra
574 973 626 1022 se
655 977 888 1041 quisque
911 976 996 1023 vel
1019 975 1138 1032 hoc,
1177 974 1264 1021 vel
1293 972 1457 1030 aliud,
1477 971 1628 1037 quod.
1671 995 1673 997 ·

275 1052 442 1108 volet,
486 1068 581 1116 per
604 1068 790 1101 omnes
819 1048 1037 1100 affectus
1065 1048 1258 1099 verset:
1294 1066 1485 1099 verum
1512 1047 1628 1108 effe,

196 1149 266 1186 277
277 1127 429 1192 quod
456 1127 702 1185 dicimus,
742 1126 879 1175 [ciet.
940 1130 1124 1176 Unum
1146 1130 1249 1187 jam
1276 1126 1357 1175 his
1379 1126 1630 1186 adiicien-

277 1204 411 1254 dum
436 1203 526 1268 est,
566 1221 689 1253 cum
721 1205 1007 1269 praecipue
1041 1204 1100 1251 in
1129 1203 1335 1251 actione
1367 1201 1629 1268 spectetur

365 1413 459 1458 176.
493 1422 643 1463 negant.
679 1412 842 1450 Omittit
873 1414 1006 1461 Camp.
1032 1410 1123 1447 mihi
1151 1411 1252 1460 quod
1281 1414 1409 1461 cuique
1444 1426 1488 1450 eo
1525 1415 1632 1462 regni

276 1470 411 1508 Turio.
447 1470 552 1506 Flor.
596 1471 785 1506 cantando
817 1471 965 1505 tullium
992 1468 1126 1505 Turio.
1157 1469 1253 1503 done
1282 1470 1346 1504 ille
1368 1470 1500 1506 Turio.
1522 1470 1628 1508 Flor.

275 1528 421 1566 Aeneas
449 1526 520 1575 sed
549 1525 702 1576 sequem
750 1528 893 1562 timoris
928 1527 1084 1572 argutiis
1129 1533 1167 1560 tu
1199 1525 1330 1561 dranie
1361 1526 1493 1563 Turic-
1522 1525 1629 1565 Flor.

275 1597 392 1630 argue
425 1583 575 1618 omittit
607 1583 735 1618 Guelf.
770 1584 923 1618 drances
955 1582 1089 1628 Camp.

1158 1579 1214 1616 Et
1244 1594 1350 1617 nemo
1381 1595 1502 1617 rerum
1531 1584 1632 1620 intra

277 1641 432 1689 quisque
461 1638 592 1675 Turio.
622 1639 725 1674 Flor.
757 1639 812 1673 Et
844 1652 950 1673 nemo
982 1651 1102 1671 rerum
1132 1638 1155 1672 i.
1180 1635 1214 1685 s.
1246 1651 1280 1686 q.
1310 1636 1445 1673 Ambr.
1468 1648 1504 1674 2.
1539 1652 1631 1676 cum

275 1697 395 1731 Bern.
427 1693 483 1731 Ec
500 1709 608 1731 nemo
630 1709 749 1730 rerum
771 1697 863 1733 incer
875 1693 909 1743 s.
930 1709 963 1742 q·
986 1692 1113 1728 Guelf.
1147 1692 1203 1728 Et
1223 1707 1269 1727 ne
1294 1707 1474 1729 moremur·
1496 1697 1519 1731 i.
1534 1694 1569 1744 s.
1593 1710 1631 1745 q.

275 1750 383 1789 Voff.
422 1760 460 1794 5.
496 1752 542 1787 ho
575 1751 635 1787 vel
666 1751 804 1788 Ambr.
838 1760 875 1785 2.
909 1751 1019 1785 homo
1046 1749 1106 1785 vel
1135 1748 1263 1786 Guelf.
1294 1763 1362 1799 per
1385 1753 1504 1786 omnis
1523 1752 1630 1791 Flor.

277 1806 413 1843 Ambr.
441 1816 477 1842 2.

335 1991 408 2044 nisi
436 1992 590 2045 affit—
612 1992 792 2045 ostendat.
825 1998 928 2033 Con-

275 2051 478 2099 iunctivus
500 2053 541 2088 in
566 2054 776 2100 posteriore
802 2054 926 2089 verbo

276 2107 390 2157 plane
421 2108 647 2156 potentialis
681 2109 750 2144 est:
782 2108 926 2147 δείξειεν

277 2162 334 2201 α’ν.
395 2165 522 2211 Quare
555 2164 781 2199 alieniffima
809 2167 926 2200 sran-

273 2220 329 2255 cii
360 2221 583 2266 conjectura
617 2218 799 2267 ostencat,·
855 2235 926 2257 nec

272 2276 504 2312 attendenda
555 2278 685 2325 Camp.
741 2277 925 2325 scriptura

275 2328 446 2378 ostendit,
479 2332 632 2368 fortass‘e
651 2342 688 2368 et
706 2332 782 2381 ipsa
806 2348 825 2368 a
841 2347 924 2370 cor-

272 2388 426 2435 rigente
455 2389 647 2436 profecta:
682 2389 731 2427 cf.
764 2397 814 2434 5,
853 2401 923 2432 12,

275 2453 342 2480 20.
374 2441 444 2478 ubi
467 2444 541 2480 alia
564 2445 678 2481 ratio.

331 2555 422 2597 176.
464 2558 595 2593 eadem
626 2557 739 2594 verba
779 2568 923 2597 mutata

267 2614 593 2659 pronunciatione.
635 2617 722 2650 Hoc
751 2628 923 2651 commo-

270 2666 317 2702 de
352 2667 468 2704 docet
500 2668 681 2719 exemplo
718 2674 923 2720 pronomi-

985 1997 1046 2034 nis
1070 1993 1262 2033 'secundae
1293 1998 1472 2046 personae
1505 1999 1549 2036 in
1571 2001 1630 2038 lo·

985 2054 1040 2089 cis
1071 2052 1301 2101 virgilianis
1338 2055 1432 2092 Aen.
1471 2071 1513 2098 1,
1563 2065 1629 2102 78.

983 2109 1065 2143 Ecl.
1091 2117 1128 2150 3,
1161 2117 1226 2151 25.
1262 2112 1357 2145 Aen.
1387 2123 1419 2151 1,
1442 2111 1535 2156 617.
1562 2127 1629 2155 ιι,

984 2173 1077 2209 533.
1124 2165 1223 2200 Cum
1255 2176 1382 2201 tamen
1417 2169 1535 2203 ternis
1571 2179 1631 2206 tex·

986 2221 1217 2256 differentiis
1239 2235 1320 2256 rem
1342 2223 1548 2272 distinguat
1559 2224 1629 2270 (cf.

983 2290 1053 2326 per
1072 2278 1179 2325 paria
1200 2288 1353 2313 euntem
1381 2279 1413 2323 ᾗ.
1435 2282 1533 2326 87.),
1554 2282 1629 2316 mi-

983 2346 1062 2374 ror,
1095 2331 1182 2381 plus
1214 2334 1353 2376 tribus,
1392 2336 1524 2373 minus
1557 2350 1629 2373 no-

982 2402 1093 2429 vem,
1138 2389 1327 2439 exemplis
1361 2390 1523 2441 defungi
1558 2406 1630 2429 no-

983 2445 1115 2481 strum.
1185 2447 1304 2483 'Nunc
1336 2447 1440 2483 nihil
1469 2450 1512 2484 in
1539 2449 1628 2486 Vir-

983 2502 1140 2549 gilianis
1174 2502 1281 2538 hisce
1314 2505 1497 2551 agnosco,
1555 2505 1631 2540 nisi

983 2558 1281 2594 admirationem
1314 2570 1353 2594 et
1373 2557 1627 2603 contemnum

982 2624 1058 2649 tam
1081 2625 1183 2649 recta
1207 2614 1384 2651 oratione
1416 2630 1528 2665 quam
1558 2629 1630 2665 por

980 2669 1328 2720 interrogationem
1355 2672 1580 2722 fignificata.
