1779 3062
403 179 569 225 INST.
603 169 893 251 ORATOR.
931 179 1054 225 LIB.
1090 179 1162 237 X,
1200 192 1246 236 5.
1410 182 1511 242 165⁷

142 308 426 358 branarum
446 308 628 374 potius
653 305 808 356 usum
829 308 1027 372 exiget:
1071 325 1206 372 quae
1235 319 1297 358 ut
1315 313 1504 371 juvant

139 386 322 442 aciem,
360 385 433 433 ita
466 385 648 433 crebra
684 385 971 442 relatione,
1013 385 1191 450 quoad
1223 388 1500 454 intingun-

139 472 228 511 tur
255 463 456 520 calami,
495 472 774 512 morantur
795 479 1016 511 manum
1035 500 1048 520 ‚
1089 473 1141 510 et
1165 466 1500 528 cogitationis

137 540 404 605 impetum
438 538 705 605 frangunt,
785 539 1192 603 Relinquendae
1225 553 1404 590 autem
1437 544 1495 592 in
1520 561 1573 597 52

135 618 395 666 utrolibet
417 634 610 682 genere
633 626 813 666 contra
843 627 1002 665 erunt
1034 634 1234 665 vacuae
1258 619 1496 679 tabellae,

133 694 195 742 in
265 695 463 759 quibus
533 695 698 742 libera
768 693 1038 755 adjicienti
1100 692 1165 742 fit
1236 696 1491 751 excursio.

134 771 278 819 Nam
316 772 532 822 interim
564 773 833 838 pigritiam
874 770 1197 819 emendandi
1224 772 1494 837 angustiae

129 845 373 909 faciunt;
453 860 544 898 aut
604 860 741 898 certe
791 866 1065 901 novorum
1130 848 1493 915 interpositio-

126 941 254 975 nem
295 928 474 992 priora
515 925 864 976 confundant.
977 927 1064 976 Ne
1101 926 1226 975 latas
1269 926 1492 991 quidem

8 1034 10 1052 Ι

7 1032 18 1123 'i
125 1079 200 1114 Sed
229 1078 307 1114 hoc
334 1081 495 1130 proprie
521 1081 660 1117 reddes
691 1081 793 1130 quod
823 1094 899 1116 non
935 1077 986 1128 est
1009 1079 1126 1129 satis,
1181 1093 1309 1129 neque
1341 1081 1384 1116 id
1412 1080 1492 1118 huc

6 1130 10 1159 3
125 1136 250 1171 facere
283 1137 491 1185 quisquam
522 1138 688 1187 putabit.
720 1138 768 1173 cf.
804 1148 874 1177 12,
909 1147 954 1177 2,
991 1145 1026 1181 4.

7 1170 17 1291 Β
207 1194 342 1240 exiget.
377 1195 509 1231 Turic.
543 1197 580 1240 (a
613 1196 679 1231 see.
703 1199 775 1237 m.)
812 1195 945 1242 Camp.
980 1196 1120 1241 exigat.

204 1249 351 1293 juvant.
386 1252 517 1287 Turio.
551 1253 697 1299 vigunt,
729 1264 746 1285 a
768 1251 837 1285 fec.
858 1264 911 1284 m.
942 1253 1105 1298 vigeant.
1137 1249 1242 1286 Flor.
1276 1252 1313 1296 (a
1333 1265 1391 1300 pr.
1411 1252 1487 1300 m.)

6 1345 14 1354 Γ
117 1303 261 1353 figant.
299 1305 400 1340 Ahn.
426 1309 576 1355 jugant.
828 1309 894 1342 ita.
929 1306 1056 1342 Gueif.
1089 1307 1250 1342 omittit.

11 1389 14 1394 Δ
211 1362 336 1396 crebra
355 1382 412 1389 —
433 1365 579 1404 calami,
604 1372 806 1398 morantur.
841 1364 973 1398 Turic.
1005 1362 1109 1397 Flor.
1156 1363 1279 1399 crebro
1308 1364 1485 1400 relationi

123 1420 223 1469 quod
262 1417 385 1465 (Flor.
422 1434 440 1454 a
465 1422 532 1457 sec.
553 1434 604 1456 m.
631 1420 771 1468 quoad)
805 1422 969 1466 inguitur
1003 1420 1154 1463 (Tui-ic.
1185 1433 1203 1453 a
1225 1421 1293 1456 sec.
1314 1433 1365 1456 m.
1394 1423 1482 1466 jun-

120 1478 233 1523 gitur,
261 1474 364 1511 Flor.
398 1478 648 1524 intinguntur)
674 1477 808 1511 calami
834 1479 1060 1524 repetitione
1082 1490 1127 1512 m.
1152 1489 1240 1512 cum
1258 1476 1376 1518 Alm.‚
1409 1478 1483 1513 nisi

122 1532 230 1580 quod
257 1533 383 1580 quoad
411 1533 536 1569 solum
577 1533 765 1573 refertur,
807 1545 865 1572 et,
907 1546 1004 1581 quos
1038 1532 1248 1567 Philander
1276 1546 1480 1576 memorat,

121 1587 230 1628 aliis,
275 1601 323 1622 ex
353 1589 495 1636 quibus
531 1601 658 1625 tamen
690 1590 881 1625 relationis
911 1590 1037 1638 quoad
1068 1591 1313 1637 intinguntur.
1350 1590 1480 1627 Guelf.

121 1645 246 1680 crebro
277 1645 458 1681 relationi
488 1661 521 1696 q.
555 1650 577 1683 i.
612 1662 639 1682 e.
677 1660 724 1681 m.
751 1646 857 1684 Voff.
886 1659 918 1681 ι.
943 1655 981 1688 5.
1019 1646 1144 1680 crebro
1174 1646 1350 1681 relationi
1379 1648 1481 1697 quod

121 1703 146 1737 i.
171 1716 199 1737 c.
221 1715 269 1736 m.
297 1714 406 1736 ,cum
445 1705 542 1741 Jens.
579 1705 694 1739 Tarv.
749 1703 894 1738 crebrae
932 1718 958 1737 r.
989 1718 1023 1753 q.
1047 1704 1069 1737 i.
1092 1716 1120 1737 c.
1141 1717 1186 1737 m.
1220 1702 1305 1738 Ald.
1354 1697 1478 1740 crebro

120 1773 150 1793 r.
173 1772 206 1806 q.
232 1759 256 1792 i.
281 1772 309 1794 c.
336 1773 382 1794 m.
414 1761 526 1796 Basil.
548 1762 806 1799 Burmannus,
838 1760 1022 1795 relatione
1053 1758 1240 1795 vocabuli
1261 1763 1484 1808 repetitione

120 1814 281 1862 glossam
302 1825 419 1856 ratus,
452 1816 546 1852 haec
568 1818 779 1863 conjectat:
815 1816 950 1857 crebra,
977 1816 1102 1865 quoad
1123 1818 1316 1863 tinguitur,
1345 1817 1482 1852 calami

2 1897 9 1929 Η
119 1872 350 1919 repetitione.
413 1872 678 1921 Significatus,
715 1871 839 1921 qualis
871 1872 949 1911 hic,
980 1873 1176 1924 relationis
1205 1871 1319 1920 plane
1348 1873 1478 1922 physis,

119 1939 200 1968 cus,
223 1927 252 1961 fi
270 1927 324 1962 ita
343 1927 455 1976 loqui
477 1929 580 1970 licet,
602 1929 786 1965 ferendus
809 1929 971 1978 quidem
992 1942 1073 1965 non
1093 1929 1265 1970 videtur,
1286 1929 1479 1966 medelam

5 1992 7 2042 4
118 1992 245 2018 tamen
271 1982 359 2019 loco
382 1998 462 2021 non
483 1987 651 2035 reperio.

3 2052 7 2073 A
207 2049 273 2084 32.
304 2051 433 2077 contra
456 2052 563 2078 erunt
581 2057 731 2079 vacuae.
774 2043 908 2078 Turic.
941 2041 1046 2078 Flor.
1081 2057 1109 2079 c.
1135 2056 1164 2078 ε.
1182 2043 1243 2078 vel
1265 2056 1369 2091 quae,
1404 2042 1474 2080 ille

117 2110 138 2132 a
166 2098 235 2133 sec.
264 2110 317 2133 m.
355 2099 415 2134 vel
444 2099 579 2141 solum,
628 2100 694 2134 hic
721 2099 907 2135 nostrum.
961 2098 1089 2135 Guelf.
1128 2114 1155 2135 c.
1185 2113 1264 2134 eum
1296 2114 1329 2136 v.
1383 2113 1474 2136 curn

3 2133 6 2194 i
116 2155 236 2190 Goth.
275 2154 378 2192 Voff.
408 2170 442 2192 1.
476 2167 511 2193 2.
549 2159 665 2193 Bern.
693 2155 793 2195 Vall.
822 2157 921 2194 Jens.
953 2156 1069 2191 Tarv.
1096 2155 1254 2204 Reliqui
1284 2156 1475 2194 omittunt

0 2199 5 2256 1
116 2211 381 2258 interjectum,
410 2213 590 2249 suadente
612 2213 724 2249 etiam
746 2213 885 2261 Regio.
917 2213 992 2248 Sed
1011 2213 1154 2248 Badius
1183 2227 1316 2248 vacuae
1346 2212 1474 2255 solum

116 2266 246 2303 habet.
383 2283 389 2288 “
480 2271 675 2316 adjicienti
694 2270 761 2318 sit.
802 2269 906 2305 Flor.
939 2268 995 2318 sit
1026 2271 1237 2315 adjicienda
1258 2269 1352 2318 sint.
1411 2272 1473 2305 Ex

116 2323 220 2363 Alm.
241 2326 453 2370 adjicienda
468 2326 570 2375 sunt.
607 2326 734 2364 Guelf.
766 2325 1024 2374 adjiciendas.
1048 2340 1137 2361 cum
1160 2327 1265 2364 Voff.
1296 2341 1329 2361 ι.
1354 2329 1478 2365 Βετημ

117 2380 365 2430 adjiciendis.
399 2385 533 2433 Camp.
559 2396 648 2420 curn
671 2382 790 2419 Goth.
822 2393 859 2418 et
882 2383 967 2418 edd.
1001 2394 1086 2418 ante
1113 2385 1234 2418 Stoer.
1271 2395 1345 2418 ace.
1371 2383 1469 2420 Obr.

118 2435 201 2473 Cur
220 2450 300 2472 non
325 2441 545 2489 corrigebat
565 2441 711 2489 Regius
738 2451 781 2475 ut
800 2445 839 2487 4,
863 2448 898 2484 5,
936 2438 990 2475 6?
1021 2439 1154 2474 Turio.
1182 2441 1277 2487 quin
1296 2440 1475 2487 nostrum

116 2491 244 2540 ipsum
277 2494 352 2537 det,
385 2510 466 2532 non
496 2498 648 2535 dubito.
884 2494 1214 2544 interpositionem.
1245 2497 1308 2532 Sic
1335 2498 1469 2533 Turic-

115 2560 137 2584 ει
158 2562 217 2598 pr.
240 2563 293 2586 m.
315 2564 404 2588 cum
423 2552 527 2592 Alm.
550 2555 712 2605 Reliqui
736 2552 1030 2604 interpositione.
1225 2552 1479 2605 confundant.-

0 2684 1 2714 ι
171 2674 524 2722 crebra-calami,
555 2690 760 2718 morantur.
879 2688 943 2722 32.
977 2676 1221 2725 confundant.
1240 2679 1483 2726 Conjuncti-,

112 2731 203 2768 'vide
227 2744 308 2770 not.
337 2735 426 2775 erit.
729 2763 732 2765 -
819 2750 894 2773 vus
925 2746 1029 2772 recte
1057 2735 1243 2784 ponitur,
1288 2749 1378 2772 cum
1405 2735 1470 2773 de·

917 2793 1007 2829 L2
