1779 3062
431 88 453 109 θ

419 161 582 207 ῙΝεΤ.
620 140 903 210 οΒΑΤΟΒᾸ
936 165 1058 210 LIB.
1094 165 1192 222 xi,
1231 177 1277 222 3.

1426 178 1522 229 559

170 300 283 348 tur3
305 288 479 338 lateris
502 290 798 354 pectorisve
823 288 1146 349 firmitas,ai1
1168 292 1348 358 capitis
1365 295 1531 345 etiam-

168 368 290 433 plus
316 365 544 428 adjuvet.
587 384 709 415 nam
725 384 860 433 opus
876 367 946 415 est
964 369 1234 426 omnibus,
1248 368 1383 419 sicut
1404 389 1519 422 non

167 445 276 494 oris
298 443 462 493 modo
496 443 765 502 suavitate,
805 442 896 492 sed.
915 448 1125 495 narium
1146 464 1381 512 quoque,
1422 466 1519 514 per

167 538 317 588 quas,
357 521 509 588 quod
541 520 774 589 superest
797 523 960 581 vocis,
1005 516 1264 589 egeritur(
1327 528 1517 577 Dulcis

165 709 354 749 tanquam.
599 702 727 738 lateris
746 700 964 750 pectorisve.
999 701 1128 738 Turic.
1155 700 1288 738 Ambr.
1312 708 1348 738 2.
1385 703 1514 742 Guelf.

164 757 191 792 l.
217 760 435 803 pectorisne.
464 758 583 794 Goth.
613 762 701 805 (tac.
730 756 863 805 Gesn.)
885 761 1044 806 pectoris
1062 760 1246 807 laterisve.
1442 761 1518 809 fir-

166 816 289 849 micas.
326 815 459 851 Tui-ic.
486 815 590 851 Flor.
615 817 699 861 (hic
720 831 736 851 a
758 830 817 865 pr.
840 818 915 857 m.)
936 815 1068 864 Camp.
1094 816 1294 863 infirmitas
1312 819 1514 858 QumAlm.

165 873 302 919 capitis
332 873 445 906 etium
473 872 568 919 plus.
606 874 724 908 Goth.
750 872 853 910 Voff.
883 879 920 906 9..
955 874 1053 910 Jens.
1081 873 1269 909 omittunt
1289 876 1403 910 etiam
1427 888 1518 910 cum

165 928 252 963 edd.
285 927 442 977 posterr.
478 939 565 964 ante
601 929 688 966 Ald.
722 921 796 965 ecc.
825 928 916 963 Bad.
948 930 1056 964 Gesn.
1087 929 1173 977 Bip.
1405 931 1517 979 sicut.

162 986 253 1021 Hoc
279 998 368 1020 cum
392 997 630 1034 expunctum
661 987 781 1023 vellet
810 986 999 1034 uncisque
1021 997 1172 1022 notaret
1200 987 1408 1027 Gesnerus,
1440 1001 1522 1024 uon

163 1041 340 1082 attendit,
373 1042 538 1092 spectare
570 1044 636 1079 issa
656 1046 782 1080 omnia
803 1043 847 1078 ad
869 1042 1044 1078 universa
1063 1042 1132 1078 illa
1155 1057 1251 1092 quae
1269 1044 1521 1092 praecedunt,

164 1098 304 1134 deinde
337 1112 385 1134 ne
411 1099 453 1135 in
481 1100 564 1149 ipso
588 1101 746 1150 quidem
778 1102 900 1147 capite
920 1099 1170 1136 sufficientem
1192 1100 1310 1137 solius
1341 1101 1420 1137 oris
1440 1102 1522 1136 sua·

161 1156 325 1191 vitatem
355 1158 521 1204 agnosci.
584 1160 642 1194 Ita
674 1157 767 1193 haec
799 1158 844 1192 de
870 1171 933 1192 ore
956 1168 993 1192 et
1020 1157 1170 1193 naribus
1192 1156 1364 1206 exempli
1394 1157 1519 1206 magis

162 1212 327 1262 speciem
351 1211 508 1254 habent,
543 1228 658 1262 quam
680 1215 813 1263 ipsius,
827 1226 829 1229 ’
845 1214 890 1248 de
913 1226 987 1262 qua
1008 1215 1146 1262 agitur,
1167 1214 1226 1249 rei
1245 1224 1517 1256 momentum3

163 1281 243 1316 quo
265 1280 433 1319 apparet,
465 1269 564 1318 sicut
599 1271 801 1306 rectiss'une
838 1269 947 1317 poni.
1009 1284 1011 1286 ·
1168 1267 1345 1318 superest.
1380 1270 1515 1308 Turio.

162 1324 268 1361 Flor.
287 1325 370 1368 (hic
392 1339 410 1360 a
430 1340 488 1375 pr.
514 1329 588 1373 m.)
612 1325 661 1375 ⁶²st
683 1340 771 1363 cum
791 1326 893 1361 Alm.
942 1326 1041 1361 Mox
1063 1326 1394 1375 egreditur-Tude.
1408 1326 1516 1363 Flor.·

163 1383 262 1420 Jens.
293 1382 382 1429 (tae.
407 1383 537 1428 C—esn.)
557 1398 646 1420 cum
668 1384 770 1420 Alm.
797 1382 909 1419 Rodl.
934 1392 970 1418 et
990 1382 1075 1417 edd.
1101 1383 1198 1418 meis
1217 1393 1369 1431 praeter
1380 1384 1517 1433 Camp.

163 1450 201 1474 et
232 1439 320 1474 Ald.
355 1451 439 1475 ante
470 1443 593 1477 Stoer.
630 1441 846 1489 multisque
879 1440 979 1487 apud
1010 1441 1143 1474 Burm.
1168 1439 1354 1475 redeunte
1380 1441 1520 1477 eodem

160 1495 348 1538 Rollino,
381 1498 489 1545 quod
518 1497 566 1533 est
598 1497 780 1548 frugibus
811 1496 984 1533 inventis
1017 1495 1176 1545 glandes
1198 1495 1325 1532 malie.
1357 1498 1390 1531 E
1411 1497 1515 1536 Voff.

158 1658 220 1681 an.
279 1644 523 1694 Proponitur
558 1646 626 1682 hic
656 1658 807 1683 novum

158 1701 426 1750 quaestionum
450 1717 538 1752 par,
572 1704 716 1751 quibus
734 1704 808 1738 sin-

158 1758 261 1806 gulis
304 1759 345 1792 in
386 1760 505 1795 initio
554 1760 710 1795 nullum
759 1774 808 1794 an

156 1815 358 1862 praemitti
379 1827 543 1863 oportet.
584 1817 729 1851 Eadem
750 1829 808 1851 ra-

159 1871 267 1906 tione
290 1872 447 1909 tertium
474 1872 703 1921 explicatur,
721 1872 804 1913 nbi,

158 1927 287 1963 lateris
307 1931 512 1975 pectorisve
530 1944 577 1964 an
592 1929 805 1977 capitisfir-

156 1987 268 2020 micas
288 1984 377 2033 plus
399 1999 536 2021 vocem
561 1987 732 2033 adjuvet,
763 1987 805 2021 in

152 2041 305 2077 incerto
323 2041 383 2076 est.
416 2043 478 2077 Sic
501 2044 618 2083 enim,
641 2043 682 2077 id
697 2044 805 2092 quod

154 2111 243 2133 cum
266 2097 397 2146 paucis
420 2099 597 2141 fecimus,
629 2100 723 2134 haec
748 2100 805 2134 di-

152 2154 328 2190 rimenda
370 2155 550 2196 fuerunt,
620 2171 667 2192 ne
702 2156 803 2191 forte

152 2219 320 2247 movetur
332 2213 543 2249 referretur
561 2215 607 2249 ad
617 2213 802 2260 firmitas,

156 2269 268 2315 cujus
298 2269 414 2304 verbi
441 2269 562 2305 solum
587 2271 804 2317 subjectum

156 2325 208 2359 est
225 2338 311 2363 vox.
370 2327 431 2361 De
455 2339 500 2362 eo
520 2327 642 2375 igitur
662 2328 711 2362 est
734 2328 803 2362 du-

155 2380 310 2422 bitati0‚
343 2392 474 2417 utrum
495 2385 654 2432 propria
676 2385 804 2430 cujus—

157 2451 231 2486 que
264 2438 439 2475 hominis
469 2441 561 2475 voci
587 2442 632 2475 sit
651 2452 800 2482 natura,

157 2508 204 2529 an
229 2493 314 2529 talis
327 2495 374 2529 fit
393 2509 488 2536 vox,
515 2496 640 2544 qualis
661 2498 721 2534 vis
745 2511 799 2540 ea,

154 2562 224 2601 per
246 2565 362 2600 quarm
387 2553 635 2600 propellitur.

214 2608 327 2642 dulcis
346 2628 398 2635 -—
420 2611 646 2653 exprobrans
674 2611 800 2661 sonus.

153 2665 243 2700 Hoc
290 2668 597 2703 continuandum
650 2671 700 2704 est
736 2670 800 2711 iis,

155 2734 252 2771 quae
270 2721 456 2760 dicuntur
469 2724 514 2760 de
530 2726 679 2761 residua
689 2727 800 2763 vocis

866 1653 973 1694 parte
995 1641 1205 1692 egerenda3
1232 1654 1280 1678 ne
1302 1642 1404 1680 forte
1428 1644 1517 1695 quis

867 1702 1010 1741 credat,
1034 1701 1211 1749 permitti
1234 1714 1253 1734 a
1282 1702 1412 1737 nostro
1432 1716 1518 1750 gra·

865 1759 1020 1794 vio'rem
1046 1758 1385 1805 sonantioremque
1407 1760 1516 1806 spiri·

867 1825 950 1849 tum
983 1812 1141 1847 naribus
1176 1813 1374 1847 excussum
1409 1814 1517 1858 (ele.

866 1881 1001 1919 ganter
1014 1869 1201 1904 Gesnerus
1226 1868 1391 1916 appellat
1403 1872 1516 1908 anhe-

864 1929 981 1962 latum
1023 1926 1173 1961 naribus
1211 1926 1403 1961 minaciter
1438 1929 1514 1964 dis·

862 1983 980 2034 plosis
993 1982 1161 2032 sonum),
1190 1981 1313 2030 qualis
1336 1996 1516 2022 narratur

863 2041 975 2076 fnisse
996 2039 1118 2075 Plinii
1138 2039 1296 2086 majoris
1317 2040 1516 2078 dormien—

864 2098 914 2134 tis
937 2097 1063 2142 (Plin.
1087 2097 1220 2145 Epistt.
1247 2096 1282 2137 6,
1313 2097 1371 2138 16,
1409 2103 1513 2144 13.).

863 2157 900 2190 Is
924 2153 1028 2189 enim
1062 2153 1112 2189 est
1141 2152 1366 2202 exprobrans
1380 2154 1514 2203 sonus,

865 2212 934 2260 qui
966 2211 999 2246 se
1030 2211 1159 2245 audiri
1190 2222 1226 2246 et
1257 2211 1515 2248 animadverti

865 2268 971 2317 quasi
993 2268 1172 2317 imperat,
1203 2267 1273 2314 qui
1294 2267 1327 2301 fe
1348 2267 1509 2306 auribus

860 2325 1029 2374 ingerit,
1059 2323 1182 2372 qualis
1204 2323 1434 2370 significatio
1459 2325 1511 2361 est

861 2383 904 2418 in
956 2380 1159 2418 benefieiis
1218 2380 1507 2427 exprobramiIs,

863 2453 960 2489 quae
992 2436 1173 2473 oblivisci
1196 2449 1283 2471 eum
1307 2450 1387 2473 non
1407 2439 1508 2487 pati·

859 2511 960 2536 mur,
1000 2495 1042 2529 in
1093 2507 1207 2541 quem
1253 2495 1506 2533 contulimus.

859 2553 981 2592 Valde
1010 2550 1147 2585 similis
1176 2549 1226 2585 est
1254 2552 1414 2597 potestas
1439 2555 1507 2587 im-

857 2610 1018 2660 putandi
1039 2608 1069 2652 §.
1095 2615 1160 2650 53.
1201 2608 1340 2643 Fateor
1363 2620 1504 2650 autem,

859 2682 932 2717 pro
964 2678 1086 2701 tamen
1114 2663 1266 2698 fortaffe
1297 2667 1422 2715 aptius
1445 2667 1506 2701 fu.

860 2736 994 2761 turum
1017 2723 1136 2760 eninm
1159 2719 1205 2755 cf.
1233 2732 1295 2763 ιο,
1319 2734 1357 2765 2,
1381 2734 1446 2759 22.
1476 2748 1479 2749 γ

930 2802 1087 2858 ΝἙίε
