1789 3068
178 169 300 209 2vnt
631 166 727 213 PR
741 165 1092 214 AEFATIO.

177 314 181 318 ’
192 300 474 366 praecipue
487 310 662 349 autern
674 301 907 363 ejusdem
917 320 1080 353 manu
1093 303 1378 372 adscriptae
1388 309 1538 375 prio·

190 404 315 436 rum
336 380 609 437 tomor-*um
638 392 892 456 exemplis
917 394 1229 451 notationes,
1255 396 1313 442 in
1339 397 1536 460 quibus

190 476 452 540 permulta
471 474 605 534 sunt,
627 495 760 542 quae
779 478 942 540 liujus
962 482 1134 547 operis
1147 483 1436 534 lectoribus
1451 485 1536 533 in·-

190 562 365 612 videri
381 564 536 613 nullo
549 564 715 615 modo
739 566 975 616 debeant.

296 651 389 698 Illa
412 668 542 700 vero
565 653 787 713 consilii,
803 655 951 720 quod
970 657 1027 704 in
1048 659 1222 722 primo
1245 660 1418 723 operis
1438 675 1536 708 vo-

182 735 394 787 ·lumine
413 737 728 802 sequebatur
739 743 1048 809 Spaldingiu
1054 762 1093 809 s,
1105 744 1375 794 diversitas
1386 745 1536 797 aliud

187 826 344 873 etiam
377 828 785 879 incommodum
818 833 1048 896 peperit,
1086 833 1250 898 quod,
1288 834 1537 899 quamvis

174 930 300 962 ·non
316 931 489 979 grave,
511 935 746 967 mancam
773 929 947 968 tamen
968 922 1298 985 aliquatenus
1317 922 1538 972 univer-

177 998 295 1048 ·sam
310 1003 417 1050 viri
440 1006 632 1068 optimi
647 1024 862 1072 operam
883 1004 1068 1056 effecit.
1096 1010 1237 1057 Nam
1263 1026 1385 1058 cum
1400 1010 1451 1057 ei
1468 1007 1539 1059 acl.

178 1105 408 1137 ananum
432 1107 544 1140 non
569 1091 728 1142 effent
753 1096 952 1145 multae
980 1113 1044 1144 ex
1071 1094 1263 1144 saeculi
1285 1099 1401 1146 XVI
1424 1095 1540 1146 edi-

187 1177 444 1236 tionibus,
467 1195 564 1227 nec
580 1180 682 1229 nisi
698 1181 986 1231 admodum
1004 1200 1292 1249 paucarum
1313 1185 1541 1249 exiguus

181 1261 316 1313 >usus
350 1263 520 1316 factus
554 1265 675 1316 esset
705 1270 764 1316 in
797 1271 1091 1319 Burmanni
1129 1281 1182 1318 et
1212 1268 1539 1320 decefforum

187 1355 303 1414 ejus
323 1356 732 1413 commentariis,
748 1354 871 1404 fieri
894 1374 1008 1406 non
1028 1359 1221 1422 potuit,
1243 1359 1375 1422 quin
1397 1357 1540 1406 mul-

180 1441 255 1489 tis
280 1456 405 1489 eum
435 1443 566 1491 locis
599 1455 837 1508 receptae
867 1442 959 1493 seu
986 1446 1229 1509 vulgatae
1251 1443 1539 1509 scripturae

185 1526 311 1577 fons
337 1540 388 1577 et
414 1546 477 1577 ex
502 1531 601 1577 alia
624 1532 683 1578 in
710 1531 866 1578 aliam
894 1533 1140 1580 transitus
1163 1533 1317 1597 plane
1337 1532 1556 1593 lateret·-

185 1615 383 1681 Neque
418 1628 593 1666 tamen
632 1617 692 1666 id
722 1617 1015 1668 admodum
1054 1621 1266 1668 curabat
1290 1619 1536 1686 Spaldin-

186 1705 305 1769 gius
321 1705 379 1752 in
402 1706 495 1753 tali
514 1705 725 1770 qualem
744 1716 861 1754 tum
881 1707 1091 1771 parabat
1113 1707 1364 1756 editione.
1400 1710 1535 1757 Mox

185 1790 494 1857 augescente
515 1793 851 1844 vetustorum
871 1795 1136 1844 librorum
1158 1812 1386 1845 numero
1410 1810 1535 1844 cum

184 1884 476 1931 ‘accuratius
507 1882 885 1948 exponendum
924 1881 1044 1932 effet
1063 1883 1145 1933 ‘de
1168 1884 1417 1949 plurimis
1442 1899 1533 1932 va·-

185 1971 478 2028 rietatibus,
508 1981 655 2020 aucta
679 1972 751 2020 est
772 1974 930 2021 etiam
950 1971 1140 2021 sensim
1164 1971 1425 2021 neceffitas¹
1447 1971 1533 2020 illi

186 2055 497 2108 criticorum
517 2057 778 2110 desiderio
797 2059 1170 2118 satisfaciendi;
1193 2058 1340 2123 quod
1352 2069 1532 2108 tamen

186 2146 463 2211 quomodo
484 2145 606 2196 fieri
625 2147 804 2214 posset,
836 2151 895 2197 in
921 2159 1060 2197 tanta
1092 2149 1240 2196 illius
1268 2147 1386 2197 aevi
1420 2144 1536 2193 edi·-

184 2232 402 2283 tionum·
427 2236 636 2284 raritate
649 2254 772 2286 rnon
807 2237 1097 2302 apparebat.
1175 2236 1344 2300 Igitur
1373 2233 1534 2283 etiam

184 2331 301 2371 tum
314 2323 380 2371 iis
396 2340 525 2388 quas
538 2324 762 2374 habebat
783 2326 973 2389 opibus
996 2333 1280 2373 contentus
1290 2320 1533 2388 Spaldin-

184 2411 320 2475 gius,
356 2413 566 2473 quoties
591 2419 845 2462 mutatam
867 2413 1098 2477 aliquam
1124 2406 1403 2462 inveniffet
1425 2412 1532 2470 jam

185 2496 480 2564 assnsstiquitus
511 2498 838 2566 scripturam,
867 2499 926 2548 id
958 2497 1138 2550 saltem
1172 2498 1374 2561 ubique
1409 2495 1533 2544 dili·-

184 2597 367 2653 genter
395 2589 643 2646 notavit‚-
673 2589 732 2636 in
765 2603 1000 2651 quonam
1026 2581 1249 2659 suorum
1287 2582 1532 2636 librorum

184 2676 361 2743 primo
398 2691 647 2742 quaeque
681 2683 964 2741 appareret.
1053 2677 1188 2729 Sunt
1228 2681 1420 2730 autem;
1450 2670 1533 2721 illi
