1779 3062
381 143 545 194 1Ns'r.
583 146 863 192 ORATOR.
900 148 1023 193 Lm.
1058 147 1155 198 XI,
1191 160 1238 193 2.
1391 156 1488 204 317

136 276 194 327 id
238 274 530 324 memoriae
578 271 842 337 affigatur,
895 273 1041 323 unde
1083 274 1208 324 funt
1249 276 1487 328 nomina.

138 355 300 418 Origo
358 368 576 415 quoque
626 350 916 414 aliquando
967 352 1361 403 declinatorum
1415 366 1492 404 te-

47 453 122 491 99²
138 430 304 479 nendi
325 430 491 494 magis
518 426 664 477 causa
691 425 780 485 est,
824 438 886 477 ut
907 430 965 476 in
992 430 1250 489 Cicerone,
1282 434 1491 493 Verrio,

133 506 374 565 Aurelio,
399 505 442 554 si
467 505 662 554 debent
686 504 859 553 inseri.
916 505 1063 556 Illud'
1080 509 1353 557 neminem
1375 528 1489 560 non
1512 533 1564 570 52

131 586 366 648 juvabit,
412 584 634 641 iiEdem,
675 583 870 647 quibus
900 581 1177 649 scripserit,
1219 588 1350 636 ceris
1377 588 1490 637 edi-

131 664 288 717 scere.
389 664 643 728 Sequitur
692 662 838 710 enim
877 660 1111 727 vestigiis
1164 663 1490 726 quibusdam

131 742 465 798 memoriam,
498 750 549 788 et
572 740 722 788 velut
745 739 915 788 oculis
937 740 1180 788 intuetur
1203 757 1317 789 non
1341 744 1491 808 pagi-

133 835 227 869 nas
256 818 452 876 niodo,
493 817 585 866 sed.
617 815 802 868 versus
834 832 1003 883 prope
1032 816 1198 885 ipsos,
1238 821 1337 884 qui
1370 830 1490 868 tum

292 968 331 1021 si
347 990 402 998 —
425 971 546 1021 inseri.
570 972 702 1008 Turio.
723 970 797 1020 sed
823 967 872 1015 7z7
904 971 1058 1020 misceri.
1080 970 1185 1008 Flor.
1202 971 1274 1021 sed
1296 969 1335 1007 lzi
1355 973 1490 1022 miseri.

131 1029 235 1068 Almo
257 1027 295 1077 si
315 1030 353 1064 hi
375 1029 526 1078 misceri.
553 1029 680 1065 Guelf.
704 1029 835 1077 Camp.
857 1027 896 1078 si
920 1030 1027 1064 debet
1049 1029 1190 1078 misceri
1215 1043 1303 1065 cum
1322 1031 1437 1066 Bodl.
1453 1031 1493 1080 si

133 1088 241 1122 debet
263 1085 372 1135 inseri
393 1086 631 1124 Goth.Voff.
656 1096 692 1120 2.
715 1097 751 1121 et
775 1087 859 1121 edd.
885 1098 970 1122 ante
984 1089 1107 1122 Stoer.
1135 1089 1204 1135 qui
1227 1089 1379 1136 primus
1402 1088 1490 1138 plu·

131 1143 252 1179 ralem
282 1145 324 1178 in
353 1144 489 1179 verbm
536 1145 678 1178 Parum
710 1144 816 1189 juvit
845 1143 979 1179 locum
1012 1143 1109 1179 Obr.
1134 1145 1381 1181 distinctione
1403 1160 1490 1181 mu*-

133 1211 229 1241 tata,
262 1212 305 1235 ut
335 1201 382 1235 ad
405 1200 598 1248 sequentia
623 1200 717 1235 haec
739 1200 1004 1248 pertinerent:
1032 1200 1070 1248 si
1090 1201 1200 1237 debet
1220 1201 1361 1245 misceri
1384 1200 1489 1244 illud,

130 1259 325 1293 neminem.
355 1259 489 1292 Burm.
519 1267 555 1292 et
574 1257 652 1305 ipse
675 1258 878 1292 transitum
903 1257 948 1291 ad
970 1258 1156 1305 proxima
1179 1259 1407 1308 agnoscens:
1450 1262 1492 1295 Si

132 1314 215 1358 (vel
233 1313 320 1363 sed)
347 1315 473 1349 taedet:
496 1315 551 1348 his
573 1313 784 1349 inhaerere:
815 1314 908 1347 illud
930 1324 1001 1349 cet.
1045 1314 1153 1349 Mihi
1175 1316 1386 1351 succurrit:
1419 1318 1492 1352 Sed

130 1372 243 1408 habet
264 1370 446 1420 miseriam
469 1368 536 1423 (cf.
563 1384 597 1411 1,
620 1378 656 1415 3,
684 1378 744 1415 ¹8·
778 1378 815 1414 5,
844 1376 905 1413 14,
932 1372 1086 1418 5¹·)-···
1104 1373 1146 1406 in
1171 1384 1249 1422 quo
1275 1381 1404 1409 tamen
1425 1376 1491 1410 ab·

128 1440 291 1478 ruptum
321 1427 424 1463 illud
456 1439 494 1464 et
524 1428 700 1476 undique
730 1428 945 1477 pi-aecisum
976 1429 1141 1464 minime
1172 1428 1311 1478 placet.
1354 1431 1490 1467 Turic-

132 1485 410 1534 compendium
433 1498 572 1534 parum
594 1485 792 1533 intelligo.
824 1496 953 1532 magas
972 1486 1081 1532 supra
1102 1500 1176 1534 pro
1199 1488 1319 1534 magis
1334 1488 1488 1526 inJens.

131 1556 180 1580 ex
211 1542 419 1592 sphalmate
450 1542 521 1577 effe
557 1542 712 1577 testatur
743 1543 856 1576 Tarv.
882 1554 1013 1577 carens
1041 1542 1117 1577 hoc
1137 1542 1254 1578 vitio.
1293 1546 1491 1582 Invetera-

131 1603 210 1637 tius
231 1598 347 1640 illud,
373 1600 481 1647 quod
501 1599 604 1635 Flor.
631 1598 759 1634 Guelf.
783 1612 881 1633 mox
906 1601 1033 1633 ceteris
1053 1612 1128 1648 pro
1153 1602 1255 1637 ceris.

217 1678 284 1714 52.
315 1669 498 1716 Sequitur.
522 1669 655 1703 Tui-ic.
671 1666 733 1718 sq'.
755 1667 859 1703 Flor.
876 1665 910 1715 s.
934 1667 970 1715 ᾆ.
991 1668 1068 1703 Hic
1089 1681 1108 1703 a
1140 1668 1209 1705 sec.
1232 1683 1285 1706 m.
1303 1668 1490 1718 secuntur,

128 1740 166 1764 et
196 1727 247 1762 [ic
267 1727 400 1773 Camp.
426 1724 556 1761 Guelf.
579 1724 662 1770 (fed
692 1725 759 1760 hic
781 1738 871 1760 cum
895 1734 983 1760 cett.
999 1723 1223 1773 sequuntur)
1252 1739 1340 1762 cum
1369 1729 1491 1764 Goth.

125 1784 230 1823 Voff.
257 1795 292 1819 2.
317 1794 355 1818 et
378 1782 463 1817 edd.
486 1793 571 1817 ante
600 1782 711 1817 Bam.
768 1783 887 1830 Quod
910 1794 1005 1815 mox
1029 1782 1204 1817 inserunt
1233 1785 1270 1817 in
1290 1785 1373 1832 post
1395 1788 1492 1821 enim

127 1842 227 1881 Jens.
250 1841 366 1875 Tarv.
390 1852 520 1875 merus
543 1852 664 1875 error.
893 1837 1123 1887 quibusdam.
1147 1839 1282 1875 Turic.
1305 1843 1491 1887 quisdam.

126 1898 233 1934 Flor.
265 1896 314 1940 (a
336 1909 393 1944 pr.
420 1899 498 1939 m.)
535 1897 729 1944 quasdam.
960 1896 1327 1932 intuetur—modo.
1354 1899 1490 1936 Turic-

127 1955 234 1991 Flor.
269 1952 398 1989 Guelf.
435 1955 623 1987 intuentur
647 1967 721 1987 non
746 1952 901 2001 paginis
922 1952 1022 1987 mihi.
1047 1953 1179 2000 Camp.
1205 1955 1393 1990 intuentur
1414 1969 1493 1992 non

128 2014 290 2061 paginas
313 2011 427 2046 modo
453 2023 543 2045 cum
558 2010 676 2046 Goth.
867 2010 928 2057 qui
949 2018 1037 2047 tum.
1069 2010 1203 2046 Turio.
1228 2010 1332 2046 Flor.
1359 2013 1492 2048 Guelf.

130 2083 238 2120 quem
259 2082 338 2103 cum
359 2081 450 2103 cum
470 2066 574 2104 Alm.
608 2068 683 2103 Sed
709 2068 842 2116 Camp.
864 2080 956 2115 quae
979 2075 1056 2101 tum
1079 2080 1168 2102 cum
1190 2068 1310 2106 Goth.
1329 2070 1435 2109 Voff.
1451 2080 1490 2107 2.

127 2203 273 2240 sentem
306 2202 558 2238 Morhofium
589 2201 632 2237 in
662 2201 780 2251 Poly·
839 2201 1136 2246 demonstraret,
1196 2201 1396 2240 neminem
1429 2217 1491 2253 re-

130 2252 215 2297 hist.
243 2276 277 2302 1,
307 2271 343 2298 2,
367 2260 403 2296 6.
428 2266 494 2306 43.
518 2260 590 2309 seq.
619 2260 780 2296 demon·
835 2259 934 2309 pei-i.

130 2318 219 2354 strat
241 2318 441 2354 Gesnerus.
782 2311 786 2331 ¹'
886 2315 925 2366 si
947 2317 1080 2353 debent
1103 2315 1222 2367 inseri.
1245 2316 1292 2352 cf.
1306 2328 1387 2353 not.
1402 2317 1490 2354 crit.

897 2383 963 2418 52.
1003 2376 1174 2424 Sequitur
1201 2395 1257 2402 —
1274 2374 1412 2422 similis
1438 2376 1490 2411 le-

192 2433 388 2473 Cicerone,
428 2431 580 2473 Verrio,
611 2431 776 2469 Aurelio.
838 2434 953 2480 genti.
985 2432 1066 2466 Etsi
1086 2432 1272 2467 sententia
1291 2442 1492 2479 uteunque

132 2491 194 2527 De
215 2489 339 2538 primi
359 2489 543 2537 tertiique
556 2489 699 2525 horum
712 2504 783 2526 no·
844 2490 996 2524 eruitur
1026 2502 1073 2523 ex
1100 2489 1232 2524 verbis
1252 2487 1385 2530 hisce3
1419 2489 1491 2524 du-

133 2549 287 2584 minum
338 2546 490 2594 origine
534 2557 684 2583 veteres
723 2547 783 2583 lo·
842 2545 985 2580 riffima
1000 2556 1126 2580 tamen
1142 2546 1190 2580 est
1200 2544 1269 2579 illa
1286 2555 1360 2580 tam
1375 2544 1494 2594 longa

134 2615 334 2654 quuntur,
361 2615 404 2639 ut
427 2603 600 2644 Plinius,
633 2604 783 2639 Plutar-
842 2603 1004 2649 subjecti
1026 2601 1186 2643 dilatio,
1220 2604 1328 2650 quod
1349 2602 1389 2637 in
1411 2602 1492 2639 fine

135 2663 244 2703 chus,
272 2662 317 2696 de
332 2658 495 2696 Aurelio
509 2671 636 2695 autem
656 2662 782 2697 Festus
843 2670 993 2696 tantum
1028 2669 1247 2707 comparet:
1297 2661 1360 2710 qui
1388 2660 1491 2696 dicit.

132 2719 178 2756 in
194 2731 306 2756 voce.
339 2716 471 2759 Verrii
493 2718 563 2766 qui
586 2718 784 2767 originem
843 2719 970 2766 Quare
991 2715 1244 2753 consulendae
1262 2726 1361 2754 nott.
1384 2717 1488 2755 critt0
