1779 3062
454 153 615 198 INST.
655 154 935 202 ORATOR.
968 157 1090 202 LIB.
1126 158 1217 214 X1,-
1247 167 1294 213 5.
1447 166 1547 216 471

198 281 372 337 decor,
410 276 562 345 saepe
586 278 732 328 aliud
755 282 888 331 alios
913 281 1113 332 decere.
1193 281 1282 331 Est
1307 284 1453 332 enim
1476 283 1551 331 la-

196 367 310 407 tens
345 355 606 422 quaedam
645 356 703 403 in
740 356 846 405 hoc
878 361 1042 418 ratio,
1075 371 1126 409 et
1149 359 1550 410 inenarrabilis:

193 444 247 482 et
273 444 336 483 ut
365 449 489 483 vere
521 431 625 481 hoc
651 431 854 482 dictum
879 435 977 493 est,
1018 448 1176 502 caput
1209 433 1328 510 effe,
1370 439 1550 486 decere

191 511 335 576 quod
348 507 570 579 facias;
604 511 679 557 ita
704 508 764 557 id
791 527 968 576 neque
1001 512 1115 562 [ine
1157 525 1264 562 arte
1294 512 1418 573 effe,
1456 529 1552 564 :ne-

192 604 300 653 que
334 598 508 637 totum
551 597 660 635 arte
692 585 832 635 tradi
863 588 1046 654 potest.
1124 594 1188 639 ln
1217 591 1545 656 quibusdam
1557 600 1626 642 178

194 665 419 714 virtutes
457 681 571 714 non
607 663 808 712 habent
848 665 1094 728 gratiam,
1134 668 1194 715 in'
1222 667 1549 733 quibusdam

190 742 324 790 vitia
351 739 461 807 ipsa
486 741 761 790 delectant.
822 742 1088 792 Maximos
1114 755 1311 794 actores
1336 761 1551 793 comoe-

189 817 417 876 diarum,
448 818 788 876 Demetrium
823 829 875 866 et
894 820 1191 879 Stratoclea,
1226 822 1434 887 placere
1466 820 1550 869 di-

191 894 354 945 versis
387 895 676 944 virtutibus
709 894 962 944 vidimus.
1048 897 1149 945 Sed
1184 897 1324 947 illud
1360 899 1546 947 minus

185 974 405 1030 mirum,
445 972 596 1036 quod
619 973 748 1020 alter
773 971 918 1030 deos,
954 984 1006 1022 et
1025 977 1266 1035 juvenes,
1297 985 1350 1022 et
1369 974 1546 1023 bonos

185 1059 375 1118 patres,
395 1046 701 1115 servosque,
724 1060 776 1099 et
796 1060 1083 1117 matronas,
1113 1061 1166 1100 et
1194 1067 1380 1118 graves
1410 1066 1547 1100 anus

274 1225 368 1260 177.
398 1215 520 1252 decor.
557 1216 620 1252 Sic
644 1217 780 1253 Turio.
802 1216 908 1254 Flor.
936 1219 1072 1267 Camp.
1111 1230 1201 1255 curn
1234 1217 1338 1254 Alm.
1373 1216 1548 1252 decorum

183 1270 356 1321 reliqui,
384 1273 459 1308 nisi
491 1274 601 1322 quod
631 1275 784 1309 deorum
805 1275 905 1312 Jens.
941 1278 1032 1320 (tae.
1055 1274 1184 1321 Gesn.)
1214 1276 1331 1310 Tarv.
1356 1273 1465 1322 quod
1483 1273 1546 1308 iu·

183 1329 368 1365 veniebat
391 1330 554 1378 Regius.
577 1330 673 1366 alios
704 1331 878 1366 decedere
908 1331 1042 1368 Turio.
1068 1331 1175 1367 Flor.
1458 1327 1546 1377 effe,

182 1385 322 1421 decere.
358 1387 421 1422 Sic
440 1388 572 1422 Turio.
597 1387 688 1432 (nisi
713 1387 820 1435 quod
839 1389 961 1434 capud
980 1388 1115 1430 modo,
1149 1397 1186 1424 et
1206 1385 1407 1430 decedere)
1438 1384 1547 1420 Flor-

182 1443 318 1492 Camp.
351 1455 440 1478 cum
465 1442 690 1478 Aln1.arrcis
721 1444 894 1479 inselunt
916 1444 1074 1492 rehqui,
1138 1443 1213 1479 Sed
1246 1444 1310 1491 qui
1333 1441 1416 1490 post
1446 1441 1548 1490 qaod

182 1500 291 1535 addit
317 1498 418 1535 male
439 1501 572 1548 Camp.
611 1497 680 1546 ista
701 1500 742 1534 id
763 1499 1091 1536 1111ic.Flor.id
1111 1503 1167 1536 ita
1187 1499 1307 1536 Goth
1329 1498 1428 1537 Jens.
1451 1498 1547 1544 (tac.

181 1556 292 1592 Gesn.
298 1557 317 1599 )
346 1569 436 1591 cum
458 1555 544 1591 edd.
574 1566 661 1590 ante
683 1555 771 1592 Ald.

269 1653 361 1691 173.
391 1646 596 1682 delectatur
619 1646 754 1681 Turic.
789 1646 917 1683 Modo
945 1649 983 1682 in
1014 1646 1145 1696 quibus
1168 1646 1262 1681 vitia
1283 1643 1421 1682 Floril.
1455 1645 1547 1681 San-

181 1715 259 1742 ten.
280 1715 350 1752 per
375 1716 562 1739 errorem.
596 1712 762 1738 auctores
786 1703 919 1753 Camp.
946 1717 1036 1739 cum
1058 1704 1157 1742 Jens.
1178 1703 1294 1737 Tau-v.

295 1760 522 1798 Stratoclea.
536 1760 601 1795 Sic
613 1759 746 1795 Turio.
773 1760 878 1795 Flor.
894 1761 1029 1797 Ambr.
1051 1771 1088 1796 2.
1105 1758 1235 1795 Guelf.
1257 1761 1448 1806 (quorum
1466 1757 1547 1794 duo

181 1816 370 1867 postremi
397 1817 586 1852 omittunt
605 1815 658 1860 et)
690 1828 779 1851 cum
801 1817 922 1852 Goth.
952 1817 1058 1854 Voss.
1087 1829 1120 1852 1.
1144 1826 1178 1851 2.
1206 1824 1244 1857 3.
1277 1813 1392 1850 Bodl.
1424 1815 1549 1850 Andr.

185 1872 408 1909 Straton-lem
447 1872 607 1921 reliqui.
652 1871 699 1906 cf.
728 1879 776 1916 4,
813 1886 847 1913 1,
874 1883 938 1917 77.
963 1872 1058 1908 item
1076 1883 1136 1911 ιε,
1164 1884 1226 1912 10,
1241 1877 1306 1916 24.
1336 1870 1551 1920 vidfiffemus

184 1930 320 1965 Turic.
351 1929 455 1964 Flor.
498 1929 605 1975 Quid
639 1927 765 1969 lateat,
797 1941 878 1964 non
903 1940 1074 1977 exput03
1107 1927 1180 1962 nisi
1210 1927 1311 1962 forte
1341 1927 1547 1962 turbatum

182 1985 262 2022 fuit
291 1985 390 2021 male
422 1983 688 2021 continuando
721 1987 803 2021 vidi
826 1984 897 2034 sezl
923 1981 1017 2020 illu'd
1037 1987 1167 2020 minus.
1207 1982 1327 2018 Goth.
1361 1984 1544 2024 videmus.

183 2042 250 2078 cui
274 2042 395 2078 obstat
414 2055 509 2077 mox
528 2051 617 2077 erat.
644 2041 778 2077 Ambr.
800 2053 835 2078 2.
868 2043 972 2077 illum
1004 2044 1132 2077 minus.
1164 2040 1297 2076 Turic.
1329 2038 1434 2076 Flor.
1466 2052 1543 2074 me-

181 2098 255 2134 lius
276 2096 339 2148 set:
369 2100 479 2134 em'm.
510 2097 638 2133 Guelf.
676 2112 722 2134 m.
753 2098 812 2146 fil:
842 2113 872 2135 e.
904 2098 1013 2139 VoII'.
1039 2111 1073 2135 ι.
1096 2107 1135 2142 3.
1157 2095 1272 2147 nnsis:
1291 2110 1321 2133 e.
1344 2094 1465 2133 Goth.
1491 2107 1542 2133 m.

175 2154 284 2209 fiunt
310 2169 342 2192 e.
371 2156 507 2204 Camp.
539 2169 586 2191 m.
615 2153 707 2205 sunt
738 2169 770 2193 e.

244 2311 337 2346 177.
373 2300 496 2336 decor.
524 2300 572 2337 cf.
602 2299 666 2342 η’,
704 2313 740 2342 ι,
764 2307 829 2346 41.
892 2309 973 2337 arte
997 2301 1108 2338 tradi.
1167 2299 1215 2334 Id
1238 2298 1363 2348 ipsum
1384 2306 1544 2348 apparet

242 2367 354 2405 caput
380 2355 462 2407 effe,
494 2357 631 2393 decere.
645 2357 736 2394 vide
750 2359 832 2395 Cic.
889 2358 1020 2407 positu
1052 2356 1232 2393 adverbii
1269 2365 1330 2395 ut,
1361 2355 1470 2403 quod
1498 2354 1545 2390 in.

187 2413 235 2450 de
260 2413 330 2450 O'r.
351 2426 384 2454 1,
413 2424 479 2461 29.
512 2414 612 2450 Mox
639 2415 744 2463 quod
764 2429 833 2464 po·
892 2415 1052 2451 Gesneri
1086 2414 1237 2449 ratione
1274 2412 1377 2446 inter
1414 2409 1464 2459 est
1505 2421 1545 2448 et

189 2467 255 2518 tefi
272 2470 460 2506 Gesnerus
483 2471 714 2506 mutandum
747 2485 834 2507 cen·
893 2479 1006 2520 caput:
1028 2471 1185 2506 demum
1214 2469 1312 2517 poni
1333 2468 1510 2504 debebat.

184 2528 238 2563 set
254 2526 460 2562 infinitivo
479 2524 604 2576 poffe,
644 2541 725 2564 non
747 2540 834 2577 per·
955 2534 1045 2572 178.
1075 2527 1300 2561 Demetrium
1331 2534 1368 2558 et
1398 2525 1540 2560 Strato·

184 2582 439 2619 suadetmihi.
461 2582 729 2632 opponuntur
740 2585 836 2620 haec
893 2585 985 2620 elea.
1035 2584 1098 2619 De
1121 2582 1184 2617 his
1214 2580 1374 2630 quidem
1403 2580 1542 2617 actori-

183 2653 312 2675 νει-ατη
343 2637 392 2688 est
426 2649 536 2688 caput
560 2638 630 2690 effe
653 2641 778 2678 decere
800 2651 838 2675 et
894 2641 968 2676 bus
1005 2639 1163 2676 scenicis
1201 2636 1307 2677 nihil
1344 2647 1542 2688 Praeterea

185 2698 316 2747 nequit
332 2694 416 2748 sine
435 2704 515 2735 arte
536 2695 606 2749 effe
629 2707 694 2735 aut
717 2707 838 2736 totum
898 2695 1086 2748 comperi.
