1779 3062
276 187 341 247 64

588 185 664 233 M.
711 186 847 231 ΕΑΒ.
895 185 1313 248 QUINTILIANJ

273 316 453 365 nervis
490 317 692 364 intenta
731 311 876 371 sunt,
930 323 1032 361 tam
1079 313 1219 361 nihil
1266 310 1520 370 otiosum,
1578 313 1624 361 is

275 392 489 441 dicendi
521 391 740 448 modus,
781 401 841 438 ut
863 407 960 438 nec
987 390 1134 454 quod
1161 388 1288 437 defit
1311 389 1368 436 in
1395 405 1485 445 eo,
1524 405 1624 437 nec

199 487 251 523 77
279 468 429 532 quod
448 467 711 517 redundet
743 467 997 515 invenias.

1085 467 1299 513 Plenior
1327 461 1624 536 Aeschines,

273 555 325 592 et
374 546 540 610 magis
592 543 766 600 fusus,
822 555 874 592 et
924 542 1197 608 grandiori
1243 540 1453 599 similis,
1513 558 1623 605 quo

270 622 450 671 minus
491 621 696 669 strictus
735 618 832 668 est:
892 620 1059 667 carnis
1091 630 1264 666 tamen
1297 618 1420 682 plus
1450 617 1717 675 habet,902

909 697 1094 745 Dulcis
1126 695 1391 759 imprimis
1424 704 1474 741 et
1505 711 1627 742 acu-

271 699 452 747 minus
487 700 821 746 lacertorum.

271 785 355 825 tus
387 776 713 840 Hyperides.-
747 771 837 821 sed.
870 773 1168 821 minoribus
1202 769 1390 828 caulis,
1429 781 1489 820 ut
1517 787 1626 819 non

360 919 538 954 invenias.

359 984 424 1018 77.
457 975 619 1010 Plem'or.

273 1035 319 1074 4⁵
343 1036 407 1073 54·

359 1141 558 1176 minoribus
586 1142 709 1187 caufis.

652 1030 766 1062 minus
797 1030 1027 1065 lacerem-mn.

271 1085 391 1121 Goth.
423 1086 521 1124 Jens.
555 1087 652 1130 (tac.
687 1085 826 1129 Gesn.)
857 1099 944 1121 cum
966 1086 1050 1120 edd.
1073 1097 1157 1120 ante
1178 1084 1284 1119 Bafil.

773 1142 904 1176 Turic.
937 1141 1039 1176 Flor.
1074 1141 1164 1182 (hic
1192 1155 1211 1175 a
1242 1154 1300 1189 pr.
1325 1143 1406 1185 m.)
1437 1141 1627 1176 omittunt

598 917 730 952 Turic.
753 916 856 960 Flor.
884 916 981 961 (hic
1004 929 1021 950 a
1045 929 1102 963 pr.
1127 918 1208 959 m.)
1240 917 1413 951 invenies.

679 973 812 1007 Turio.
843 974 1037 1022 pleniora,
1071 986 1088 1006 a
1118 975 1182 1008 sec.
1205 987 1255 1007 m.
1286 972 1471 1019 planiora.
1506 972 1552 1007 cf.
1587 982 1626 1019 9,

1098 1031 1159 1064 Sic
1190 1028 1320 1063 Turio.
1354 1028 1455 1071 Fljor.
1491 1029 1625 1077 Camp-

1345 1084 1507 1132 Reliqui
1530 1085 1554 1119 l.
1577 1099 1626 1119 m.

272 1211 361 1235 cum
379 1198 482 1234 Alm.
511 1211 530 1232 a
554 1210 630 1245 quo
645 1196 715 1246 sed
741 1209 896 1245 quoque.
919 1198 1039 1233 abess'e
1064 1208 1229 1234 narrant.

331 1332 395 1365 77.
430 1321 590 1357 Plenior.
651 1322 768 1356 Recte
790 1333 920 1358 contra

270 1377 478 1416 Barthium
519 1378 565 1412 ad
595 1379 686 1412 Stat.
725 1377 848 1413 Theb.
885 1385 921 1423 8,

271 1436 363 1479 683.
397 1434 571 1470 defendit
594 1434 758 1468 nostram
781 1447 920 1469 vocem

267 1493 539 1529 Burmannus,
594 1503 642 1524 ne
694 1501 918 1537 reponatur,

270 1546 376 1596 [luod
404 1546 492 1581 vult
515 1545 601 1585 ille,
634 1545 794 1591 planior.
839 1546 918 1581 Ne-

270 1617 345 1651 que
397 1603 502 1638 enim
545 1600 758 1649 quidquam
795 1603 918 1649 magis

269 1660 429 1709 proprie
474 1657 688 1706 opponitur
713 1654 844 1703 stricto
884 1669 920 1693 et

270 1716 403 1763 gracili
433 1727 547 1761 quam
579 1713 746 1759 plenum,
795 1714 917 1754 velut,

271 1771 464 1806 indicante
498 1771 654 1807 Burm.,
696 1768 815 1805 Ovid.
851 1781 918 1806 art.

272 1841 344 1863 am.
382 1838 427 1868 2,
457 1825 551 1861 661.
600 1825 705 1865 „Dio
735 1825 919 1866 habilem,

271 1895 554 1931 „quaecunque
607 1881 762 1921 brevis,
824 1896 920 1930 quae

271 1939 474 1989 ‚‚turgida,
505 1937 707 1985 plenam.“
744 1949 781 1973 et
809 1941 918 1975 Rem.

272 2006 365 2040 527.
397 1994 621 2042 ,‚Turgida‚
654 1995 680 2028 fi
711 1994 823 2042 plena
857 1995 918 2034 est,

270 2053 325 2093 „fi
356 2051 454 2086 fusca
480 2050 550 2090 est,
583 2052 693 2098 nigra
718 2057 920 2086 vocetu1·.“

273 2109 347 2155 Qu.
380 2106 554 2142 Declam.
588 2117 623 2148 7.
650 2120 687 2154 p.
713 2107 800 2155 Bip.
828 2113 917 2152 140.

271 2163 463 2205 „solidum
484 2162 720 2211 plenumque
738 2168 920 2210 corpus.“

270 2220 350 2255 Ubi
379 2220 464 2268 plus
494 2221 633 2260 carnis,
682 2219 741 2254 ibi
773 2219 919 2267 plenius

272 2288 425 2325 corpus.

328 2390 551 2437 Hyperides.
628 2388 706 2436 Qui
753 2386 829 2422 hoc
871 2387 916 2422 de

273 2445 495 2481 minoribus
546 2447 661 2480 caufis
702 2444 916 2491 Hyperidis

273 2501 433 2547 ingenio
459 2501 758 2536 accommodatis
782 2499 917 2534 diserte

275 2556 375 2591 dicat
412 2568 561 2605 praeter
593 2558 786 2596 nostrum,
839 2568 919 2590 non

273 2612 447 2648 invenio.
507 2615 565 2648 Eo
599 2625 723 2649 tamen
757 2612 920 2646 tendunt

272 2668 351 2703 fere
373 2682 468 2716 quae
492 2668 676 2716 leguntur
697 2668 798 2718 apud
819 2669 919 2702 Dio-

273 2725 421 2772 nysium
445 2728 511 2774 (p.
545 2732 623 2770 434
654 2726 780 2774 seq.),
820 2725 919 2759 Her·

978 1334 1184 1369 mogenem
1233 1321 1300 1370 (p.
1353 1326 1448 1366 420.
1491 1320 1625 1367 491.).

977 1378 1205 1425 Longinum
1230 1390 1260 1413 c.
1284 1384 1362 1421 54„
1395 1377 1626 1413 Ciceronem

979 1434 1024 1468 de
1051 1433 1118 1468 Or.
1143 1443 1179 1476 ¹5,
1207 1444 1242 1476 7.
1276 1433 1345 1472 Or.
1368 1432 1431 1469 26.
1455 1442 1521 1475 31·
1561 1433 1627 1468 Do

976 1491 1086 1537 Lysia
1115 1490 1273 1537 quidem
1303 1491 1351 1524 fic
1381 1489 1504 1524 censet
1528 1488 1625 1523 Dio-

978 1547 1106 1592 nysius
1129 1559 1166 1593 p.
1192 1551 1283 1589 [488.
1313 1554 1404 1588 542.
1426 1555 1463 1579 et
1484 1545 1623 1581 Cicero

979 1602 1024 1636 de
1053 1613 1130 1649 opt.
1152 1614 1236 1649 gen.
1261 1600 1375 1636 Oratt
1412 1613 1442 1635 c.
1467 1610 1502 1643 5.
1526 1611 1623 1637 extr.

977 1657 1204 1693 Dolendum
1234 1657 1297 1691 ‘est
1328 1667 1474 1697 autem,
1515 1655 1625 1691 illam

979 1727 1092 1761 quam
1114 1714 1324 1760 Dionysius
1347 1712 1522 1760 promisit
1539 1714 1624 1759 Hy-

979 1770 1148 1817 peridis,
1181 1769 1453 1804 Demosthenis
1487 1779 1523 1804 et
1552 1769 1624 1803 Ae-

979 1826 1119 1861 schinis
1167 1826 1359 1860 censuram
1401 1824 1624 1860 desiderari:

977 1882 1059 1917 vid.
1091 1896 1127 1930 p.
1163 1889 1255 1925 451.
1286 1882 1376 1928 629.
1436 1880 1627 1916 Funebris

980 1938 1059 1983 ejus
1102 1938 1333 1973 laudationis
1365 1937 1626 1985 fragmentum

979 2009 998 2028 a
1027 1994 1188 2029 Stobaeo
1225 1994 1413 2029 servatum
1457 2007 1493 2042 p.
1528 1992 1624 2037 618.

979 2051 1065 2096 (ed.
1099 2051 1240 2095 Gesn.)
1272 2050 1413 2085 merito
1449 2049 1624 2085 certatim

977 2106 1133 2141 laudant
1154 2107 1236 2141 VV.
1258 2107 1349 2140 DD.
1384 2107 1430 2139 In
1450 2118 1527 2152 quo
1548 2118 1621 2153 pro

977 2163 1082 2197 hisce
1117 2158 1210 2206 ὅμως
1241 2161 1275 2195 δὲ
1297 2161 1371 2208 χρὴ
1395 2158 1540 2208 Ξαρῥεῖν
1564 2161 1623 2196 καὶ

975 2223 1036 2261 τῆς
1064 2217 1178 2260 λύπης
1200 2218 1380 2265 παραινεῖν
1402 2215 1447 2256 εἷς
1469 2214 1512 2250 τὲ
1534 2216 1624 2253 ἕνδε-

973 2274 1127 2322 χόμενου
1150 2274 1356 2321 legendum
1382 2273 1548 2320 suspicor
1567 2292 1624 2301 —-

974 2331 1021 2375 τῇ
1050 2328 1145 2374 λύπῃ
1168 2344 1205 2363 π.
1236 2340 1300 2364 aut
1327 2332 1387 2372 τῆς
1421 2326 1534 2372 λύπης
1554 2344 1622 2363 πα-

976 2388 1106 2436 ραιρεῖν
1138 2406 1209 2419 -.
1269 2385 1310 2420 Si
1339 2384 1505 2420 Libanio
1541 2398 1622 2420 cre-

978 2445 1115 2482 dimus,
1146 2441 1410 2490 Hyperideam
1434 2440 1516 2481 effe,
1540 2454 1622 2477 non

976 2499 1330 2537 Demostheneam,
1406 2497 1622 2532 orationem

976 2555 1053 2603 περὶ
1082 2559 1152 2589 τῶν
1176 2552 1261 2601 πρός
1282 2550 1516 2600 Ἀλέξανδρον
1542 2567 1620 2587 συν-

976 2616 1108 2655 θηκῶν,
1126 2611 1210 2645 satis
1229 2609 1296 2643 illa
1317 2609 1480 2644 ostendit
1495 2609 1619 2644 lenio-

977 2681 1059 2702 rem
1096 2679 1210 2715 quam
1251 2664 1300 2700 est
1347 2664 1620 2701 Demosthenis

979 2723 1245 2759 characterem.
