1779 3062
448 176 615 222 INST.
653 175 935 225 ORATOR.
971 175 1096 223 Lm.
1128 177 1225 235 x1,
1268 190 1312 224 1.
1468 189 1571 240 245

193 305 357 373 paulo
402 301 522 371 post
565 303 839 370 apertius:
920 303 1015 352 An
1059 305 1328 356 decertare
1372 324 1568 359 mecum

102 389 182 440 967
194 383 365 432 voluit
394 384 711 431 concentione
744 380 980 428 dicendi?
1026 384 1147 432 Hoc
1175 385 1381 448 quidem
1418 384 1567 436 bene-

176 457 374 531 ficium
404 456 497 529 eft.
585 459 731 533 Quid
757 461 889 507 enim
916 458 1137 523 plenius,
1177 464 1307 525 quid
1340 462 1563 525 uberius,

187 557 346 603 quam
382 537 533 595 milei,
592 548 644 585 et
669 554 769 602 pro
802 555 908 593 me,
970 548 1022 585 et
1061 549 1242 588 contra
1270 541 1561 592 Antonium

187 617 394 664 dicere?
415 618 756 681 -Arrogantes
795 626 848 663 et
869 613 970 672 illi,
1015 617 1110 680 qui
1131 615 1183 664 se
1218 617 1469 678 judicass'e
1491 621 1558 670 de
1583 637 1636 672 27

186 692 364 753 causa,
400 711 500 742 nec
534 694 687 742 aliter
728 689 991 743 affuturos
1029 692 1184 742 fuisse
1221 710 1556 762 proponunt.

184 773 328 820 Nam
353 782 406 820 et
441 772 603 820 inviti
632 771 836 834 judices
872 769 1104 822 audiunt
1129 770 1558 838 praesumentem

177 855 352 917 parte&
387 848 531 899 suas:
571 866 670 898 nec
704 850 810 899 hoc
838 850 1042 899 oratori
1070 850 1381 915 contingere
1414 853 1557 903 inter

177 926 536 986 adversarios,
587 927 741 993 quod
772 926 1108 993 Pythagorae
1144 929 1287 976 inter
1320 927 1557 998 discipu..

172 1005 281 1064 los,
348 1004 546 1074 potest,
617 1002 745 1078 Ipse
786 1007 932 1055 dixit.
1048 1005 1151 1055 Sed
1195 1004 1341 1055 istud
1381 1012 1552 1073 magis

177 1083 436 1133 minusve
461 1082 716 1134 vitiosum
743 1082 817 1132 est
835 1101 936 1152 pro
959 1081 1202 1150 personis
1236 1083 1550 1136 dicentium.

176 1160 510 1210 Defenditur
547 1163 693 1210 enim
730 1163 1066 1227 aliquatenus
1108 1173 1311 1220 aetate,
1378 1165 1551 1233 digni·
1575 1181 1629 1221 28

176 1248 302 1297 tate,
325 1243 666 1289 auctoritate.-
709 1257 845 1305 quae
867 1251 1048 1288 tamen
1071 1240 1163 1288 vix
1185 1242 1244 1288 in
1268 1241 1385 1290 ullo
1410 1252 1553 1291 tanta

175 1314 398 1377 fuerint,
430 1328 496 1366 ut
524 1334 639 1366 non
673 1318 779 1367 hoc
814 1316 1179 1368 affirmationis
1215 1335 1385 1384 genus
1418 1329 1552 1369 tem-

264 1470 330 1509 26.
363 1472 466 1513 mihi,
501 1480 538 1506 et
566 1485 649 1522 pro.
685 1473 748 1507 Sic
784 1472 919 1508 Turic,
951 1470 1056 1508 Flor.
1091 1473 1225 1521 Camp.
1259 1485 1348 1508 curn
1378 1472 1482 1510 Alm.
1516 1485 1555 1511 et

174 1527 291 1565 libris
316 1531 396 1566 Cic.
432 1542 655 1578 quanquam
683 1529 806 1564 nostri
828 1541 924 1564 mox
949 1529 1139 1564 omittunt
1169 1538 1214 1568 et,
1246 1528 1359 1564 male.
1389 1530 1553 1580 Reliqui

175 1586 244 1622 hic
277 1586 465 1635 ignorant
496 1595 544 1621 et.
584 1589 660 1621 Pro
692 1586 838 1620 uberius
868 1584 974 1621 Flor.
1005 1588 1128 1621 verius
1159 1599 1248 1620 cum
1282 1585 1387 1621 Alm.
1419 1585 1483 1634 (ut
1515 1599 1554 1623 et

175 1656 272 1679 mox
295 1653 360 1687 52.
390 1645 539 1679 veriora
570 1641 870 1688 Turie.Flor.);
902 1642 965 1677 sed
986 1655 1033 1677 ex
1055 1642 1133 1679 hoc
1151 1653 1237 1678 ante
1256 1643 1445 1679 insertum
1469 1646 1550 1680 alia

143 1727 146 1729 >
174 1701 349 1737 affertur.

261 1768 328 1802 27.
363 1758 560 1807 affuturos.
593 1758 690 1794 Obr.
725 1771 806 1793 eam
830 1759 1001 1798 tuituros,
1033 1759 1132 1793 mira
1151 1758 1325 1794 audacia.

260 1818 371 1852 inviti
387 1817 544 1860 judices.
579 1816 713 1851 Turio.
749 1817 908 1850 inatium
929 1815 966 1851 d.
998 1815 1104 1853 flor.
1128 1815 1317 1856 nostrum,
1339 1815 1402 1852 sed
1425 1830 1445 1851 a
1466 1830 1543 1854 rec.

169 1886 291 1909 manu
316 1874 361 1908 in
391 1873 482 1908 loco
516 1873 610 1909 raso.
892 1885 958 1907 nec
987 1873 1064 1908 hoc.
1108 1873 1241 1908 Turic.
1274 1871 1379 1910 Flor.
1413 1873 1543 1916 Guelf,

170 1944 218 1965 ne
242 1931 320 1966 hoc.
540 1929 752 1979 discipulm,
781 1927 915 1978 potest.
943 1929 1005 1964 Sic
1029 1929 1163 1965 Turio.
1187 1928 1291 1964 Flor.
1324 1942 1414 1966 cum
1437 1930 1541 1967 Alm.

171 1987 337 2037 Reliqui
368 1987 542 2023 inserunt
576 1990 749 2035 contigit.
783 1988 916 2035 Camp.
950 1987 1067 2021 etiam
1097 1985 1342 2036 philosophos
1371 1986 1436 2023 dat
1466 2001 1542 2037 pro

153 2044 260 2094 'disca
555 2047 721 2081 minusve
751 2043 940 2094 viciosum.
979 2043 1085 2080 Flor.
1128 2046 1166 2090 (a
1200 2057 1260 2094 pr.
1293 2039 1366 2090 mss)
1408 2047 1448 2080 in
1479 2044 1545 2095 usu

168 2111 360 2138 vztzorum.

259 2166 325 2205 28.
377 2174 471 2210 quae
503 2169 638 2195 tamen.
687 2158 820 2196 Turio.
867 2167 1048 2209 quantum
1090 2169 1179 2192 cum
1210 2155 1314 2192 Alm.
1354 2157 1421 2203 (cf.
1455 2160 1541 2203 25.)

169 2217 247 2253 Sed
266 2216 371 2254 Flor.
405 2231 499 2267 quae
516 2226 635 2255 tanta.
881 2215 1041 2265 fuerint.
1074 2216 1206 2251 Turio.
1240 2214 1345 2252 Flor.
1370 2214 1539 2264 fuerunt.

217 2351 516 2392 27.proponunt.
531 2343 649 2379 Nove
674 2343 826 2380 dictum
884 2341 1087 2390 judicibus
1120 2351 1342 2388 arrogantes
1371 2340 1456 2383 illi,
1504 2344 1540 2379 se

170 2399 344 2436 videtur.
367 2399 531 2436 Accedit
555 2411 616 2440 12,
635 2413 667 2441 ι,
686 2410 746 2444 15.
763 2400 826 2436 sed
884 2399 943 2435 sui
974 2397 1186 2446 litigatoris
1216 2397 1353 2444 justam
1383 2401 1538 2447 agnosse

172 2457 299 2505 ipsum
318 2456 480 2493 mollius
500 2457 643 2494 nostro.
699 2459 826 2507 Appa-
882 2456 949 2493 vel
978 2455 1214 2504 petitionem
1252 2454 1319 2493 ,vel
1351 2455 1540 2493 defensio-

172 2524 233 2550 Iet
262 2513 323 2549 ibi
362 2514 531 2550 maxime
569 2516 679 2550 usum
717 2515 825 2550 hunc
882 2526 991 2554 nem3
1023 2512 1065 2548 ni
1093 2510 1275 2553 feciffent,
1308 2526 1356 2548 ne
1383 2523 1538 2551 acturos

171 2570 287 2608 'verbi
308 2572 379 2607 effe
408 2571 633 2608 rhetoribus
654 2571 825 2621 peculia-
884 2571 1042 2620 quidem
1088 2569 1228 2610 fuiffe;
1282 2582 1386 2606 nunc
1424 2570 1537 2607 illico

169 2642 268 2669 rem,
300 2627 455 2677 qualem
486 2629 661 2666 vidimus
688 2629 758 2665 lib.
785 2636 821 2674 4.
880 2628 1115 2678 probaturos
1139 2626 1268 2663 talem.

171 2698 204 2721 c.
234 2691 274 2732 4.
334 2688 382 2721 In
413 2685 490 2735 ipsa
528 2687 652 2736 igitur
694 2687 824 2722 causae
937 2683 1241 2734 praesumentem.
1273 2683 1322 2722 ef.
1351 2696 1413 2724 ιο,
1436 2691 1473 2730 5,
1496 2689 1537 2734 4.

159 2742 431 2795 >propositione
467 2742 548 2780 hoc
592 2744 824 2795 praedicunt
879 2743 976 2780 item
1000 2751 1036 2785 3,
1068 2741 1105 2782 6,
1139 2748 1204 2785 35-

979 2800 1067 2847 Q2
