1779 3062
223 153 319 197 332
538 138 614 184 M.
645 138 780 185 FAB.
815 139 1232 201 QUINTILIANI

173 285 197 323 4
216 265 391 318 nostra
421 263 726 316 oscitatione
756 263 1002 315 solvatur.
1066 266 1408 316 Documento
1431 263 1557 315 sunt

214 345 305 394 vel
335 342 527 391 scenici
559 353 786 401 actores,
822 344 918 409 qui
949 353 1000 391 et
1039 343 1256 407 optimis
1275 348 1555 410 poetarum

215 431 424 470 tantum
455 419 712 481 adjiciunt
741 421 930 485 gratiae
947 457 960 478 ,
1001 430 1063 468 ut
1080 436 1179 467 nos
1201 419 1421 468 infinito
1444 438 1555 469 ma-

213 500 294 563 gis
321 496 505 545 eadem
527 497 621 545 illa
650 496 853 555 audita,
894 513 1054 562 quam
1076 496 1231 553 lecta,
1268 495 1554 556 delectent;

212 585 268 623 et
289 573 540 624 viliffimis
562 574 718 622 etiam
735 573 1058 639 quibusdam
1076 573 1367 636 impetrant
1388 591 1555 632 aures,

212 662 292 710 ut,
332 651 528 717 quibus
549 651 734 699 nullus
755 650 827 698 est
847 652 905 697 in
927 649 1265 697 bibliothecis
1288 650 1457 707 locus,
1489 648 1554 698 sit

100 784 103 785 ⁷
164 737 190 778 5
213 729 372 778 etiam
407 726 658 793 frequens
691 728 749 775 in
782 727 1009 775 theatris.
1072 724 1276 795 Quodsi
1296 727 1354 774 in
1380 726 1553 784 rebus,

210 823 343 872 quas
361 803 513 854 fictas
536 802 632 853 effe
656 802 847 853 scimus
872 813 922 851 et
948 804 1132 851 inanes
1151 840 1164 860 ,
1202 812 1409 851 tantum
1429 820 1554 870 pro-

209 883 485 932 nunciatio
509 879 693 949 potest,
732 891 794 929 ut
813 881 962 944 iram,
1002 881 1258 937 lacrimas,
1297 878 1554 929 sollicitu-

209 960 396 1009 dinem
432 955 626 1016 afferat,
667 968 867 1022 quanto
897 958 1022 1024 plus
1048 957 1218 1005 valeat
1243 954 1440 1004 necesse
1463 955 1552 1015 eft,

207 1037 309 1086 ubi
349 1047 402 1084 et
441 1035 742 1083 credimus?
811 1033 1075 1098 Equidem
1104 1033 1193 1081 vel
1231 1033 1557 1083 mediocrem

210 1115 535 1170 orationem,
606 1110 1028 1160 commendatam
1072 1110 1277 1159 viribus
1318 1112 1557 1170 actionis,

207 1267 248 1294 et
268 1256 343 1306 ipse
353 1256 484 1306 Gyph.
498 1256 658 1304 (1544.)
672 1269 748 1291 non
770 1263 806 1290 et
829 1253 905 1304 ipse
925 1256 1049 1291 Stoer.
1072 1266 1160 1289 cum
1181 1252 1338 1302 posterr.
1358 1264 1443 1290 ante
1457 1253 1556 1292 Obr.

207 1314 371 1363 Reliqui
390 1327 433 1349 ac
452 1327 487 1348 n.
509 1321 545 1348 et
567 1315 592 1350 i.

291 1409 329 1452 4.
363 1403 514 1452 infinito
548 1405 679 1452 magis.
710 1404 772 1439 Sic
801 1402 919 1439 Goth.
953 1402 1056 1442 Voff.
1082 1412 1118 1438 2.
1153 1399 1328 1452 infinitae
1347 1416 1395 1438 rn.
1416 1400 1556 1438 'Guelf-

208 1475 301 1498 cum
328 1461 426 1500 Jens.
457 1462 572 1497 Tarv.
602 1459 765 1508 Reliqui
786 1459 935 1506 infinite
954 1473 1001 1496 m.
1033 1458 1222 1495 Nostrum
1245 1469 1346 1494 recte
1359 1471 1557 1494 commen·

208 1518 276 1554 dat
293 1520 428 1553 Burm.
450 1517 605 1553 duobus
630 1516 750 1551 nostri
771 1514 958 1563 exemplis
982 1521 1018 1559 8,
1040 1521 1074 1558 4,
1100 1522 1164 1557 25.
1201 1529 1264 1553 ιι,
1287 1523 1322 1557 5,
1349 1525 1438 1558 172-
1493 1515 1558 1550 Sic

205 1573 402 1622 infinitum
424 1572 603 1608 adverbii
622 1571 710 1606 loco
735 1572 778 1607 in
798 1570 911 1606 Decl.
928 1572 1002 1618 Qu.
1025 1579 1117 1614 557.
1137 1583 1175 1618 p.
1189 1570 1282 1613 556.
1318 1571 1416 1606 Mox
1427 1570 1555 1606 Guelf-

207 1631 408 1666 delectant.
440 1629 566 1663 Modo
593 1628 724 1675 Camp.
745 1636 920 1663 auctores.
1144 1628 1354 1672 impetrant.
1386 1628 1456 1674 Sic*
1477 1628 1558 1662 Tu-

206 1686 279 1722 ric.
307 1685 411 1722 Flor.
439 1685 576 1720 Ambr.
598 1693 634 1719 2.
667 1683 797 1720 Guelf.
819 1684 952 1731 Camp.
983 1695 1071 1717 cum
1093 1682 1193 1719 Jens,
1217 1681 1313 1717 Obr.
1335 1682 1444 1718 Gesn.
1468 1683 1555 1731 Bip.

207 1744 409 1790 impetrent
437 1741 606 1788 reliqui,
637 1740 874 1788 quibuscum
905 1739 1023 1774 Goth.
1056 1739 1167 1777 facit,
1201 1751 1274 1774 err.
1302 1739 1412 1774 Gesn.
1456 1739 1557 1774 Mox

208 1800 324 1835 nullis
352 1798 451 1836 Jens.
479 1796 595 1832 Tarv.
618 1795 795 1846 frequens
829 1795 978 1831 omittit
1001 1794 1130 1830 Guelf.

297 1897 332 1934 5.
357 1887 485 1936 fictas.
519 1887 651 1935 Camp.
674 1888 801 1921 victas.
828 1886 876 1921 cf.
899 1885 935 1926 6,
959 1895 996 1929 5,
1022 1896 1057 1932 9.
1293 1886 1356 1921 ubi
1378 1893 1415 1920 et
1439 1884 1556 1921 credi-

208 1961 298 1984 mus.
329 1944 457 1982 Guelf.
489 1959 523 1979 u.
558 1940 725 1992 neceſj'efi:
753 1944 817 1978 ubi
848 1952 883 1977 ec
914 1956 958 1978 cr.
1002 1941 1060 1977 An
1086 1942 1163 1977 fuit
1194 1943 1246 1978 ibi
1266 1952 1352 1977 ante
1377 1956 1450 1977 nec.
1475 1939 1555 1989 esc?

206 2006 309 2040 Mox
337 2001 441 2039 Flor.
464 1999 711 2049 adfirmarim.
734 2000 837 2039 Voff.
863 2013 896 2035 ι.
931 1995 1159 2048 affirmatum
1183 2000 1366 2035 omittens
1386 1997 1455 2033 ille
1476 2011 1554 2035 mo·

209 2062 338 2097 menti.

265 2194 301 2232 4.
340 2182 520 2234 vilfflmis
549 2200 606 2210 —
637 2180 854 2231 quibusdam
911 2189 1071 2229 gerunt,
1131 2178 1362 2215 celebriores
1401 2177 1553 2214 fortass'e

208 2246 412 2293 impetrant
443 2252 558 2275 aures.
603 2238 854 2275 Concinnita-
911 2237 1012 2285 apud
1035 2247 1186 2271 exteros
1208 2248 1324 2284 quam
1346 2235 1467 2270 domi.

209 2301 261 2337 tis
297 2299 366 2334 effe
402 2296 557 2333 videtur
588 2305 631 2331 ut
664 2295 748 2343 post
775 2295 854 2342 qui·
938 2336 941 2339 .
970 2301 1004 2337 5.
1038 2291 1177 2343 Quodsi
1197 2295 1235 2326 in
1254 2291 1498 2327 rebus—ubi
1517 2300 1555 2327 et

210 2357 365 2392 busdam
386 2354 572 2388 inseratur
602 2355 666 2387 ita.
723 2349 854 2384 Simili
910 2350 1096 2385 credimus.
1118 2348 1165 2383 cf.
1189 2349 1224 2389 6,
1249 2358 1286 2389 2,
1309 2356 1374 2391 55.
1415 2349 1554 2383 Fateor

210 2413 333 2449 modo
351 2413 403 2446 ita
418 2409 575 2457 usurpat
592 2407 716 2445 noster
733 2420 749 2441 ι
765 2408 854 2440 Pro.
911 2416 1052 2445 autem,
1085 2405 1128 2439 in
1158 2405 1338 2440 extremis
1363 2404 1470 2440 hisee
1486 2402 1553 2439 ali-

212 2479 311 2504 extr.
342 2469 430 2509 „ita
460 2465 605 2507 desunt,
629 2474 673 2499 ut
693 2483 749 2491 —
770 2474 853 2497 cor·
911 2462 1008 2511 quid
1021 2462 1139 2497 deeffe
1158 2460 1261 2495 mihi
1279 2461 1429 2502 videri;
1455 2460 1550 2495 adeo

213 2526 465 2572 ,‚1umpant.“
491 2534 553 2561 ιο,
587 2536 621 2563 1,
656 2530 720 2568 49.
765 2520 855 2560 „ita
913 2518 1052 2554 desinit
1080 2518 1211 2566 potius
1246 2529 1359 2565 quam
1386 2514 1551 2552 absolvi·

216 2580 380 2620 „multa,
413 2587 457 2614 ut
476 2596 531 2604 —
546 2584 717 2626 petant.“
747 2575 855 2611 Cete-
914 2586 978 2610 tur
999 2574 1192 2610 sententia.
1221 2574 1281 2608 An
1302 2587 1321 2608 a
1345 2571 1553 2620 Quintilia-

216 2648 304 2670 1um
327 2644 475 2684 poetae,
503 2633 633 2682 quales
645 2634 710 2668 liic
724 2630 860 2666 descri—
916 2644 968 2666 no
1003 2629 1099 2665 fuit:
1135 2630 1196 2664 ubi
1223 2638 1258 2665 ec
1281 2630 1436 2666 creditur
1454 2626 1563 2664 nobis

218 2690 387 2732 buntur,
415 2690 529 2728 nobis
559 2703 716 2740 quoque
736 2687 861 2724 conti-
921 2697 957 2723 et
980 2686 1188 2722 credimus?
