1789 3068
206 181 267 214 vx
610 167 1075 217 PRAEFATIO.

207 304 338 355 tavit
370 303 710 372 Spaldingius
729 343 744 364 ‚
785 306 993 372 ignotas
1029 306 1246 358 aliunde
1278 305 1556 374 scripturas

204 410 319 443 non
344 388 524 451 offert,
553 390 643 441 sed
665 393 736 441 ita
754 392 867 444 fere
886 412 1008 445 cum
1031 395 1213 446 codice
1235 395 1556 463 Guelferby-

206 490 331 530 tano
345 478 700 548 conspirantes
715 499 914 541 omneS,
929 494 990 532 ut
1008 500 1071 532 ex
1085 483 1189 534 hoc
1209 481 1323 550 ipso
1345 500 1427 534 eas
1447 501 1556 533 ma·-

204 565 342 618 nass'e
361 584 460 635 pro
481 579 752 635 comperto
775 588 943 637 prope
964 571 1208 630 habeam;
1230 572 1375 629 alter,
1392 588 1555 637 quem

205 656 387 712 Floria
424 660 567 708 Sant.
601 660 844 709 nominat
866 658 1231 725 Spaldingffls,
1262 658 1410 708 haud
1434 677 1554 710 raro

206 743 428 809 quidem
442 746 505 795 ab
520 748 767 796 omnium
783 747 1049 797 librorum
1062 746 1318 814 scriptura
1340 747 1557 806 recedit,

205 833 278 881 ita
298 843 475 884 tamen
495 844 556 883 ut
576 835 898 885 variationes
920 835 983 884 ab
1005 835 1103 885 illo
1122 833 1255 900 ipso,
1281 836 1376 900 qui
1396 832 1554 884 flores

203 919 305 971 hos
334 922 678 990 excerpserat,
714 934 805 974 aut
831 922 1034 981 sedulo,
1066 941 1176 989 quo
1212 920 1557 973 rotundiores

204 1009 411 1059 exirent
431 1009 734 1070 sententiae,
758 1022 850 1062 aut
873 1013 1120 1077 neglectu
1141 1013 1298 1061 etiam
1321 1009 1557 1076 quodam

204 1095 442 1150 admissas
468 1098 581 1148 fere
605 1098 720 1159 esse,
740 1098 894 1149 facile
919 1110 1176 1166 appareat.
1237 1102 1455 1156 Tamen,
1495 1107 1558 1147 ut

203 1183 394 1236 dehoc
414 1186 528 1253 ipso
543 1187 816 1245 constaret,
837 1187 1134 1255 Spaldingii
1154 1187 1364 1236 secutus
1384 1201 1559 1234 exem-

201 1273 356 1339 plum
392 1275 678 1340 diligenter
706 1275 834 1323 inde
865 1274 1073 1340 singula
1103 1285 1154 1323 et
1178 1274 1288 1341 ipse
1326 1275 1556 1324 enotavi.

201 1361 345 1409 Nam
370 1361 429 1411 in
461 1363 647 1411 ceteris
678 1378 898 1427 quoque
922 1359 1199 1412 decessoris
1222 1380 1433 1413 morem
1453 1362 1560 1412 ser-

200 1449 355 1498 vavi:
412 1465 576 1514 quem
619 1466 745 1499 cum
774 1448 884 1516 ipse
920 1466 1034 1499 non
1067 1449 1188 1500 satis
1226 1452 1557 1517 explicuerit,

201 1537 386 1603 paucis
412 1539 679 1602 attingam.
720 1538 1000 1587 Nimirum
1026 1536 1270 1588 statuerat
1299 1540 1362 1588 ab
1393 1539 1555 1588 initio

202 1623 496 1674 editionem
523 1624 648 1674 dare
675 1625 954 1674 communi
975 1635 1182 1675 tantum
1211 1624 1334 1676 usui
1364 1636 1554 1692 aptam,

203 1729 364 1778 quam
384 1723 557 1761 tamen
581 1729 764 1778 parVO,
802 1729 965 1778 quem
993 1722 1110 1763 turn
1132 1712 1243 1764 fors
1275 1715 1556 1774 obtulerat,

203 1812 457 1869 apparatu
486 1801 558 1849 ita
588 1799 892 1859 exornaret,
926 1811 989 1850 ut
1019 1799 1184 1867 poffet
1212 1802 1340 1851 inde
1371 1803 1556 1869 augeri

202 1906 374 1956 penus
403 1889 580 1939 critica
602 1890 710 1948 illa,
752 1905 887 1954 quae
924 1888 1068 1954 apud
1097 1892 1466 1942 Burmannum
1505 1901 1561 1941 et

203 1977 495 2029 Gesnerum
510 1977 718 2044 prostat.
759 1979 899 2028 Hinc
914 1977 1110 2027 factum
1128 1977 1218 2037 est,
1235 1989 1297 2028 ut
1312 1990 1420 2027 tam
1440 1995 1560 2045 par-

203 2080 261 2115 ca
285 2076 528 2133 appareat
549 2068 609 2116 in
627 2068 804 2134 primo
821 2067 1102 2116 volumine
1121 2068 1326 2117 notatio
1350 2067 1554 2118 critica:

203 2156 405 2222 quippe
425 2173 490 2205 ex
509 2155 756 2205 omnibus
777 2156 859 2212 iis,
881 2171 1013 2220 quae
1027 2158 1362 2205 Burmannus
1380 2155 1556 2213 habet,

204 2244 343 2294 nihil
364 2245 632 2311 repetebat
649 2243 990 2308 Spaldingius
1011 2242 1114 2291 nisi
1143 2259 1254 2307 quo
1274 2244 1340 2292 ad
1365 2242 1557 2294 consti-

203 2333 460 2382 tuendam
501 2330 1028 2396 confirmandamque
1066 2330 1211 2381 suam
1243 2330 1556 2398 scripturam

205 2435 343 2485 opus
365 2421 656 2472 videretur.
698 2422 834 2470 Mox
848 2418 1108 2469 crescente
1122 2420 1370 2470 codicum
1391 2421 1559 2486 copia,

206 2524 329 2557 cum
352 2512 456 2569 jam
485 2511 640 2558 velut
665 2507 716 2557 se
741 2509 915 2557 invito
943 2509 1176 2556 criticam
1206 2507 1306 2557 sibi
1336 2508 1561 2558 evadere

205 2595 501 2646 editionem
515 2597 737 2654 videret,
751 2597 902 2662 quod
928 2606 1044 2646 tum
1065 2597 1252 2662 utique
1278 2598 1413 2646 ratio
1443 2594 1559 2645 sua·

208 2683 380 2745 debat,
393 2683 518 2736 fecit
531 2702 543 2736 :
561 2687 862 2737 memoratis
880 2676 1102 2738 suorum
1115 2685 1363 2737 codicum
1376 2685 1561 2735 lectio-
