1820 3062
440 148 606 200 INST.
656 149 938 196 ORATOR.
983 150 1106 195 LIB.
1150 150 1224 208 X,
1276 165 1318 197 1.
1495 166 1557 213 19

191 290 431 340 quorum
468 275 598 324 alter
617 292 717 340 pro
751 272 993 334 Aufidia,
1032 287 1213 326 contra
1236 276 1371 327 dixit
1395 279 1552 330 alter:

189 362 242 400 et
275 353 539 402 Pollionis
574 363 625 401 et
659 351 807 402 Cassii
841 369 934 402 reo
959 352 1242 420 Asprenate
1262 393 1275 414 ‚
1317 357 1553 422 aliasque

187 430 460 494 plurimas.
542 431 689 499 Quin
722 430 879 478 etiam
896 468 910 488 ,
951 429 989 477 si
1015 433 1197 481 minus
1224 450 1375 498 pares
1399 434 1550 483 vide-
1572 448 1625 484 25

186 506 423 566 buntur,
495 507 703 571 aliquae
772 517 949 556 tamen
1006 508 1072 556 ad
1130 509 1550 574 cognoscendam

185 583 367 633 litium
397 583 760 649 quaestionem
780 595 920 633 recte
939 586 1309 650 requirentur:
1337 599 1398 637 ut
1423 607 1550 639 con-

185 670 263 710 tra
299 663 574 712 Ciceronis
617 663 908 723 oratio-nes,
969 664 1275 714 Tuberonis
1304 666 1364 714 in
1393 668 1549 734 Liga-

184 815 318 851 Turic.
350 829 422 863 pro
448 817 567 852 Servii
591 816 749 864 Sulpicii
771 831 789 852 a
806 830 866 866 pr.
891 831 943 854 m.
969 817 1081 853 fuisse
1095 815 1368 865 servisulpici;
1400 832 1419 854 e
1440 819 1547 856 Flor·

174 870 298 920 [ει-υἱ,
337 885 407 907 nec
439 873 645 920 postmodo
677 885 918 914 correctum,
960 874 1113 915 afferri3
1156 875 1252 909 ficut
1282 887 1378 910 mox
1408 876 1544 910 Turic.

182 941 202 962 a
225 942 283 976 pr.
307 943 359 963 m.
383 928 491 978 caffi:
522 931 569 965 cf.
594 939 630 973 5,
655 938 690 973 5,
720 941 780 974 17.
811 942 847 966 et
866 931 984 980 praef.
1007 931 1122 966 nostr.
1147 941 1199 966 to.
1227 945 1260 964 1.
1292 945 1330 979 p.
1356 938 1421 976 75.
1469 932 1547 968 Sed

180 984 342 1020 videtui·
364 987 406 1020 iu
430 986 500 1021 hac
521 987 741 1035 quaestione
758 988 934 1035 neglecta
956 987 1121 1023 Charisii
1138 988 1192 1036 (p,
1206 987 1358 1022 Putsch.
1378 1001 1442 1023 10.
1462 1003 1478 1023 1
1491 991 1544 1034 1.)

179 1041 377 1091 ipsiusque
399 1043 586 1078 Varronis
609 1043 683 1089 (ib.
711 1052 774 1092 59.
802 1045 886 1090 60.)
912 1044 1136 1080 auctoritas.
1327 1058 1390 1080 reo
1411 1044 1545 1095 Aspre-

180 1107 282 1134 nate.
350 1100 483 1135 Turic.
528 1099 633 1136 Flor.
673 1101 723 1146 (a
754 1102 820 1137 sec.
854 1115 907 1137 m.
937 1112 1125 1150 uterque;
1168 1100 1236 1136 ille
1262 1102 1422 1149 quidem
1444 1116 1462 1137 a
1484 1115 1546 1151 pr.

180 1154 429 1204 aspernatae)
463 1169 545 1192 reos
573 1157 788 1206 aspernatus
823 1155 893 1206 eft,
931 1169 970 1196 et
995 1160 1044 1193 sic
1076 1157 1206 1193 Guelf.
1237 1159 1370 1207 Camp.
1406 1159 1476 1206 qui
1507 1169 1546 1195 et

180 1213 303 1248 modo
337 1211 476 1262 Caffius
507 1227 597 1248 cum
629 1215 745 1251 Goth.
778 1218 877 1260 (tae.
910 1217 1055 1257 Gesn.)
1085 1214 1193 1251 Voss'.
1222 1226 1257 1250 2.
1319 1215 1393 1250 Sed
1423 1215 1546 1262 Gotlu

180 1282 263 1303 reus
284 1269 502 1318 aspernatus
522 1268 573 1317 est
596 1284 684 1306 cum
708 1272 793 1309 edd.
815 1271 971 1307 multis:
1002 1284 1130 1318 neque
1153 1270 1233 1305 ulla
1252 1282 1403 1307 rectum
1425 1271 1545 1308 habet

181 1336 268 1362 ante
294 1326 403 1362 Bafil.
473 1328 556 1374 Ipsa
589 1338 718 1362 autem
748 1341 838 1363 cum
868 1327 1054 1376 plurimis
1085 1337 1220 1375 peccat
1251 1328 1544 1377 transponendo

179 1379 373 1430 liquidam
394 1383 437 1418 in
458 1383 643 1418 nomine:
677 1383 723 1419 cf.
752 1398 765 1418 1
780 1400 796 1419 ι
813 1410 824 1423 ,
850 1399 866 1419 1
882 1411 892 1424 ‚
916 1392 980 1427 57.

265 1449 331 1483 23.
363 1438 669 1486 cognoscendam.
732 1440 864 1476 Turic.
899 1440 1003 1476 Flor.
1035 1440 1084 1486 (a
1114 1452 1174 1487 pr.
1206 1453 1258 1475 m.
1288 1443 1445 1489 uterq.)
1475 1453 1545 1476 nos

178 1497 397 1543 cogendam.
459 1495 587 1531 Guelf.
622 1495 895 1544 ignoscendum.
1127 1495 1344 1531 Tuberonis,
1405 1497 1541 1534 Turio.

177 1553 283 1588 Flor.
308 1552 435 1589 Guelf,
468 1560 508 1586 tu
525 1566 612 1588 vero
635 1552 715 1602 nzfi.
941 1553 980 1586 in
998 1552 1133 1599 Ligar.
1198 1553 1262 1587 Sic
1284 1552 1418 1588 Turic.
1436 1552 1543 1590 Flor-

179 1609 309 1645 Guelf.
342 1611 477 1659 Camp.
510 1609 632 1646 Goth.
664 1610 766 1648 Jens.
796 1609 886 1656 (tac.
918 1608 1055 1652 Gesn.)
1087 1620 1178 1643 cum
1212 1608 1299 1644 edd.
1326 1618 1413 1644 ante
1431 1600 1547 1646 Baffl.'

177 1734 234 1771 let
292 1735 386 1777 ‚,M.
444 1735 615 1771 Valerius
659 1733 831 1784 Meffala
887 1733 1072 1781 jectaneis
1095 1739 1160 1778 58.
1195 1716 1356 1782 (Lamp.
1382 1734 1542 1775 Grut,1.,

176 1803 337 1834 „contra
357 1790 613 1828 Aufidiam“‘.’
643 1792 706 1827 Est
726 1792 829 1827 enim

176 1850 262 1886 sane
292 1849 417 1896 magis
442 1849 753 1890 consentaneum,
785 1860 831 1884 ut

175 1907 287 1955 prius
328 1906 423 1941 alter
463 1905 530 1940 hic
570 1906 749 1954 respiciat
781 1906 830 1940 ad

174 1963 365 2012 priorem.
442 1962 607 1996 Interim
659 1963 685 1996 fi
740 1963 828 2010 quis

169 2019 310 2068 cupiat
349 2019 483 2055 videre
515 2017 721 2054 hominem
749 2032 829 2055 me-

176 2076 364 2112 diocriter
383 2076 557 2116 doctum,
578 2075 829 2113 insultantem

174 2133 210 2170 se
251 2133 459 2182 penitiori,
509 2132 658 2179 jubebo
698 2131 827 2182 legere

174 2201 310 2227 notam
331 2189 612 2239 Capperonerii
641 2188 826 2225 vellican-

175 2248 226 2284 tis
265 2249 556 2287 Burmannum3
605 2246 665 2282 rei
707 2248 827 2297 ipsius

177 2304 446 2341 difficultatem
500 2317 549 2340 ne
599 2303 827 2353 attingentis

176 2362 361 2409 quidem;
393 2375 511 2410 quare
542 2361 686 2396 factum
713 2362 825 2403 bene,

175 2419 284 2464 quod
300 2417 369 2454 ille
386 2418 582 2455 lacessenti
596 2431 677 2454 non
689 2431 828 2468 peper-

174 2475 231 2509 cit
248 2475 365 2523 Epist.
392 2490 431 2525 p.
457 2485 519 2520 17.

235 2532 332 2567 Poll.
364 2542 400 2568 et
425 2531 520 2581 Cast]
550 2547 613 2569 reo
634 2532 744 2584 Aspr.
777 2533 826 2571 cf.

176 2588 277 2624 dicta
316 2588 362 2622 ad
406 2590 452 2631 6,
495 2599 540 2634 5,
590 2598 656 2636 78.
707 2600 745 2634 et
782 2591 827 2626 in

175 2658 352 2694 prooem.
382 2646 474 2685 Vol.
503 2650 556 2682 II.
589 2663 628 2698 p.
659 2656 697 2694 g.
737 2648 824 2684 add.

175 2701 420 2739 Ptolemaeus
457 2704 614 2743 Flavius
648 2706 691 2742 in
721 2706 825 2742 Con-

886 1804 925 1840 P·
953 1793 1073 1840 977·)

947 1912 1013 1947 23.
1044 1904 1165 1938 minus
1184 1917 1359 1953 pares—
1374 1903 1539 1941 Tubero·

886 1963 944 1996 nis
955 1980 1010 1987 -—
1021 1961 1220 2013 Hortensii.
1278 1961 1464 2002 „Tubero
1483 1980 1539 1989 -—

887 2017 1069 2059 „transiit
1095 2030 1115 2051 a
1153 2020 1269 2055 causis
1303 2017 1462 2066 agendis
1491 2017 1540 2054 ad

887 2075 977 2122 „jus
1031 2073 1173 2116 civile;
1227 2075 1397 2111 maxime
1437 2075 1538 2123 post-

884 2144 1032 2180 ‚‚quam
1068 2132 1114 2178 Q.
1149 2131 1357 2181 Ligarium
1391 2131 1539 2167 accusa·

883 2189 993 2232 „vit‚
1034 2201 1106 2224 nec
1140 2188 1315 2225 obtinuit
1344 2205 1412 2223 —.
1452 2189 1539 2224 Ser·

882 2258 1026 2288 „mone
1038 2264 1093 2272 —
1104 2246 1267 2295 antiquo
1286 2244 1374 2280 usus
1386 2243 1538 2280 affecta-

884 2303 974 2346 „vit
1004 2302 1191 2345 scribe-re,
1224 2314 1262 2339 et
1285 2301 1376 2337 ideo
1397 2313 1538 2349 parum

884 2361 997 2407 „ejus
1041 2359 1136 2395 libri
1169 2360 1270 2408 grati
1302 2357 1540 2403 habentur.“

883 2420 1022 2467 Pomp.
1057 2416 1103 2451 de
1136 2430 1192 2453 ω’.
1222 2417 1299 2463 jur.
1327 2413 1476 2462 Digest.
1500 2427 1537 2456 ι,

887 2484 925 2516 2,
952 2485 989 2515 2,
1019 2473 1084 2517 46.
1125 2474 1216 2513 Vid.
1249 2483 1286 2508 et
1306 2471 1381 2519 Qu.
1408 2483 1469 2511 ιι,
1499 2484 1536 2513 ι,

887 2540 952 2577 73.
981 2538 1046 2576 go.
1069 2550 1124 2558 -—
1152 2529 1350 2572 „Dicebat
1376 2526 1535 2569 melino.

884 2602 1029 2638 „quam
1064 2587 1226 2636 scripsit,
1257 2586 1551 2637 Hortenfiusstf

884 2647 964 2683 Cic.
999 2645 1108 2681 Orat.
1138 2651 1205 2690 58.
1241 2656 1282 2681 v·
1305 2652 1346 2678 et
1366 2642 1440 2691 Qu.
1468 2654 1549 2699 ιι,Ι

884 2710 1003 2750 528·

1001 2761 1091 2795 ΒΩ
