1779 3062
388 141 552 186 INST.
590 139 867 186 ORATOR.
904 141 1028 185 LIB.
1060 141 1156 197 XI,
1196 152 1240 195 3.
1391 149 1487 201 549

142 279 203 318 ut
234 284 349 315 aera
381 267 609 324 tinnitu,
649 265 1026 330 dignoscimus.

1117 270 1192 316 Ita
1217 266 1312 316 fiet
1333 268 1490 326 illud,

141 345 291 409 quod.
318 345 526 392 Ennius
554 338 772 409 probat,
814 361 934 392 cum
958 344 1087 392 dicit
1094 340 1492 415 suaviloquenti

50 431 230 471 ²0040re
260 420 547 489 Cethegum
565 416 768 493 susse:
807 426 919 468 non
943 420 1093 486 quod
1116 423 1302 471 Cicero
1324 424 1382 470 in
1404 424 1490 472 his

137 498 500 564 reprehendit,
522 515 658 562 quos
676 499 747 545 ait
771 497 983 555 latrare,
1013 517 1110 547 non
1132 517 1310 567 agere.
1354 502 1490 549 Sunt

137 577 285 624 enim
305 576 476 623 multa
497 576 642 632 vitia,
671 574 737 622 de
758 573 956 639 quibus
978 575 1106 633 dixi,
1129 593 1252 624 cum
1275 577 1333 624 in
1360 595 1488 641 qua-

139 652 261 700 dam
307 653 470 718 primi
506 653 632 700 libri
664 661 811 718 parte
840 668 1138 717 puerorum
1171 669 1260 702 ora
1290 651 1489 702 forma-

137 747 276 788 rem,
328 730 690 795 opportunius
723 739 891 787 ratus,
938 730 998 776 in
1030 746 1088 777 ea
1119 739 1283 778 aetate
1315 729 1488 779 facere

134 808 357 856 illorum
381 808 727 863 mentionem,
753 808 811 854 in
837 822 942 870 qua
962 806 1233 855 emendari
1261 805 1486 872 possunt.

134 886 374 948 Itemque
399 883 442 931 si
467 882 577 949 ipsa
604 902 713 933 vox,
731 884 972 951 primurn
998 882 1190 943 fuerit,
1229 895 1291 933 ut
1315 882 1386 932 sic
1409 883 1489 933 di·
1510 903 1565 939 52

222 1036 289 1072 5¹·
321 1029 387 1063 his.
424 1030 486 1065 Sic
505 1029 637 1065 Turic-
661 1029 765 1066 Flor.
786 1029 921 1066 Ambr.
937 1040 974 1066 9..
1001 1029 1129 1066 Guelf.
1161 1031 1192 1064 is
1214 1030 1348 1078 Camp.
1383 1029 1490 1064 Reli·

88 1118 92 1119 ⁷
137 1085 209 1134 qui
232 1086 285 1120 iis.
316 1087 414 1124 Jens.
450 1087 566 1122 Tarv.
590 1089 672 1134 agit
695 1100 768 1134 pro
791 1088 866 1127 ait,
896 1099 977 1123 non
997 1087 1130 1135 Camp.
1175 1088 1275 1122 Mox
1295 1087 1393 1122 dixit
1410 1088 1491 1122 Tu-

135 1142 207 1177 ric.
231 1137 368 1194 (εἰς),
394 1153 441 1187 5,
469 1153 532 1190 97.
575 1144 703 1178 Etiam
733 1144 769 1185 6,
796 1153 843 1186 5,
868 1154 932 1188 47.
969 1143 1104 1180 Ambr.
1140 1157 1172 1179 1.
1207 1145 1314 1183 dixit,
1338 1145 1399 1179 sed
1420 1155 1490 1191 pet

138 1199 418 1246 compendium
450 1198 556 1244 clii.)
579 1200 675 1235 item
696 1209 787 1235 arte.

139 1256 438 1290 emendationem
459 1269 532 1304 pro
555 1258 789 1292 mencionem.

841 1201 943 1235 Mox
962 1200 1067 1236 Flor.
1092 1198 1140 1248 (a
1160 1202 1229 1235 sec.
1253 1202 1337 1248 m.)
1359 1199 1488 1236 Guelf.

226 1332 291 1366 52.
326 1324 500 1371 Itemque.
530 1323 593 1358 Sic
615 1323 748 1359 Turic.
770 1322 875 1359 Flor.
896 1324 1031 1360 Ambr.
1054 1334 1092 1359 2.
1113 1324 1241 1360 Guelf.
1267 1338 1354 1360 cum
1368 1325 1489 1363 Goth.

137 1381 253 1418 Bern.
287 1379 450 1428 Reliqui
471 1381 613 1430 Itaque.

138 1503 234 1539 tinis
255 1505 394 1552 agitur.
423 1504 541 1540 Poffit
559 1515 687 1541 tamen
704 1518 786 1540 non

139 1561 186 1595 de
223 1560 340 1595 latina
384 1561 504 1596 modo
549 1562 786 1610 pronuncia-

137 1617 246 1652 tione
275 1617 497 1666 usurpatum
531 1619 626 1660 effe,
672 1619 731 1654 sed
766 1633 786 1654 a

139 1674 296 1708 Graecis
334 1675 449 1723 ipsis,
476 1676 703 1724 repetitum,
744 1686 787 1711 ut

139 1730 317 1764 barbarus
346 1741 384 1766 et
417 1732 578 1767 Graecus
605 1732 671 1767 hic
697 1732 787 1767 effet

138 1799 212 1835 pro
230 1788 364 1835 vitioso
388 1798 425 1823 et
445 1789 642 1824 emendato
662 1790 703 1824 in
722 1802 786 1835 ge-

139 1855 253 1883 ne1·e;
299 1856 342 1878 111
382 1857 456 1890 qua
489 1855 639 1880 ratione
674 1857 788 1892 repo-

138 1899 311 1934 nendum
327 1899 706 1948 Graecum12e(cf.§.1
718 1901 786 1945 6.).

140 1956 203 1990 Sic
233 1968 412 2004 apparet,
473 1956 579 1992 nihil
611 1957 787 1992 medium

105 2030 107 2033 ·
140 2012 235 2052 effe,
268 2012 328 2047 sed
350 2025 416 2048 aut
437 2014 634 2049 eruditum
659 2025 725 2049 aut
742 2013 791 2047 il-

138 2067 341 2104 liberalem
360 2074 683 2120 unumqu'emque
699 2083 790 2119 pro-

140 2125 194 2167 di,
221 2136 264 2161 ut
282 2127 456 2175 primum
477 2127 634 2163 loeutus
656 2127 788 2162 fuerit.

141 2182 230 2219 Nisi
264 2183 378 2224 forte,
415 2184 493 2220 1100
523 2185 552 2219 si
585 2183 789 2223 voluisset,

142 2240 446 2287 transpofiturus
488 2251 568 2277 erat
609 2240 792 2276 Gra-ecum

144 2293 400 2331 barbarumne.
468 2298 622 2332 Haereo
664 2307 792 2331 autem

144 2351 187 2385 in
210 2364 255 2386 eo
280 2365 449 2400 quoque,
481 2354 586 2401 quod
609 2363 792 2387 neutrum

143 2407 328 2455 ponitur,
386 2421 467 2444 non
513 2409 792 2450 masculinum;

143 2475 271 2512 neque
292 2464 394 2498 enim
415 2466 673 2502 accusativum
695 2479 792 2514 quo-

143 2520 265 2555 modo
286 2519 378 2555 hinc
399 2535 530 2556 eruam
553 2523 733 2571 reperio;
758 2534 795 2558 et

144 2585 274 2611 tamen
328 2577 371 2611 in
422 2579 616 2625 proximis
669 2579 792 2614 homo

145 2632 398 2679 dignoscitur,
421 2646 500 2669 non
523 2648 595 2672 res.
656 2636 730 2670 Sed
750 2636 793 2671 111

143 2689 370 2738 proverbiis
393 2702 480 2725 cum
502 2690 624 2727 multa
642 2692 792 2742 suppri-

805 1379 1046 1430 si--fuw-ic,
1070 1388 1121 1417 ut.
1154 1381 1218 1416 Sic
1232 1382 1365 1417 Turic.
1383 1381 1489 1418 Flor.

843 1504 902 1539 mi
933 1503 1096 1544 soleant,
1134 1505 1266 1553 potuit
1297 1516 1424 1541 tamen
1456 1516 1496 1543 et

844 1561 922 1596 hoc
953 1560 1169 1596 accusativo
1198 1562 1410 1598 maseniino
1441 1564 1495 1599 ef-

843 1617 958 1658 ferri,
995 1618 1117 1653 modo
1152 1629 1255 1653 recte
1290 1619 1495 1667 expleatur

844 1674 1040 1714 sententia,
1074 1675 1180 1723 quod
1200 1675 1250 1710 iis
1275 1675 1400 1717 facile,
1426 1676 1495 1725 qui

843 1729 1088 1766 locutionem
1136 1742 1294 1767 norunt.
1348 1733 1407 1769 Cf.
1447 1733 1497 1768 ad

844 1787 1072 1821 sententiam
1094 1787 1312 1822 universam
1338 1796 1374 1832 3,
1396 1803 1430 1831 1,
1455 1799 1496 1832 5.

846 1853 884 1877 et
934 1843 980 1877 de
1023 1843 1249 1891 praestantia
1296 1846 1496 1881 Romanae

844 1900 1198 1947 pronunciationis,
1219 1900 1330 1946 cujus
1356 1902 1496 1937 memi-

848 1955 909 1989 nit
920 1956 1120 1997 Geffierus,
1137 1957 1215 1992 Cic.
1231 1957 1276 1991 de
1288 1957 1355 1993 Or.
1371 1967 1409 2001 5,
1430 1972 1446 1992 1
1458 1971 1493 1994 1.

904 2012 1052 2047 Ennius
1069 2033 1125 2040 —-
1144 2014 1292 2048 latrare.
1339 2040 1363 2054 „
1378 2014 1495 2062 Apud

849 2069 961 2109 „Cic.
985 2071 1110 2104 Bruto
1136 2078 1197 2113 15.
1222 2070 1292 2105 ubi
1313 2081 1350 2105 et
1370 2070 1496 2111 illud,

847 2126 1041 2165 „Latrant
1056 2128 1138 2170 jam
1159 2127 1498 2174 quidam'oratores‚

848 2195 953 2222 „non
979 2182 1192 2232 loquuntur.
1232 2183 1293 2217 Sic
1317 2183 1362 2218 de
1387 2184 1499 2219 Orat.

849 2247 917 2281 ‚,3,
932 2244 997 2282 54.
1021 2240 1067 2274 de
1079 2239 1237 2278 Pericle,
1254 2240 1306 2273 At
1318 2241 1500 2275 lzuncnon

848 2295 1060 2334 „clamator
1101 2298 1238 2346 aliquis
1275 2297 1326 2330 ad
1355 2295 1499 2346 clepsy-

850 2353 987 2392 „dram
1009 2352 1145 2387 latrare
1162 2353 1377 2387 docuerat.“
1408 2353 1498 2388 Ges·

851 2421 981 2444 ncrus.
1006 2408 1053 2443 cf.
1076 2420 1113 2444 et
1133 2409 1248 2455 nostr.
1275 2418 1313 2449 2,
1343 2416 1404 2453 15,
1428 2414 1469 2454 4.

909 2466 948 2499 in
969 2466 1126 2512 quadam
1147 2466 1259 2515 primi
1279 2466 1498 2515 Zibriparce.

849 2534 915 2564 ‚,1.
946 2535 980 2560 12
1007 2531 1071 2564 57·
1123 2535 1155 2562 Ῐι
1191 2530 1226 2564 51
1259 2530 1323 2565 5²·
1357 2531 1422 2566 53-
1461 2538 1500 2564 ¹·

849 2585 917 2624 „3,
937 2591 971 2614 1.
999 2578 1182 2627 inprimis
1202 2589 1298 2613 vero
1316 2593 1352 2619 1,
1370 2591 1415 2614 11
1438 2579 1500 2615 in-

848 2646 1002 2683 ‚‚tegro.
1017 2639 1040 2654 “
1067 2637 1266 2670 Gesnerus.

906 2700 971 2736 52.
1003 2692 1167 2743 Itemque
1178 2691 1217 2742 si
1237 2709 1295 2721 —.
1314 2694 1496 2743 pacietur.
