1779 3062
412 206 576 253 INST.
614 205 894 251 ORATOR.
930 207 1054 252 LIB.
1089 207 1184 258 XI,
1223 220 1268 253 1.
1418 219 1515 262 231

172 335 332 386 dicet:
374 333 464 380 vel
485 330 632 397 quod
653 332 899 381 omnium
922 331 986 380 [it
1008 321 1200 383 votum
1219 334 1517 400 parentum,

170 422 230 462 ut
259 408 612 466 honestiores,
661 425 822 473 quam
861 408 965 457 sint
1007 409 1133 476 ipsi,
1184 413 1382 461 liberos
1424 412 1517 460 ha-

167 490 324 548 beant
355 487 503 552 (nam
538 496 601 537 et,
616 484 732 536 filia
766 496 902 544 nata,
940 489 1191 537 meretrix
1214 506 1328 537 eam
1352 499 1520 538 mater

166 565 419 633 pudicam
451 562 548 611 effe
580 560 894 631 voluisset),
951 566 1039 612 vel
1071 566 1221 630 quod
1251 567 1519 616 humilior

166 641 277 710 ipse
305 640 469 691 fuerit
503 642 654 707 (licet
686 641 831 689 enim
860 642 965 689 hoc
994 642 1210 705 dicere),
1254 645 1342 692 vel
1368 644 1521 706 quod

168 738 281 770 non
309 720 554 771 habuerit
588 729 816 784 patrem,
855 720 952 783 qui
983 731 1254 769 moneret:
1296 722 1430 785 quin
1455 740 1518 771 eo

169 799 350 847 minus
371 797 430 845 id
453 796 762 850 faciendum
787 795 908 848 filio
928 794 1108 854 fuiffe,
1148 815 1216 846 ne
1241 810 1524 848 renovaret

171 875 366 924 domus
398 874 664 940 pudorem
695 884 746 921 et
771 875 1112 939 exprobraret
1133 876 1270 942 patri
1291 878 1523 941 nuptias,

171 954 327 1002 matri
359 953 552 1017 prioris
585 954 725 1001 vitae
759 951 1129 1001 iiecessitatem:
1192 970 1261 1001 ne
1289 953 1525 1018 denique

170 1032 342 1096 legem
373 1030 640 1095 quandam
671 1027 777 1081 suis
808 1046 1027 1094 quoque
1067 1028 1294 1078 subinde
1338 1031 1523 1080 liberis

171 1108 331 1157 daret.
415 1109 699 1158 Credibilis
721 1097 1003 1156 eritetiam
1025 1109 1242 1174 propria
1265 1109 1526 1173 quaedam

169 1187 228 1235 in
260 1187 351 1233 illa
383 1187 658 1234 meretrice
698 1184 1010 1250 turpitudo,
1065 1203 1227 1250 quam
1256 1203 1402 1235 nunc
1435 1187 1525 1235 liic

170 1274 316 1330 pater
338 1261 477 1315 ferre
502 1281 615 1313 non
634 1261 796 1330 poffit.
849 1264 965 1311 Alia
991 1273 1275 1328 praetereo.
1330 1266 1525 1329 Neque

171 1409 231 1444 Ab
264 1407 363 1444 Alm.
390 1408 545 1445 nonnisi
568 1421 661 1457 quae
692 1407 812 1442 abesse
833 1417 1024 1442 narratur.
1261 1417 1296 1442 et
1309 1407 1413 1458 filia.
1445 1407 1523 1445 Tu-

170 1465 240 1500 ric.
273 1465 377 1500 Flor.
401 1465 526 1500 Guelf.
551 1466 648 1500 Exc.
673 1466 825 1499 Santen.
847 1464 1020 1499 inserunt
1036 1463 1074 1512 si
1097 1477 1186 1499 cum
1209 1464 1327 1501 Goth.
1352 1466 1456 1502 Voff.
1484 1478 1524 1505 2.

171 1521 272 1558 Van.
308 1521 371 1566 (de
393 1521 469 1556 hoc
491 1521 680 1569 prodente
706 1523 840 1558 Burm.
865 1521 965 1568 apud
989 1521 1081 1556 Bad.
1103 1535 1183 1556 non
1204 1523 1394 1571 reperio).
1425 1532 1460 1557 et
1486 1521 1524 1572 si

169 1576 218 1623 [ιέ
244 1579 389 1626 absque
413 1576 504 1624 filia
527 1579 656 1624 Camp.
937 1578 1066 1613 dicere.
1093 1577 1196 1613 Flor.
1222 1575 1259 1629 (a
1280 1592 1338 1627 pr.
1363 1582 1434 1623 m.)
1458 1581 1524 1614 nlu-

172 1650 259 1670 cere.
292 1635 456 1669 Fortaffe
479 1634 676 1670 robustior
697 1634 881 1669 sententia
901 1634 942 1668 in
965 1634 1053 1674 1100,
1078 1635 1105 1668 si
1126 1635 1287 1670 scribas:
1320 1636 1405 1670 licet
1428 1639 1526 1671 enim

168 1692 251 1726 huic
271 1692 315 1732 (i.
338 1692 419 1737 ejus
439 1691 679 1726 conditionis
704 1691 881 1736 homini)
903 1691 1032 1724 ducere
1054 1691 1079 1726 i.
1102 1692 1362 1727 meretricem.
1395 1694 1525 1739 Quan-

168 1762 285 1797 quam
304 1747 370 1783 vel
390 1748 440 1782 sic
458 1748 592 1783 malis:
628 1748 774 1787 licebat,
804 1746 869 1782 vel
888 1748 1014 1786 licuit,
1047 1748 1154 1796 quod
1174 1762 1362 1796 reponere
1383 1749 1524 1785 intem-

167 1806 365 1854 perantius
388 1806 469 1840 sane
490 1806 621 1840 fuerit.
662 1807 829 1853 Recepta
853 1818 992 1852 parum
1007 1804 1137 1852 explet
1154 1805 1341 1841 animum.
1375 1809 1436 1842 Au
1448 1807 1548 1842 hoc.

166 1862 345 1901 volebat,
387 1863 492 1910 posse
515 1861 685 1909 aliquem
722 1860 987 1896 humilitatem
1023 1862 1108 1895 suae
1130 1862 1370 1898 conditionis
1398 1864 1526 1912 pristi-

167 1933 255 1953 nam
288 1919 382 1953 citra
411 1918 691 1953 contumeliam
730 1918 835 1953 suam
866 1916 1209 1953 commemorare?
1257 1919 1330 1953 Sed
1362 1933 1444 1955 non
1477 1920 1529 1955 est

173 1975 363 2011 elocutus.

259 2073 324 2111 33.
358 2067 409 2101 id.
440 2066 502 2101 Sic
526 2066 659 2103 Turio.
682 2066 787 2102 Flor.
814 2067 947 2115 Camp.
970 2080 1057 2101 cum
1081 2066 1311 2102 Bodl.Alm.
1326 2065 1413 2102 Ald.
1429 2065 1527 2102 Obr.

171 2121 331 2171 Reliqui
349 2123 548 2158 omittunt.
765 2122 939 2172 subinde.
971 2124 1104 2159 Turic.
1130 2123 1227 2172 sum.
1256 2125 1318 2157 Ex
1343 2121 1442 2158 Alm.
1461 2122 1528 2171 [α’.

172 2180 299 2216 Guelf.
332 2181 426 2215 Exc.
449 2177 713 2227 Santen.fine.
762 2183 824 2216 An
846 2181 945 2215 forte
973 2192 1009 2216 et
1027 2180 1093 2216 hic
1109 2180 1179 2229 sub
1204 2181 1300 2215 diem
1323 2191 1411 2220 erat,
1437 2192 1480 2215 ut
1503 2187 1526 2224 8

170 2241 259 2273 Pro.
276 2235 358 2285 29?
388 2251 462 2285 qua
483 2237 666 2271 sententia
690 2237 739 2272 est
763 2240 799 2272 in
824 2238 920 2271 diem
944 2238 1042 2284 apud
1067 2238 1146 2274 Cic.
1161 2251 1233 2286 pro
1248 2237 1386 2273 Coelio
1413 2251 1442 2272 0.
1462 2243 1524 2280 24.

173 2294 407 2343 „praesentis
430 2294 575 2329 fraudis
598 2306 742 2341 poenas
766 2296 800 2328 in
824 2295 921 2328 diem
943 2295 1186 2330 reservatis.“
1215 2295 1290 2329 Sed
1312 2294 1436 2342 ipsum
1457 2306 1528 2328 no-

174 2352 292 2387 strum
315 2349 521 2398 aliquoties
547 2350 596 2385 est
615 2364 688 2398 pro
712 2352 857 2392 deinde,
874 2365 974 2388 mox.
1210 2351 1327 2385 darec.
1364 2350 1530 2385 Credibi-

176 2408 233 2442 lis.
267 2407 331 2441 Sic
351 2407 483 2442 Turio.
507 2406 611 2443 Flor.
634 2409 876 2456 (quanquam
898 2409 964 2443 hic
985 2409 1101 2444 etiam
1123 2408 1326 2452 credibile).
1367 2407 1531 2455 Reliqui

175 2463 348 2499 inserunt
369 2473 417 2499 et.
648 2474 854 2514 praetereo.
875 2466 1008 2502 Turic.
1035 2465 1163 2501 Guelf.
1181 2466 1313 2513 Camp.
1336 2474 1532 2513 praeterea

178 2590 335 2624 duxerit.
371 2589 462 2625 vide
495 2599 530 2633 7,
565 2595 600 2634 4,
631 2598 694 2625 20.
723 2590 821 2627 ibid.
937 2605 1030 2626 nunc
1065 2609 1121 2618 —
1158 2587 1261 2637 ferre
1294 2603 1369 2624 non
1405 2587 1529 2640 poffit.

182 2661 247 2681 ιι.
881 2649 1088 2696 Postquam
1126 2660 1172 2682 ex
1204 2645 1271 2680 illa
1304 2645 1530 2682 humilitate

233 2703 318 2738 licet
339 2723 392 2730 ——
414 2703 542 2741 dicere.
568 2703 615 2740 cf.
636 2715 717 2741 not.
740 2706 825 2741 crit.
886 2705 930 2739 nd
961 2705 1248 2754 prosperiorem
1278 2704 1337 2738 rei
1367 2702 1531 2739 familia·

235 2765 300 2806 85.
322 2760 494 2811 subinde.
529 2761 577 2798 cf.
598 2772 679 2798 not.
703 2762 786 2799 crit.
883 2762 937 2798 ris
957 2762 1092 2798 statum
1114 2761 1324 2797 emerserat.
