1779 3062
401 101 570 146 1Ns'r.
611 71 893 150 ORAT‘OR.
929 103 1053 152 ΠΒ.
1091 106 1165 164 Χ,
1204 121 1257 165 7..
1413 121 1509 172 :¹93

140 227 228 288 est,
253 246 389 296 quae
413 230 654 280 inveniri
680 227 911 296 possunt,
939 246 1101 297 quam
1123 250 1259 299 quae
1285 235 1506 288 inventa

139 306 275 356 sunt.
508 340 532 348 x

289 464 396 510 VII.
448 463 724 513 Maximus
767 476 900 509 Vero
953 461 1254 512 studiorum
1295 463 1508 517 fructus

132 537 236 597 est,
316 550 368 587 et
443 541 594 589 velut
677 539 978 605 praemium
1045 539 1322 604 quoddam
1395 561 1505 592 arn-

108 616 421 684 ¹pliffimum
483 618 635 683 longi
697 616 919 673 laboris,
1007 634 1073 666 ex
1133 629 1366 682 tempore
1425 623 1503 670 db·-

132 688 280 742 ceitdi
322 691 596 764 facultas.-
659 710 823 759 quam
880 694 978 758 qui
1038 711 1152 744 non
1211 697 1314 743 erit
1374 715 1503 748 con-

127 770 365 830 secutus,
441 789 559 820 mea
630 771 854 836 quidem
911 769 1169 820 sementia
1244 774 1500 825 civilibus

128 848 314 898 officiis
398 850 769 908 renunciabit,
849 859 902 896 et
988 847 1152 898 solam
1228 848 1499 901 scribendi

123 925 428 976 facultatem
480 928 662 993 potius
708 925 776 974 ad
833 926 934 974 alia
989 943 1148 992 opera
1201 939 1493 979 convertet.

124 1004 225 1052 Vix
247 1006 393 1052 enim
416 1005 591 1053 bonae
630 1003 764 1052 fidei
795 1006 917 1054 viro
950 1005 1206 1053 convenit
1231 1007 1496 1056 auxilium

121 1081 181 1129 in
221 1082 507 1148 publicum
544 1083 816 1148 polliceri,
877 1081 1027 1147 quod
1062 1082 1122 1129 in
1155 1081 1495 1147 praesentiffi-

120 1160 222 1209 mis
253 1160 563 1226 quibusque
596 1161 852 1228 periculis
891 1157 1054 1208 desit:
1099 1170 1158 1208 ut
1196 1159 1492 1211 :monstrare

120 1312 373 1360 neceffa1·ium
404 1314 538 1348 censeo
569 1315 717 1362 utique,
750 1325 831 1348 non
857 1321 1048 1360 utcunque,
1078 1313 1122 1347 in
1154 1324 1246 1361 quo.
1276 1314 1307 1348 si
1332 1311 1493 1362 strucius

118 1367 222 1405 illud
243 1369 348 1404 nihil
365 1370 408 1405 in
430 1370 577 1405 receffu
601 1370 744 1406 habere
764 1369 975 1416 judicetur,
1008 1369 1194 1417 equidem
1219 1371 1471 1418 acquiescam.

212 1498 245 1519 1.
292 1484 426 1519 Turic.
457 1483 753 1532 inscriptionem
791 1481 891 1517 hanc
920 1482 1037 1518 habet
1071 1483 1398 1534 Quemadmodum
1428 1498 1488 1521 ex-

118 1541 338 1587 temporalis
371 1540 546 1587 facilitas
588 1549 789 1589 pateretur,
835 1538 962 1574 Guelf.
1006 1539 1125 1575 Goth.
1179 1541 1227 1590 Q.
1260 1554 1290 1576 e.
1315 1540 1487 1588 facultas

112 1607 267 1646 paretur
296 1606 333 1632 et
369 1599 604 1632 contineatur
656 1610 744 1632 cum
786 1595 953 1644 reliquis
987 1607 1073 1632 ante
1114 1597 1224 1632 Gefn.
1268 1610 1349 1631 exc.
1384 1597 1483 1634 Obr.

110 1653 232 1690 Nihil
263 1654 460 1700 ejusmodi
497 1654 540 1688 in
572 1652 676 1689 Flor.
710 1654 843 1701 Camp.
1111 1662 1149 1688 ec
1176 1654 1289 1689 velut.
1343 1655 1481 1691 Turio.

112 1710 217 1746 Flos.
247 1710 330 1756 (hic
354 1725 372 1745 a
393 1725 451 1759 pr.
478 1712 551 1755 m.)
595 1712 728 1759 Camp.
771 1710 962 1746 omittunt
993 1719 1040 1745 et.
1267 1713 1482 1758 praemium

112 1768 301 1816 quoddam
320 1766 590 1817 amplfflmum.
622 1767 757 1804 Turic.
788 1769 930 1814 primus
953 1768 1104 1814 quidam
1122 1766 1224 1815 plius
1247 1767 1480 1814 (postremae

110 1825 222 1859 vocis
259 1824 399 1872 primis
432 1825 582 1860 duabus
615 1824 757 1860 litteris
792 1824 1068 1872 superponitur
1098 1838 1121 1859 v
1160 1822 1322 1867 littera).
1373 1824 1478 1862 Flor.

113 1879 243 1916 Guelf.
283 1882 424 1929 primus
448 1881 539 1930 quid
570 1882 732 1930 amplius
770 1894 860 1916 cum
882 1881 988 1918 Vols.
1019 1894 1053 1916 1.
1075 1889 1112 1924 5.
1153 1881 1269 1917 Bern.
1314 1879 1481 1917 Omittit

111 1935 373 1987 ampliffimmn
404 1939 537 1987 Camp.
571 1950 660 1972 cum
694 1937 814 1972 Goth.
857 1938 963 1976 Voss.
988 1947 1026 1972 2.
1066 1936 1169 1976 Vall.
1211 1936 1293 1981 (sed
1325 1950 1372 1972 ex
1397 1937 1476 1973 hoc

112 2006 304 2043 expuncta
340 1995 487 2030 dicitur
528 2007 611 2030 vox
649 1994 827 2042 amplius)
871 1993 1025 2043 Gryph.
1087 1994 1162 2030 Sed
1202 1994 1362 2042 amplius
1399 2007 1474 2042 pro

109 2049 347 2100 superlativo
377 2051 554 2100 reliquae
585 2051 669 2087 edd.
708 2061 795 2086 ante
829 2053 953 2086 Stoer.
1003 2052 1215 2088 Praemium
1248 2061 1285 2086 et
1313 2053 1475 2099 primum

111 2108 302 2143 confundi
323 2122 342 2142 a
364 2107 537 2144 librariis
560 2108 676 2144 docet
695 2107 761 2142 hic
780 2109 915 2143 Burni.
947 2108 993 2144 cf.
1020 2118 1056 2152 5,
1092 2121 1154 2150 11,
1189 2113 1253 2153 23.
1463 2112 1465 2114 '

197 2165 316 2200 bonae
331 2164 446 2214 fidei.
472 2165 605 2201 Turio.
637 2165 742 2202 Flor.
777 2164 863 2211 (hie
885 2180 904 2200 a
922 2179 981 2215 pr.
1007 2165 1080 2215 m.)
1101 2166 1234 2214 Camp.
1260 2163 1470 2212 bonafide.

110 2221 328 2258 Postremus
351 2233 389 2257 et
410 2222 490 2258 Nec
506 2234 580 2270 pro
609 2223 683 2258 Vix
705 2235 796 2257 cum
816 2222 904 2259 ΑΜ.
927 2233 965 2259 et
986 2236 1108 2272 marg.
1131 2224 1276 2260 Vidov.

196 2279 296 2327 quod
329 2282 379 2314 in.
430 2280 565 2314 Tua-ic.
614 2278 720 2315 Flor.
764 2279 966 2316 omittunt.
1019 2279 1092 2315 Ille
1125 2294 1144 2314 τι
1172 2281 1240 2315 sec.
1274 2292 1326 2314 m.
1369 2279 1471 2328 quod

110 2333 246 2376 solum,
280 2348 316 2372 et
337 2337 385 2371 sic
405 2335 534 2371 Guell.
568 2336 700 2385 Camp.
735 2349 826 2372 cum
848 2336 967 2372 Goth.
1003 2348 1040 2372 et
1060 2337 1145 2372 cdd.
1171 2347 1256 2371 ante
1277 2334 1389 2372 Basil.

196 2401 236 2427 ut
264 2389 477 2439 monstrare.
527 2394 661 2428 Turic.
701 2393 807 2429 Flor.
850 2393 980 2430 Guelf.
1023 2394 1158 2441 Camp.
1199 2395 1339 2428 intrare
1378 2405 1469 2428 cum

109 2448 230 2486 Goth.
261 2450 368 2489 Voss'.
399 2463 433 2484 1·
459 2460 494 2485 2.
518 2458 555 2494 5.
589 2449 687 2489 Vall.
719 2452 836 2487 Bern.
867 2450 1034 2487 Iohann.
1064 2450 1168 2486 Alm.
1200 2459 1238 2485 et
1264 2449 1349 2486 edd.
1381 2460 1468 2485 ante

170 2597 204 2619 1.
234 2583 476 2619 renunciabit·
516 2583 565 2619 cf.
586 2583 686 2620 dicta
708 2584 756 2620 ad
874 2595 915 2619 ut
970 2580 1183 2632 monstrare.
1272 2582 1320 2619 cf.
1383 2592 1466 2619 not.

110 2652 146 2682 ι,
179 2652 224 2681 2,
257 2651 322 2677 20.
351 2655 390 2690 p.
413 2646 495 2694 45‘.
817 2642 906 2678 crit.

168 2709 274 2746 Tom.
304 2705 372 2747 IV.
961 2709 1001 2745 N
