1779 3062
368 136 533 183 INST.
575 137 855 186 ORATOR.
891 141 1013 186 LIB.
1051 141 1150 197 XI,
1184 152 1228 196 3.
1372 153 1469 200 333

129 263 195 312 ad
234 260 692 328 significationem.
773 267 996 315 Decoris
1027 267 1118 314 illa
1141 265 1290 326 sunt,
1327 277 1388 316 ut
1409 266 1473 317 sit
1497 281 1548 331 69

118 341 303 407 *primo
327 350 532 388 rectum
548 378 562 397 ,
602 350 653 387 et
673 339 968 391 secundum
993 353 1251 392 naturam.
1331 345 1476 394 Nam

79 426 86 433 ‘
127 426 179 465 et
201 416 402 478 dejecto
432 417 736 483 Jmmssitas,
775 428 827 465 et
850 417 1042 483 supino
1065 421 1385 485 arrogantia,
1425 433 1478 471 et

124 494 184 543 in
221 495 358 543 latus
391 494 646 543 inclinato
675 495 918 559 languor,
958 507 1009 543 et
1029 497 1295 562 praeduro
1324 516 1380 546 ac
1404 500 1477 548 ri·

130 581 285 635 gente
324 571 561 620 barbaria
603 571 862 636 quaedam
912 573 1107 621 mentis
1163 572 1472 625 ostenditur.

128 652 275 697 Tum
307 649 525 713 accipiat
558 658 704 713 aptos
727 666 790 697 ex
812 646 921 713 ipsa
950 650 1156 698 actione
1179 662 1377 710 motus,
1414 664 1476 702 ut

130 742 253 774 cum
275 723 424 790 gestu
448 724 761 785 concordet,
800 736 854 774 et
872 726 1117 776 manibus
1141 743 1198 775 ac
1219 726 1473 780 lateribus

212 891 277 939 69.
296 892 450 927 Decoris
472 892 540 928 illa
553 891 654 940 sunt.
687 892 992 932 Diremtionem,
1013 906 1127 941 quam
1147 893 1298 942 primus
1321 907 1472 942 reprae-

126 948 284 988 sentavi,
314 948 487 984 habuisse
523 949 678 984 Videtur
704 951 819 983 Bern-
843 962 957 998 quem
977 952 1113 986 Burm.
1149 961 1276 985 narrat
1297 950 1472 988 incidere

124 1004 208 1054 post
221 1002 552 1052 significationem.
592 1005 724 1054 Vulgo
746 1006 788 1041 in
808 1006 1065 1043 vetustiffimis
1087 1017 1123 1042 et
1139 1018 1223 1042 ante
1244 1007 1356 1041 Leid.
1377 1007 1472 1044 haec

125 1061 405 1099 continuantur
425 1075 547 1110 usque
571 1063 617 1097 ad
637 1071 677 1096 ut
687 1062 752 1111 sit.
804 1064 906 1098 iVon
926 1063 1257 1112 interpunxerunt
1279 1073 1363 1098 ante
1383 1065 1470 1105 Illa,

125 1117 232 1168 quod
260 1131 424 1166 pravum
453 1119 616 1154 sentiens
648 1119 744 1154 Obr.
778 1120 946 1155 nimium
975 1120 1050 1155 sibi
1069 1120 1211 1160 sumfit,
1243 1133 1324 1154 non
1345 1119 1472 1156 folum

124 1172 282 1223 στιγμῆν
310 1174 450 1210 τελείαν
478 1187 628 1223 ponens
649 1176 729 1224 pod
742 1175 842 1225 sign.
862 1177 925 1211 [ed
946 1189 1019 1224 pro
1041 1177 1193 1211 Decoris
1213 1176 1381 1211 scribens
1404 1179 1474 1213 Ca·
1540 1206 1545 1209 .

124 1233 227 1281 pitis.
270 1232 370 1265 Mox
400 1231 533 1266 Turio.
564 1230 668 1267 Flor.
694 1232 825 1280 Camp.
857 1232 955 1270 Jens.
986 1232 1087 1277 (nou
1108 1232 1228 1268 Goth.
1250 1245 1322 1267 err.
1345 1233 1473 1278 Gefn.)

125 1288 334 1324 nobiscum
373 1296 410 1322 et
439 1287 629 1323 omittunt
660 1297 746 1322 ante
778 1289 920 1333 dejecto
952 1301 1042 1323 cum
1071 1287 1174 1324 Alm.
1210 1299 1247 1324 et
1276 1288 1361 1323 edd.
1385 1300 1473 1325 ante

124 1344 214 1381 Ald.
263 1343 423 1391 Reliqui
453 1345 638 1379 inserunt.
681 1344 838 1388 dejectio
868 1343 955 1380 Ald.
983 1345 1176 1379 inclinatio
1198 1343 1326 1380 Guelf.
1350 1345 1471 1382 Goth.

125 1400 221 1449 (tac.
246 1401 385 1444 Gesn.)
415 1402 510 1435 Exc.
535 1403 688 1436 Samen.
718 1402 898 1448 languore
924 1401 1108 1449 praeduro
1129 1401 1313 1436 Ambr.2.
1337 1401 1467 1437 Guelf.

122 1459 216 1492 Exc.
241 1458 392 1491 Santen.
415 1458 550 1504 langor
569 1467 605 1492 et
621 1472 659 1506 p.
681 1457 799 1493 Goth.
821 1460 907 1499 (tac.
921 1457 1050 1505 Gesn.)
1073 1457 1253 1504 languens
1272 1472 1311 1505 p.
1337 1459 1470 1506 Camp.

123 1515 148 1550 l.
171 1528 200 1549 e.
221 1513 406 1562 praedura
428 1513 531 1549 Flor.
553 1514 675 1557 (idem
696 1514 817 1549 modo
833 1513 1004 1562 supina).
1028 1515 1187 1560 languor
1204 1527 1242 1561 p.
1265 1515 1363 1552 Jens.
1381 1526 1470 1549 cum

124 1571 210 1606 edd.
245 1580 330 1604 ante
353 1570 444 1605 Bad.
690 1569 770 1619 ipsa
797 1571 942 1605 actione
959 1589 1016 1597 —-
1034 1569 1214 1605 manibus.
1257 1572 1332 1604 Pro
1359 1570 1468 1606 hisce

122 1627 254 1662 Turio.
277 1625 380 1661 flor.
412 1625 491 1675 ipso
504 1624 675 1675 sermone
692 1641 738 1662 m.
759 1641 793 1662 u.
816 1641 845 1661 c.
864 1623 984 1674 gestus
1005 1641 1033 1662 c.
1057 1641 1105 1662 m.
1128 1637 1216 1660 cum
1240 1626 1372 1675 Camp.
1400 1628 1468 1674 qui

123 1694 251 1719 tamen
269 1680 372 1730 gestu
394 1682 468 1718 dat.
519 1685 581 1718 Ex
601 1683 702 1718 Alm.
728 1680 848 1730 gestus
866 1694 902 1718 et
923 1682 1073 1718 omiffio
1097 1681 1259 1729 copulae
1277 1683 1362 1731 post
1382 1697 1467 1718 con-

122 1741 260 1774 cordet.
323 1741 370 1773 In
399 1749 499 1774 tanta
522 1739 615 1774 haec
634 1739 936 1788 praeferentium
958 1740 1185 1774 auctoritate
1209 1752 1321 1786 aegre
1341 1741 1470 1786 patior

122 1795 213 1830 inde
234 1809 295 1830 me
317 1794 455 1830 divelli
478 1806 515 1830 et
535 1796 633 1830 hanc
657 1795 929 1830 comminiscor
948 1794 1142 1829 rationem
1162 1794 1466 1844 interpretandi:

122 1851 365 1899 „Quomodo
395 1851 637 1886 movendum
668 1853 714 1887 [it
741 1861 876 1898 caput,
905 1850 948 1885 id
979 1863 1026 1885 ex
1052 1850 1101 1885 iis
1132 1850 1224 1898 ipsis
1254 1864 1351 1900 quae
1379 1864 1470 1886 cum

121 1909 319 1948 „maxime
345 1907 528 1942 dicuntur
549 1910 611 1952 (ex
635 1907 713 1956 ipso
728 1901 918 1956 sermone)
940 1907 1123 1947 sumetur,
1145 1917 1201 1944 ut,
1235 1920 1322 1942 cum
1346 1908 1470 1955 gestus

122 1964 326 2007 „dicendis
361 1964 582 2012 quibusque
613 1964 844 2004 consentiat,
884 1963 1008 2011 ipsum
1035 1976 1194 2012 quoque
1217 1975 1332 2012 caput
1349 1964 1469 2004 idem,

122 2021 258 2069 „quod
282 2033 417 2055 manus
439 2031 476 2056 et
495 2020 639 2055 latera“
657 2024 765 2065 (nam
789 2033 830 2054 ea
852 2019 1000 2054 faciunt
1021 2015 1186 2067 gestum)
1205 2025 1357 2068 „agat.“
1394 2021 1470 2055 Sed

120 2077 278 2126 vulgata
310 2077 415 2112 haud
444 2077 566 2112 dubie>
584 2078 707 2125 magis
729 2076 951 2116 blanditur,
982 2089 1069 2111 cum
1091 2077 1312 2125 praesertim
1329 2075 1469 2124 sermo-

121 2147 204 2168 nem
234 2133 350 2168 illum
382 2147 429 2168 an
456 2145 558 2168 recte
588 2133 850 2169 intellexerim
877 2132 990 2168 valde
1007 2132 1198 2169 haeream.
1230 2132 1469 2181 consequatur

121 2191 219 2229 Jens.
245 2203 335 2226 cum
359 2190 444 2227 edd.
459 2190 619 2240 'postem
645 2201 731 2226 ante
744 2189 832 2226 Ald.
854 2198 891 2225 et
909 2190 1085 2225 lateribus
1097 2189 1215 2226 Goth.
1230 2193 1318 2235 (tac.
1333 2189 1463 2235 Gesn.)

177 2335 241 2383 69.
270 2337 421 2371 Decoris
439 2335 616 2384 illasunt.
655 2337 763 2371 Haec
821 2335 937 2372 toties
960 2337 1215 2384 agnovimus,
1247 2346 1464 2382 congruen-

109 2391 233 2441 ·prior
265 2393 315 2427 est
342 2393 530 2428 tractandi
560 2392 695 2442 capitis
718 2394 763 2427 in
820 2393 873 2434 di,
903 2394 1014 2428 velut
1039 2406 1100 2432 ιι,
1131 2405 1163 2434 ι,
1189 2398 1254 2434 4¹·

124 2448 276 2483 actione
289 2461 387 2496 pars,
406 2462 502 2484 mox
515 2449 545 2493 §.
563 2460 585 2494 7
597 2463 627 2484 1.
644 2463 763 2498 quan·
869 2448 1007 2498 supino
1039 2449 1271 2496 arrogantia.
1321 2447 1370 2483 cf·
1407 2448 1464 2484 in·

123 2514 207 2539 tum
222 2503 478 2552 significando
491 2507 616 2542 valeat
639 2516 763 2555 caput,
821 2505 972 2542 dicante
997 2506 1160 2540 Gesnero
1183 2505 1214 2549 ᾖ.
1243 2513 1331 2540 122.

124 2560 367 2597 demonstrat.
399 2563 516 2598 Decor
535 2575 660 2599 autem
680 2563 719 2598 h.
737 2562 764 2597 l.
879 2561 959 2611 ipsa
979 2561 1379 2601 accione—manibus.
1413 2561 1461 2598 cf.

123 2618 301 2655 consueta
316 2618 366 2652 est
385 2619 667 2667 significatione
679 2618 765 2667 pul·
820 2629 902 2655 not.
926 2619 1010 2656 crit.

122 2673 382 2716 chritudinis,
434 2689 514 2712 non
544 2689 608 2721 ea,
648 2688 766 2726 quam
