1779 3062
390 135 557 184 INST.
595 135 881 187 ORATOR.
924 134 1047 181 LIB.
1065 135 1178 194 XII,
1196 155 1198 157 ·
1219 148 1297 182 11.
1440 135 1544 199 689

179 276 234 316 et
251 262 532 332 desperent
553 275 674 315 ante
700 264 1147 331 experimentum.
1170 265 1280 334 Qui
1299 265 1541 331 primum

178 344 502 393 renuncient
539 342 668 400 fibi,
727 352 926 407 quanta
961 339 1029 391 [it
1066 341 1541 410 humanissingenii

177 422 279 480 vis,
320 437 479 486 quam
520 430 710 487 potens
736 416 1010 469 efficiendi
1043 436 1180 484 quae
1214 421 1372 470 velit:
1414 439 1540 472 cum

176 500 344 548 maria
383 500 625 556 transire,
666 496 904 548 siderum
945 495 1130 547 cursus
1171 515 1540 565 numerosque

177 574 512 643 cognoscere,
551 574 826 625 mundum
863 573 1043 641 ipsum
1082 592 1252 641 paene
1282 576 1540 637 dimetiri,

174 655 414 704 minores
436 652 524 704 sed
550 649 885 702 difficiliores
912 663 1045 701 artes
1065 654 1365 721 potuerint.
1393 659 1540 706 Tum

1571 277 1617 303 10

176 733 428 799 cogitent,
463 741 719 798 quantam
749 747 865 779 rem
894 741 1091 796 petant,
1119 747 1391 798 quamque
1408 734 1540 789 ,nul-
1595 764 1604 784 ;

172 810 259 860 lus
305 808 373 858 sit
418 809 524 859 hoc
573 807 854 877 proposito
906 809 1145 875 praemio
1192 809 1346 860 labor
1384 827 1539 861 recu-

170 886 381 939 sandus.
464 886 628 956 Quod
667 884 712 935 si
745 895 925 937 mente
966 888 1336 955 conceperint,
1402 888 1534 941 huic

170 1074 254 1102 'non
285 1065 571 1103 dubitavimus.
829 1075 867 1102 et
899 1065 1105 1116 desperent.
1139 1065 1142 1067 ’
1169 1067 1233 1104 Sic
1265 1068 1400 1104 Turic.
1430 1068 1537 1108 Flor.

171 1123 255 1168 (sed
285 1123 353 1160 hic
383 1123 569 1174 desperet)
600 1123 732 1161 Guelf.
763 1124 898 1175 Camp.
934 1139 977 1160 ac
998 1125 1044 1166 d.
1075 1124 1234 1174 reliqui.

294 1228 358 1251 ιο.
388 1218 692 1264 experimentum.
727 1225 805 1251 tum
837 1217 900 1265 qui
929 1217 1089 1263 primum
1119 1215 1254 1253 Turio.
1286 1216 1392 1254 Flor.
1435 1219 1535 1263 (nili

170 1272 283 1322 quod.
312 1272 379 1308 hic
409 1283 450 1308 tu
483 1275 563 1323 qui)
597 1273 726 1312 Guelf.
763 1274 859 1309 Exc.
892 1275 996 1308 Sant.
1029 1274 1161 1321 Camp.
1226 1277 1530 1323 experimentum.

169 1331 210 1366 1ιί
235 1344 291 1379 pr.
324 1328 426 1365 Alm.
490 1344 522 1365 e.
553 1345 711 1380 namque
741 1345 798 1379 pr.
833 1330 953 1365 Goth.
988 1330 1094 1368 Voff.
1130 1341 1169 1366 2.
1230 1345 1260 1367 e.
1294 1346 1451 1383 namque
1470 1336 1536 1384 qui

167 1402 226 1437 pr.
261 1387 361 1426 Jens.
395 1388 513 1424 Tarv.
574 1402 604 1423 e.
640 1387 714 1422 Sed
741 1388 780 1422 1ιί
806 1401 864 1435 pr.
897 1400 946 1422 ex
978 1387 1128 1423 emend.
1163 1388 1341 1424 Merulae
1369 1389 1532 1439 reliqui,

170 1457 254 1481 exc.
288 1444 386 1481 Obr.
420 1445 491 1493 qui
521 1446 702 1485 nostram,
736 1458 854 1493 quam
885 1444 1085 1480 manifesto
1111 1444 1288 1481 indicant
1310 1445 1407 1482 libri
1433 1449 1536 1497 opti·

169 1502 240 1538 mi.
489 1510 668 1552 quantum
699 1500 805 1538 Flor.
867 1502 1020 1537 humani
1048 1505 1195 1548 generis
1224 1502 1328 1539 Alm.
1362 1505 1461 1542 Jens.
1499 1516 1537 1542 et

170 1559 260 1595 edd.
292 1558 387 1607 post.
419 1569 506 1595 ante
535 1561 660 1595 Stoer.
689 1571 766 1595 acc.
798 1558 902 1595 Gibs.
946 1558 1117 1593 demetit-i
1143 1558 1249 1594 Flor.
1282 1562 1418 1610 Camp.
1468 1564 1533 1597 mi-

169 1628 279 1652 nores
309 1625 347 1651 et
377 1616 412 1652 d.
445 1614 575 1652 Guelf.
606 1615 710 1653 Voff.
747 1627 784 1652 2.
817 1615 937 1652 Goth.
966 1616 1066 1653 Jens.
1098 1613 1189 1662 (tac.
1222 1617 1352 1660 Gesn.)
1385 1629 1421 1654 et
1438 1618 1533 1668 post·

170 1683 258 1709 ante
288 1672 382 1709 Bad.
443 1674 611 1722 cogitant
640 1672 770 1710 Guelf.
830 1686 1045 1725 quanquam
1074 1671 1204 1709 Guelf.
1238 1686 1270 1710 c.
1302 1675 1410 1713 Voff.
1436 1687 1475 1713 2.
1523 1690 1528 1694 ·

167 1834 204 1879 ᾗ.
247 1829 341 1875 165.
380 1828 619 1880 crudeliffimt‘
652 1835 822 1869 taeterri-

165 1889 290 1938 mique
315 1888 451 1933 judicii
472 1889 640 1939 aliquam
662 1904 822 1937 parvam

883 1844 1044 1883 quoque
1082 1843 1165 1867 non
1195 1835 1430 1868 renunciatur
1458 1834 1534 1871 nisi

882 1889 991 1939 quod
1021 1888 1207 1924 nesciunt.
1268 1889 1372 1925 Hinc
1405 1897 1534 1939 neque

168 1945 538 1993 moram—afferre.
571 1945 662 1982 166.
687 1945 726 1996 si
741 1961 822 1983 -non

167 2001 374 2050 effugium,
407 2017 453 2037 ne
490 2016 633 2038 moram
673 2004 823 2052 quidem

167 2061 311 2095 mortis.
330 2072 404 2108 pro
427 2059 523 2096 Rab.
543 2061 650 2109 perd.
668 2069 706 2104 5.
724 2061 756 2105 ᾗ.
782 2068 820 2106 8.

168 2129 249 2152 cum
271 2117 322 2152 ad
343 2117 478 2162 judicii
503 2132 649 2153 moram
673 2117 823 2167 excusa-

169 2176 225 2209 tio
249 2183 495 2223 quaereretur.
521 2173 625 2211 flor.
639 2181 680 2221 4,
693 2174 823 2225 9.sc0-

167 2231 278 2279 palus
304 2241 340 2266 et
363 2231 485 2266 nodus
510 2241 545 2266 et
563 2246 668 2267 mora
679 2231 822 2282 securi-

166 2290 259 2324 tatis
277 2288 451 2336 publicae
474 2289 674 2325 Antonius.

230 2379 294 2403 10.
329 2361 646 2416 renuncientsibi.
685 2371 822 2420 „cogi-

165 2434 301 2467 „tent,
346 2424 611 2467 confiderent,
638 2427 708 2462 >ad
739 2428 822 2463 ani-

165 2494 306 2523 „mum
326 2492 516 2517 revocent
530 2487 555 2503 “
584 2483 635 2518 fic
662 2485 817 2520 Gesner.

166 2539 212 2574 in
234 2537 345 2574 Thes.
368 2539 450 2573 non
468 2534 671 2577 immerito
695 2540 821 2577 obser-

166 2606 262 2633 vatu
296 2595 462 2643 dignum
491 2595 599 2632 hunc
627 2598 737 2634 usum
761 2599 820 2634 di·

166 2665 270 2694 cens,
285 2653 400 2698 cujus
413 2651 536 2688 simile
552 2652 708 2690 aliunde
722 2668 820 2691 non-

167 2709 262 2746 dum
295 2708 456 2746 allatum
484 2709 546 2749 est.
604 2712 710 2753 Nam
728 2712 818 2752 aliis

228 2791 332 2828 Tom.
373 2790 445 2829 IV.

879 1946 982 1983 illud
1012 1944 1203 1985 satisfacit,
1235 1946 1344 1994 quod
1375 1959 1534 1983 annota-

879 2005 940 2040 vit
969 2001 1244 2051 Spaldingius,
1279 2002 1349 2038 effe
1379 2017 1454 2052 pro
1479 2019 1535 2040 re·

872 2060 1103 2111 spondeant.
1166 2060 1295 2107 Quare
1318 2059 1421 2096 mihi
1446 2062 1535 2110 qui-

884 2119 972 2154 dem
1004 2116 1149 2153 veritas
1179 2116 1299 2162 hujus
1323 2117 1535 2171 scripturae

881 2175 1063 2212 nondum
1083 2174 1125 2208 in
1146 2183 1231 2209 tuto
1257 2173 1318 2208 est.

939 2263 1050 2291 artes.
1098 2253 1241 2289 Nescio
1268 2253 1366 2301 quid.
1389 2253 1538 2291 accide-

880 2313 935 2349 rit
945 2314 1172 2347 Burmanno
1195 2310 1456 2347 accusativum
1469 2311 1538 2348 hie

880 2370 1037 2407 videnti
1065 2379 1102 2403 et
1129 2367 1172 2402 in
1195 2366 1367 2402 formula
1389 2367 1538 2418 poffum

881 2436 978 2464 arces
1014 2423 1204 2460 haerenti.
1274 2426 1385 2460 Artes
1415 2425 1534 2469 aliae,

880 2487 1041 2520 minores
1051 2481 1143 2517 illae
1165 2480 1356 2529 dignitate
1371 2495 1441 2521 nec
1452 2492 1535 2519 tan-

880 2553 965 2577 tum
990 2539 1196 2588 ingenium
1223 2537 1296 2572 sibi
1321 2539 1532 2586 poscentes,

879 2610 1104 2648 quanquam
1139 2593 1374 2642 difficiliores
1395 2609 1531 2645 perce.

877 2666 961 2706 ptu,
993 2656 1113 2690 maria
1131 2653 1285 2689 transire
1304 2662 1376 2690 cet.
1397 2663 1529 2703 pocuev

877 2721 974 2752 runt·

1013 2797 1088 2834 Xx

1567 904 1610 930 11
