1779 3062
444 141 602 186 INST.
643 140 922 187 ORATOR.
954 143 1076 187 LIB.
1111 143 1196 200 XI,
1231 155 1278 199 5.
1433 156 1529 201 553

187 268 556 320 affirmaverim
605 266 728 332 plus
772 259 1077 317 'habituram
1119 269 1216 318 effe
1257 272 1531 328 momenti,

186 362 346 413 quam
371 345 628 412 optimam
653 342 836 391 eadem
859 346 950 393 illa
980 345 1295 397 destitutam.
1357 349 1532 413 Siqui-
1554 348 1578 385 6

185 425 307 473 dem
329 433 380 471 et
404 419 805 478 Demosthenes,
839 425 965 484 quid
983 420 1110 496 effer?
1131 427 1180 472 in
1204 436 1310 475 coto
1336 426 1534 474 dicendi

183 517 340 566 opere
379 503 633 565 primum,
687 499 1070 564 interrogatus,
1121 506 1535 566 pronunciationi

179 578 414 643 palmam
440 577 604 635 dedit,
638 575 922 641 eidemque
929 573 1219 648 secundum
1243 597 1299 628 ac
1327 583 1535 629 tertium

183 656 375 713 locum,
411 655 581 704 donec
615 654 678 701 ab
714 670 777 702 eo
809 655 991 718 quaeri
1012 654 1296 705 desineret:
1338 667 1397 705 ut
1420 673 1536 705 eam

184 732 362 781 videri
383 729 548 798 poss'et
569 749 683 780 non
703 732 1059 797 praecipuam,
1097 731 1187 782 sed
1206 733 1371 783 solam
1393 738 1408 793 j
1417 733 1536 782 udi-

36 864 42 868 „
94 822 174 865 998
189 808 339 858 caffe:
392 809 623 872 ideoque
657 806 768 874 ipse
799 818 904 856 tam
934 808 1220 875 diligenter
1256 811 1400 876 apud
1429 813 1535 859 An·
1557 833 1582 868 7

186 887 472 937 dronicum
500 887 836 952 Hypocriten
864 884 1097 948 studuit,
1139 898 1201 936 ut
1231 888 1540 937 admiranti·-

184 965 288 1015 bus
332 967 446 1026 ejus
492 963 790 1013 orationem
832 963 1064 1015 Rhodiis
1107 982 1222 1016 non
1265 967 1540 1016 immerito

274 1109 311 1148 6.
342 1110 489 1146 dicendi
520 1123 644 1159 opere.
677 1110 805 1147 Guelf.
829 1111 866 1147 d.
892 1124 1036 1159 genere.
1065 1111 1187 1148 Goth.
1220 1126 1356 1160 gener-e
1386 1113 1422 1149 d.
1448 1126 1539 1149 cum

185 1168 293 1208 Voss.
318 1180 354 1204 2.
382 1178 418 1203 et
441 1166 526 1202 edd.
550 1181 570 1201 a
592 1167 690 1205 Jens.
713 1178 798 1203 ante
817 1168 904 1204 Ald.
928 1181 1036 1216 opere
1057 1169 1205 1204 dicendi
1225 1168 1325 1206 Vall.
1344 1170 1538 1208 Ald.Bad.

186 1226 289 1261 Mox
301 1223 484 1274 summum
505 1236 577 1272 pro
594 1226 752 1271 primum
770 1225 868 1263 Jens.
891 1237 980 1259 cum
999 1224 1083 1259 edd.
1108 1224 1266 1274 posterr.
1283 1235 1368 1260 ante
1383 1226 1535 1275 Grypll.

188 1293 263 1317 acc.
291 1281 387 1316 Obr.
427 1283 524 1314 Item
549 1280 678 1327 palam
696 1280 831 1315 Ambr.
857 1290 893 1316 2.
922 1279 1048 1315 Guelf.
1073 1294 1162 1316 cum
1182 1284 1299 1317 Bern.
1325 1283 1442 1317 eidem
1459 1285 1538 1319 Tu·

185 1338 256 1374 ric.
288 1339 391 1373 Tum
411 1335 586 1382 definiret
600 1337 733 1385 Camp.
765 1336 914 1386 desierit
933 1337 1052 1372 Goth.
1076 1338 1253 1376 Verbum
1273 1341 1401 1388 quaeri
1423 1340 1539 1376 omit-

187 1405 276 1432 tunt
300 1393 401 1433 Voss'.
434 1408 469 1428 ι.
495 1402 532 1438 5.
575 1395 678 1429 Mox
699 1394 816 1430 Goth.
843 1396 931 1440 (tae.
959 1394 1089 1440 Gesn.)
1110 1393 1226 1445 poffit
1241 1408 1313 1444 pro
1334 1395 1465 1445 poffec.

268 1508 306 1542 7.
341 1497 507 1545 ideoque.
535 1496 667 1532 Turio.
704 1495 809 1531 Flor-
845 1496 928 1531 ideo
954 1509 1044 1531 cum
1067 1495 1170 1532 Alm.
1406 1501 1542 1549 Hypo-

186 1557 311 1591 ericen.
342 1553 402 1589 Sic
430 1554 544 1588 Bern.
571 1554 732 1601 Capper.
756 1553 954 1602 hypocrite
980 1553 1084 1588 Flor.
1111 1551 1280 1602 Ipocric?
1297 1555 1424 1591 Guelf.
1449 1558 1543 1604 Hip·

180 1620 376 1662 poc-ratem
412 1609 531 1646 Goth.
564 1610 662 1648 Jens.
700 1610 816 1646 Tarv.
850 1610 1126 1659 hyppam-atum
1157 1611 1264 1648 Voss'.
1302 1621 1339 1647 2.
1382 1613 1545 1662 Reliqui

250 1737 287 1773 6.
332 1745 369 1771 ει·
404 1733 662 1784 Demosthenes
686 1756 740 1765 —-
763 1750 838 1772 non

192 1795 373 1829 immerito
396 1792 602 1841 Aeschines.
660 1796 838 1829 Demon-

897 1735 1035 1778 dentis,
1058 1735 1239 1784 ablegans
1262 1736 1309 1772 atl
1333 1736 1545 1775 Columell.

899 1792 921 1827 6
944 1806 1002 1840 pr.
1031 1800 1090 1835 5.,
1133 1802 1170 1827 et
1198 1793 1368 1829 Minoris
1401 1794 1447 1828 de
1477 1795 1546 1830 [110

191 1851 306 1887 strant
326 1850 419 1884 DD.
443 1851 529 1889 VV.
551 1849 634 1884 loca
660 1850 705 1886 de
730 1849 839 1885 hisce

191 1918 392 1943 veterum:
432 1906 514 1942 Cic.
547 1906 593 1941 de
617 1906 685 1942 Or.
711 1916 747 1950 5.
775 1906 838 1948 56.

191 1963 293 2000 Plin.
317 1964 366 1998 H.
388 1963 440 1997 N.
463 1972 485 2004 7
500 1989 511 2004 ,
539 1971 604 2006 30.
626 1963 712 2001 Val.
735 1965 841 1998 Max.

162 2049 164 2052 .
192 2028 241 2066 g,
271 2033 334 2056 ιο.
374 2018 474 2056 Plin.
498 2020 632 2068 Epifit.
656 2030 692 2061 2,
713 2029 749 2063 5,
777 2032 839 2055 10.

194 2085 232 2121 4,
263 2084 298 2120 5,
325 2088 359 2111 1.
397 2075 592 2113 Plutarch.
617 2077 660 2111 in
684 2076 779 2112 vitis
804 2076 840 2111 X

190 2134 309 2170 rliett.
346 2132 527 2169 Philostr.
570 2134 616 2168 de
645 2133 741 2168 vitis
772 2136 840 2168 So-

191 2189 322 2240 phistt.
348 2202 364 2222 1
382 2216 392 2229 ,
424 2202 473 2238 19
488 2216 499 2230 ,
523 2197 559 2233 5.
581 2190 723 2225 Auson.
747 2192 842 2225 Pro-

193 2246 320 2283 fess'or.
351 2259 394 2286 1,
422 2256 484 2294 19.
530 2246 715 2282 Photium
738 2246 845 2285 Bibl.

195 2318 234 2339 n.
258 2302 325 2338 61.
355 2316 392 2350 p.
417 2312 483 2347 29.
515 2303 680 2338 Hoefch.
701 2303 844 2339 Hiero-

196 2373 304 2407 nym.
335 2358 378 2393 in
400 2360 519 2407 praef.
543 2358 657 2395 bibll.
680 2360 727 2395 ad
747 2363 844 2395 Pau-

196 2415 340 2452 linum.
385 2415 498 2450 Illam
518 2416 734 2458 rationem,
769 2431 844 2466 qua

200 2472 329 2508 omnis
347 2470 458 2507 locus
481 2472 601 2508 alicui
620 2473 680 2508 rei
702 2473 844 2509 tribui-

200 2539 278 2569 tur,
296 2527 533 2575 elegantibus
556 2529 744 2577 exemplis
755 2530 848 2566 illu-

199 2585 290 2620 strat
300 2585 487 2620 Gesnerus
500 2586 656 2621 Catonis
667 2587 847 2633 lssajoris,

197 2641 390 2690 primum,
419 2641 596 2684 alterum,
624 2643 785 2678 tertium
803 2644 848 2680 in

199 2710 243 2734 re
265 2696 402 2735 rustica
421 2697 571 2750 pascere
597 2700 668 2736 effe
689 2700 846 2750 respon·

899 1861 989 1896 erga
1008 1848 1166 1883 fratrem
1185 1861 1330 1891 amore,
1350 1849 1548 1888 Plutarch.

898 1904 942 1940 in
968 1906 1049 1941 Cat.
1080 1919 1119 1954 p.
1146 1906 1242 1950 761.

958 2027 995 2061 7.
1026 2019 1279 2057 Andronicum
1302 2023 1549 2071 Hypocricen.

897 2100 922 2116 ‚‚
936 2075 1114 2123 Satyrum
1127 2079 1306 2114 nominat
1318 2078 1551 2117 Plutarchus

898 2145 937 2180 p.
966 2132 1083 2175 1556.
1110 2134 1167 2183 (p.
1199 2142 1293 2183 849.
1318 2136 1476 2181 Wech.)
1506 2136 1552 2173 in

900 2189 983 2224 vita
1020 2190 1193 2236 majore:
1245 2193 1307 2227 sed
1339 2193 1379 2227 in
1411 2206 1450 2227 ea
1475 2206 1550 2242 qua

902 2258 1048 2281 novem
1099 2247 1277 2297 reliquos
1322 2249 1552 2298 complexus

905 2302 983 2337 est“
1001 2301 1120 2351 (quae
1138 2305 1222 2341 sane
1235 2306 1284 2340 cst
1295 2305 1553 2342 Pseudo-Plu-

904 2360 1060 2402 tarchi)
1095 2375 1171 2410 „p.
1204 2370 1322 2404 1552.
1366 2365 1430 2410 (p.
1455 2369 1554 2408 344.

902 2415 1073 2465 Wech.)
1112 2419 1425 2465 Neoptolemum;
1476 2422 1555 2456 An-

902 2472 1093 2509 dronicum
1135 2474 1306 2523 denique
1343 2476 1479 2511 eodem
1508 2475 1554 2512 in

906 2528 997 2566 loco
1020 2533 1082 2579 (p.
1098 2533 1219 2577 845.)
1246 2532 1317 2567 ubi
1339 2533 1453 2568 ctiam
1476 2544 1553 2569 tres

904 2586 992 2622 illas
1025 2587 1072 2622 de
1115 2588 1267 2623 actione
1298 2590 1323 2623 s.
1354 2588 1555 2640 hypocrifi.

903 2643 1169 2692 responsiones
1224 2656 1385 2684 enarrat.
1398 2652 1423 2668 ‘⁶
1464 2647 1554 2685 Ges-

902 2713 1032 2739 uerus·
