1779 3062
423 185 586 233 INST.
623 187 900 234 ORATOR.
937 187 1058 232 LIB.
1095 186 1206 241 ΧΠ,
1244 197 1286 238 3.
1423 195 1519 240 557

189 323 300 362 tero
336 310 633 377 petiturus?
672 329 834 377 paene
867 329 977 361 non
1012 311 1262 361 dissimilis
1294 311 1384 368 iis,
1425 310 1518 374 qui

188 393 461 456 poetarum
508 386 692 451 scripta
744 391 1113 451 pronunciant.
1201 389 1340 436 Nam
1384 404 1518 451 quo·
1559 395 1582 421 2

190 462 479 514 dammodo
512 463 755 510 mandata
791 464 1042 526 perferet,
1081 474 1132 512 et
1156 480 1231 516 ea,
1272 480 1405 523 quae
1430 461 1528 508 fibi

191 557 219 588 a
259 540 435 601 judice
483 538 624 588 credi
658 537 1017 602 postulaturus
1067 536 1163 590 est,
1207 537 1371 583 aliena
1419 535 1529 582 fide

193 615 357 664 dicet:
438 626 491 662 et
525 614 633 674 ipse
668 612 991 673 litigantium
1040 612 1318 659 auxiliator
1357 612 1529 674 egebit

195 689 409 738 auxilio.
469 685 628 752 Quod.
662 696 720 732 ut
745 683 866 733 fieri
896 703 1284 751 nonnunquam
1325 690 1532 735 minore

196 760 541 810 incommodo
583 759 758 827 possit,
816 778 937 810 curn
981 762 1129 809 dorni
1174 774 1440 826 praecepta
1483 771 1535 808 et

204 835 505 903 composita,
527 848 577 884 et
606 835 740 885 sicut
773 849 955 895 cetera,
984 854 1120 901 quae
1147 839 1204 886 in
1229 837 1377 886 causa
1399 837 1536 895 sunt,

318 1013 355 1038 2.
387 1001 604 1036 Turicensis
635 1015 709 1036 non
739 1002 830 1039 dans
859 1015 931 1050 pro
964 1003 1061 1038 Nam
1092 1001 1321 1038 auctoritate
1363 1003 1422 1037 sua
1453 1015 1540 1050 pae-

201 1074 250 1098 ne
278 1058 471 1108 persuasit.
533 1057 606 1091 Sed
647 1058 775 1106 aptius
816 1070 942 1095 tamen
979 1059 1186 1094 videbatur
1217 1058 1359 1093 causam
1392 1058 1541 1103 subjici,

203 1129 321 1166 quare
354 1124 429 1149 tam
463 1113 599 1149 similis
641 1114 731 1149 effet
766 1125 950 1163 patronus
981 1116 1079 1162 juris
1111 1113 1239 1150 civilis
1279 1114 1436 1162 ignarus
1478 1127 1543 1149 co·

205 1171 349 1209 moedo
392 1168 513 1205 aliena
551 1171 841 1218 pronuncianti.
908 1171 1088 1219 perferret
1129 1170 1259 1206 Turio.
1299 1170 1404 1206 Flor.
1445 1170 1544 1208 Jens.

209 1231 298 1275 (tac.
330 1227 458 1271 Getn.)
489 1240 521 1260 c.
553 1226 654 1263 Voff.
696 1240 730 1260 1.
757 1236 793 1270 5.
835 1227 987 1276 perfert,
1020 1227 1152 1262 ‘omiffa
1184 1226 1319 1274 copula
1344 1235 1389 1266 et,
1413 1228 1545 1274 Camp-

210 1294 248 1321 ει
283 1298 327 1319 ea
366 1293 443 1317 om.
484 1282 599 1317 Tarv.
639 1283 734 1317 Loc.
775 1285 871 1320 Vcn.
904 1284 1011 1318 Ruso.
1059 1284 1132 1319 Sed
1162 1282 1258 1335 Jens.
1290 1296 1360 1330 pro
1392 1282 1452 1318 his
1486 1284 1548 1317 dat

213 1353 341 1390 eaque.
403 1339 601 1386 quodquod
630 1346 669 1373 ut
692 1337 786 1386 fieri
814 1340 944 1374 Turio.
979 1351 1049 1374 nec
1088 1338 1199 1374 aliter
1228 1338 1329 1373 Alm.
1371 1336 1548 1385 (errante

213 1398 256 1432 in
287 1395 519 1442 compendio
548 1396 716 1438 Burm.).
777 1396 875 1444 quod
903 1394 1131 1443 autemfieri
1160 1393 1286 1430 Guelf.
1309 1407 1395 1429 cum
1423 1407 1544 1442 marg.

212 1451 324 1489 Basil.
384 1451 483 1501 Quid
523 1450 620 1498 quod
653 1450 744 1499 fieri
786 1453 917 1501 Camp.
951 1465 981 1486 c.
1017 1452 1128 1487 Bodl.
1163 1450 1362 1485 Andreana
1394 1462 1430 1486 et
1461 1451 1547 1487 edd.

214 1504 300 1544 ante
331 1505 419 1543 Ald.
450 1506 517 1554 qui
548 1506 714 1556 Quodsi
741 1507 839 1555 fieri.
904 1508 975 1543 Sed
1015 1508 1124 1558 Quod
1165 1516 1205 1541 ut
1235 1505 1332 1553 ferri
1371 1507 1473 1543 Voss'.
1515 1522 1550 1543 1.

215 1566 315 1601 Mox
344 1561 491 1611 possunt
521 1563 650 1609 Camp.
684 1565 753 1611 qui
781 1575 818 1599 et
845 1573 1032 1612 percepta.
1095 1573 1131 1598 et
1161 1563 1219 1611 fit
1257 1573 1295 1597 ut
1334 1573 1429 1597 certa
1459 1577 1551 1610 quae

216 1620 347 1656 Turio.
377 1619 480 1654 flor.
512 1627 548 1653 et
580 1627 618 1652 ut
642 1618 698 1667 fit
727 1628 824 1655 certa
855 1634 888 1668 q.
921 1621 1053 1668 Camp.
1113 1622 1158 1654 In
1199 1617 1357 1665 vulgata
1385 1617 1484 1666 sicut
1514 1628 1550 1654 ec

217 1684 476 1724 transponunt
527 1676 649 1711 Stoer.
698 1675 863 1712 Chouet.
913 1676 1024 1712 Leid.
1071 1675 1174 1711 Gibs.
1214 1675 1347 1710 Burm.
1392 1675 1554 1724 Capper.

220 1731 320 1768 Cum
351 1732 393 1766 in
421 1730 584 1765 minutis
616 1731 721 1768 hisce
751 1731 921 1780 plurima
952 1732 1101 1768 turbata
1132 1731 1222 1769 [int.
1263 1741 1406 1766 rectam
1436 1732 1556 1766 ratio-

220 1801 309 1824 nem
341 1787 495 1823 servasse
527 1787 684 1823 videtur
714 1789 931 1836 Campanus
975 1792 1049 1831 (et,
1091 1798 1130 1822 ut
1153 1787 1228 1834 fit,
1270 1795 1368 1822 certa
1398 1800 1490 1834 quae
1517 1789 1554 1821 in

221 1858 250 1879 c.
275 1844 343 1893 J.).
403 1844 486 1889 Qua
526 1842 709 1891 scriptura
751 1844 905 1879 admissa
936 1844 1140 1892 participia
1166 1843 1231 1877 ista
1264 1843 1312 1876 sat
1342 1843 1554 1883 numerosa,

222 1910 268 1935 ut
303 1909 519 1949 praecepta,
561 1898 784 1948 composita,
830 1901 926 1937 sicut
967 1910 1004 1934 et
1035 1913 1131 1935 mox
1169 1908 1285 1936 certa,
1318 1899 1556 1947 accipiantur

223 1969 296 2005 pro
327 1955 553 1991 nominibus
585 1955 838 1997 substantivis,
869 1957 1018 2004 cognita
1048 1966 1186 1994 autem,
1214 1965 1394 2002 tanquam
1418 1967 1558 1990 verum

224 2012 490 2061 participium,
525 2011 739 2060 applicetur
769 2012 831 2047 illi
859 2022 967 2048 certa.
1028 2012 1169 2053 „Fieri
1211 2011 1330 2059 potest
1370 2011 1447 2046 sine
1479 2025 1559 2047 ma-

226 2081 331 2117 ‚.gno
363 2068 628 2107 incommodo,
674 2078 720 2103 ut
749 2067 893 2110 aliena,
925 2069 1071 2115 sibique
1101 2066 1257 2103 aliunde
1289 2067 1437 2108 tradita,
1469 2081 1560 2116 pro·

226 2124 414 2166 „nanciet
440 2135 569 2160 orator
600 2135 787 2173 quatenus
818 2138 914 2174 quae
946 2139 965 2160 a
985 2123 1181 2172 litigatore
1212 2124 1320 2159 domi
1340 2128 1564 2174 praecepta“

231 2247 461 2296 Sulpicium,
495 2248 631 2284 orandi
656 2248 739 2298 post
763 2250 870 2286 Cice·
928 2249 1104 2284 'nunciant
1122 2248 1148 2283 i.
1171 2247 1394 2289 histriones,
1427 2261 1565 2297 operae

231 2315 367 2338 renem
418 2305 655 2353 principem,
722 2317 870 2348 narrat,
929 2304 1048 2340 modo
1079 2305 1266 2345 scenicae,
1319 2316 1397 2339 non
1431 2318 1566 2340 eorum

237 2359 410 2394 consulto
461 2373 479 2394 a
518 2361 549 2396 se
589 2361 792 2410 aliquoties
826 2364 872 2398 de
931 2374 1025 2408 quae
1051 2361 1184 2395 dicunt
1209 2367 1382 2395 auctores
1404 2361 1485 2410 ipsi.
1514 2363 1568 2397 lta

236 2415 322 2461 jure
353 2417 398 2461 Q.
434 2417 568 2452 Mucio
599 2428 636 2452 et
659 2433 793 2468 parum
817 2420 874 2454 in·
931 2417 993 2452 his
1023 2417 1144 2452 aliena
1169 2415 1310 2464 scripta
1341 2417 1478 2453 tribuit
1500 2431 1568 2454 110·

239 2469 407 2512 telleem,
440 2473 576 2509 deinde
608 2475 652 2510 ab
687 2475 763 2511 hoc
793 2476 872 2524 ipso
932 2472 1000 2507 ster
1023 2474 1058 2511 6-
1082 2483 1117 2513 2,
1142 2479 1206 2516 55·

239 2537 399 2575 propter
416 2529 780 2578 ignorantiamjuris
793 2544 876 2566 cor-
993 2539 1028 2564 2.
1062 2529 1182 2576 egebit
1209 2529 1360 2564 auxilio.
1420 2528 1571 2565 Similia

243 2593 416 2630 mptum,
450 2596 572 2621 totum
600 2588 632 2622 se
659 2588 739 2634 juri
765 2586 877 2624 civili
935 2585 1052 2620 habes
1072 2585 1108 2625 6,
1128 2591 1165 2631 4,
1186 2585 1222 2620 6.
1247 2593 1282 2626 7.
1309 2585 1390 2626 ubi,
1415 2598 1458 2623 ut
1475 2599 1572 2622 mox

243 2638 420 2676 discendo
443 2641 647 2678 tradidisse.
938 2641 1003 2676 hic
1023 2653 1192 2690 quoque,
1226 2643 1391 2678 minores.

301 2699 364 2744 qui
403 2704 596 2745 poffcarum
624 2699 765 2750 scm-'pta
792 2713 878 2749 pro-
1023 2711 1100 2732 cum
1131 2698 1235 2733 domi
1255 2716 1312 2729 -—.
1340 2699 1391 2734 ad
1417 2700 1578 2745 judicem
