1779 3062
461 157 630 204 INST.
669 152 952 208 ORATOR.
978 155 1114 205 Lm.
1152 157 1265 215 ΧΠ,
1298 164 1346 206 ΩᾹ

225 277 472 337 tractatus
522 286 680 350 aequi
724 303 781 334 ac
815 286 947 335 boni
987 286 1299 354 reperiatur.

229 405 291 432 tur
309 395 607 444 interpretando
628 394 691 429 illi
705 395 887 443 colligan-

211 460 292 498 tur
322 451 523 488 inservire.
594 452 765 487 Tantum
798 452 887 486 uni-

234 511 379 558 cnique
399 508 547 557 liqueat
558 507 704 544 necesse
727 508 794 544 est:
815 510 888 543 Re-

233 567 437 602 censentur
450 566 597 601 diversa
613 565 811 600 causarum
825 577 889 613 ge—

231 637 345 664 nera,
379 633 416 658 et
434 622 595 671 quidem
614 621 726 658 status
745 621 783 671 ι)
797 634 889 657 con-

233 679 435 728 jecturalis
450 681 498 724 (c.
516 682 769 728 quaerantur),
788 680 830 724 2)
844 679 891 714 fi·

234 737 390 778 nitivus
420 735 474 785 (f.
504 736 810 781 concludantur),
846 737 888 781 3)

234 793 374 843 legalis
397 794 443 839 (j.
459 792 892 842 summovearztur).Hu-

237 849 301 898 jus
326 850 487 899 quidem
516 849 623 886 tertii
657 848 766 886 status
797 861 895 885 mox

239 906 414 955 singulae
450 906 694 955 quaestiones
737 919 892 955 compa-

239 974 347 1000 rent:
367 966 407 1007 1)
425 962 669 1011 syllogismus
700 964 796 1012 (alia
821 964 896 1000 col·

241 1021 422 1068 ligantur,
435 1020 483 1055 cf.
499 1019 567 1055 lib.
587 1030 623 1064 7.
640 1033 670 1055 c.
693 1022 761 1067 8.),
787 1023 826 1065 2)
840 1020 894 1055 le-

241 1082 310 1126 ges
343 1077 558 1113 contrariae
588 1075 698 1126 (ipsa
735 1081 829 1113 incer
852 1075 899 1126 se

241 1143 475 1175 concurrant,
504 1134 551 1169 cf.
577 1133 646 1169 lib.
667 1144 702 1176 7.
717 1149 798 1185 cap.
821 1136 894 1179 7·)‚

244 1192 292 1240 5)
336 1190 579 1240 amphibolia
625 1193 682 1235 (in
713 1191 896 1240 diversum

243 1248 491 1296 cimbiguitate
502 1247 694 1289 ducantur,
710 1249 757 1284 cf.
776 1249 891 1293 lib.7.

237 1294 327 1353 Acap.
352 1307 425 1353 9.).
487 1306 532 1339 In
553 1305 642 1346 hoc,
663 1306 735 1353 qui
754 1307 898 1354 agitur,

245 1360 360 1397 censu
383 1362 581 1398 causarum
609 1361 722 1398 facile
753 1362 898 1399 deside-

245 1429 307 1455 res
345 1413 393 1471 1)
429 1419 629 1469 qualitatis
662 1420 821 1462 statum,
855 1421 899 1464 2)

247 1475 514 1525 quaestionem
536 1476 703 1524 legalem
712 1476 849 1528 scripti
865 1487 902 1513 et:

249 1532 463 1568 voluntatis.
490 1533 558 1577 (cs.
580 1532 650 1568 lib.
674 1544 709 1576 7.
739 1548 820 1583 cap.
843 1535 900 1579 6.)

248 1591 302 1628 Et
329 1589 440 1638 prior
469 1589 630 1638 quidem
656 1591 832 1627 consulto
858 1591 907 1627 est

249 1647 553 1695 praetermissus,
584 1659 681 1683 mox
705 1649 907 1697 proferen-

253 1702 325 1739 dus
345 1703 387 1739 in
406 1702 510 1739 illis:
547 1705 809 1753 Flet-asque—
823 1720 908 1742 con-

245 1757 393 1809 szflant.
454 1761 596 1809 Neque
630 1763 737 1796 enim
769 1762 908 1798 attine-

255 1817 324 1854 bat
361 1816 553 1866 probare,
614 1818 814 1867 qualitatis
842 1819 908 1854 sta-

257 1884 344 1910 tum
374 1873 554 1922 indigere
580 1877 798 1925 praeceptis
821 1876 910 1925 phi-

257 1930 459 1980 losophiae
481 1930 657 1973 moralis,
680 1932 789 1981 quod
800 1934 912 1982 spon-

258 1998 297 2023 te
321 1987 573 2036 intelligitur.
604 1990 667 2024 De
690 1988 759 2026 illa
781 1999 913 2026 autem

261 2045 499 2093 quaestionis
530 2044 666 2093 legalis
701 2044 847 2096 (scripti
879 2054 914 2082 ee

259 2101 484 2146 voluntatis)
518 2103 739 2146 omissione,
760 2104 834 2140 alia
852 2117 914 2140 res

264 2157 329 2194 est:
386 2160 442 2193 Ea
472 2159 653 2208 profecto
679 2174 808 2198 carere
834 2174 916 2198 non

199 2207 202 2210 ¹
263 2225 419 2266 poterat
449 2215 544 2251 haec
575 2220 841 2261 enumeratio,
872 2228 918 2254 ut

267 2272 358 2307 effet
379 2272 542 2322 integra.
607 2274 760 2321 Quibus
783 2277 836 2312 ita
857 2284 917 2311 ac-

267 2340 421 2371 curate,
454 2340 499 2365 ut
528 2330 689 2379 quidem
721 2333 827 2369 mihi
858 2333 917 2367 vi-

271 2385 382 2427 deor,
409 2387 621 2436 perpensis,
653 2404 698 2427 eo
729 2391 916 2431 adducor,

267 2453 315 2478 ut
332 2440 467 2492 aliquo
495 2445 616 2480 modo
650 2448 831 2484 obrutam
860 2449 919 2483 su·

269 2499 393 2550 spicer
434 2500 555 2548 hujus
593 2505 714 2551 partis
749 2505 919 2541 mentio-

269 2570 383 2598 nem,
415 2571 513 2606 quae
544 2558 590 2594 ab
620 2561 704 2610 ipso
733 2562 921 2611 scriptore

271 2614 380 2651 haud
400 2614 520 2651 dubie
543 2616 663 2652 fuerit
682 2618 791 2655 facta.
818 2620 924 2656 Nam

271 2673 394 2708 verba
416 2674 475 2708 vel
497 2672 765 2721 transferantur
776 2688 925 2711 meram

272 2728 438 2779 glossam
482 2731 742 2781 interpretor,
795 2732 926 2785 profe-

1487 169 1586 217 523

1393 287 1592 338 Pleras-
1601 302 1603 306 ·

946 406 1046 432 etam
1085 395 1196 432 illam
1238 397 1283 434 ab
1320 398 1522 445 ejusmodi
1547 398 1595 435 li-

945 454 1091 495 brario,
1153 453 1309 503 qualem
1367 455 1597 504 scriptorem

948 510 1241 556 Quintilianum
1256 513 1595 561 Cappe1·011nerius

947 566 1126 603 credidit.
1208 569 1369 605 Accedit
1409 570 1516 617 quod
1546 584 1598 606 ne

945 622 1088 671 probat
1140 624 1302 672 quidem
1347 625 1600 673 transferendi

948 678 1250 726 appellationem
1288 683 1415 718 noster
1450 683 1495 718 in
1528 683 1600 720 hac

947 748 1000 770 re.
1028 735 1074 769 cf.
1103 746 1138 780 5,
1163 736 1204 777 6,-
1223 738 1403 786 68—34.
1461 739 1603 775 Sedril-

947 791 1018 827 lud
1041 805 1199 840 quoque
1221 795 1264 829 in
1286 795 1405 831 nostri
1419 794 1499 831 loci
1513 796 1603 831 scri·

951 860 1067 899 ptura
1119 843 1324 899 displicet,
1368 852 1477 902 quod
1525 853 1605 889 alia

953 906 1219 955 praemittitur
1262 909 1386 945 verbo
1420 909 1605 958 colligan-

955 974 1024 999 tur.
1084 967 1253 1012 Apparet
1294 966 1412 1008 enim,
1448 967 1609 1014 quoties

953 1022 1033 1058 alia
1058 1020 1124 1056 hic
1155 1031 1344 1068 ponatur,
1377 1036 1528 1058 novum
1562 1022 1610 1057 si-

954 1077 1137 1127 gnificari
1188 1078 1348 1121 statum;
1409 1079 1608 1125 cujusmo-

955 1136 997 1172 di
1035 1134 1142 1170 nihil
1183 1134 1233 1170 est
1274 1135 1340 1174 int·
1371 1137 1585 1183 colligendo
1596 1161 1615 1177 ,.

955 1206 1035 1241 quo
1077 1192 1221 1240 speeies
1264 1203 1424 1228 tantum
1476 1193 1612 1242 aliqua.

954 1248 1143 1298 legalium
1167 1248 1434 1296 quaestionum
1447 1250 1611 1286 demon-

957 1307 1097 1342 stratur
1147 1305 1174 1340 i.
1205 1304 1468 1355 syllogismus.
1530 1307 1612 1343 Ne·

959 1374 1035 1413 que
1058 1362 1136 1398 hoc
1164 1362 1330 1398 attendit
1352 1365 1399 1405 is,
1423 1365 1494 1412 qui
1515 1364 1615 1405 alioff

959 1419 1030 1469 qui
1054 1420 1139 1455 satis
1163 1418 1261 1455 bene
1291 1422 1462 1457 versatus
1496 1419 1546 1457 est
1569 1422 1614 1458 in

958 1478 1036 1514 hoc
1060 1475 1177 1515 loco,⁴
1196 1477 1421 1524 Gedoynus‚
1456 1478 1531 1513 Sed
1553 1479 1626 1514 vi:

964 1535 1023 1570 sus
1051 1532 1100 1569 est
1140 1531 1214 1568 fibi
1243 1535 1435 1580 majorem
1475 1535 1540 1571 hic
1577 1549 1624 1582 af

966 1585 1149 1640 gnoscere
1170 1588 1418 1631 divifionem,
1450 1591 1619 1629 reddens

966 1649 1042 1684 ita:
1106 1647 1161 1683 les
1197 1655 1322 1682 autres
1346 1646 1448 1695 enfin
1470 1646 1537 1697 sur
1563 1649 1618 1684 les

966 1706 1059 1746 lofx,
1090 1704 1185 1739 dont
1207 1717 1255 1739 on
1271 1704 1354 1753 fuit:
1376 1707 1456 1740 voit·
1474 1705 1513 1740 la
1533 1705 1620 1741 [ἰαί-

959 1761 1035 1812 son
1075 1774 1163 1796 avec
1194 1761 1230 1795 le
1262 1761 1343 1809 fait
1374 1775 1419 1796 en
1453 1759 1621 1812 question

967 1832 1040 1867 par
1057 1825 1146 1854 vo't'e
1174 1816 1220 1852 de
1242 1817 1476 1867 sylogisme;
1533 1819 1622 1867 plu·

968 1875 1070 1911 rima
1109 1873 1179 1910 ille
1213 1874 1259 1910 de
1298 1875 1365 1910 suo
1398 1875 1542 1911 addens
1572 1878 1646 1913 ad'

968 1929 1178 1982 praecisam
1201 1931 1402 1981 scriptoris
1426 1932 1548 1968 nostri
1579 1935 1624 1971 in

969 1990 1049 2025 hoc
1070 1988 1160 2024 loco
1179 1987 1426 2025 brevitatem
1477 1991 1622 2028 Censeo
1648 2003 1651 2004 ’

971 2047 1110 2095 igitur,
1124 2045 1214 2081 loco
1226 2045 1335 2081 illius
1350 2045 1427 2081 alia
1446 2045 1513 2082 hic
1525 2059 1625 2095 quo-

975 2117 1052 2152 que
1107 2102 1168 2139 vel
1218 2103 1491 2153 reponendum
1539 2105 1625 2142 effe.

973 2160 1191 2196 Emendare
1230 2171 1359 2196 autem
1403 2159 1500 2195 haec
1546 2173 1627 2200 tam

976 2228 1160 2267 corrupta
1201 2231 1249 2253 ne
1289 2217 1496 2265 aggredior
1538 2220 1628 2269 qui-

977 2276 1079 2316 dem,
1116 2275 1271 2323 quibus,
1302 2287 1365 2309 me
1387 2274 1546 2322 quidem
1565 2278 1630 2326 ju?

978 2333 1087 2372 dice,
1120 2341 1157 2368 et
1180 2331 1400 2377 adjiciendo
1425 2341 1462 2367 et
1484 2333 1630 2370 subtra-

976 2389 1110 2426 hendo
1130 2388 1340 2424 nocuerint
1352 2387 1518 2424 librarii.
1536 2392 1629 2426 Sen-

977 2445 1121 2483 tentiae
1135 2444 1355 2481 consuletur
1366 2444 1508 2482 talibus
1525 2447 1604 2483 fere
1615 2462 1628 2483 :

972 2502 1297 2553 summoveantur,
1358 2511 1398 2537 ut
1427 2503 1487 2538 vel
1523 2504 1632 2540 aliud

973 2558 1006 2610 s
1001 2561 1156 2608 criptum
1169 2556 1381 2607 ostendatur
1394 2559 1491 2604 (sive
1501 2563 1630 2597 mavis

975 2611 1048 2667 sit)
1071 2617 1245 2652 voluntas
1278 2617 1379 2659 alia,
1410 2617 1471 2653 vel
1500 2619 1631 2669 aliqua

984 2674 1209 2722 colligantur
1231 2683 1301 2710 etc.
