1779 3062
384 164 552 210 INST.
601 163 882 210 ORATOR.
922 164 1045 210 LIB.
1090 164 1163 221 x,
1210 176 1254 208 1.
1435 163 1497 209 61

133 293 286 351 darn,
348 309 486 358 quae
527 289 679 358 poffis
724 290 1035 357 decerpere:
1118 303 1170 341 et
1216 293 1501 359 praecipue

132 370 424 427 Philemon,
470 372 566 433 qui
602 380 664 417 ut
695 369 873 433 pravis
906 367 988 417 sui
1010 372 1264 434 temporis
1286 369 1501 432 judiciis

43 447 439 497 900Menandro
483 444 633 511 saepe
671 446 933 510 praelatus
977 444 1075 503 est,
1139 449 1212 494 ita
1245 446 1502 497 consensu

133 535 310 573 tamen
334 524 577 573 omnium
600 523 799 570 meruit
827 521 972 570 credi
995 521 1273 573 secundus.
1324 512 1500 574 Histo-
1524 539 1578 575 75

134 602 268 652 riam
302 602 463 648 multi
492 598 739 665 scripsere
768 600 1060 664 praeclare,
1100 598 1188 647 sed
1214 618 1373 650 nemo
1400 601 1502 651 du-

134 679 269 727 bitat
302 679 461 743 longe
498 677 634 726 duos
675 678 860 725 ceteris
897 675 1302 741 praeferendos,
1365 697 1501 743 quo-

136 773 261 805 rum
301 753 507 804 diversa
550 755 721 804 virtus
756 752 974 802 laudem
1007 771 1173 820 paene
1213 753 1285 802 est
1318 772 1500 820 parem

220 897 342 950 poffis.
405 897 534 934 Guelf.
557 897 718 948 poffunt.
752 897 858 937 Voss.
893 913 926 934 1.
952 906 988 941 3.
1019 896 1168 948 poffint.

224 957 427 1003 decerpere.
488 955 618 991 Guelf.
642 957 832 990 decernere
873 968 962 990 cum
989 956 1095 993 Voss.
1130 968 1162 989 1.
1187 964 1224 998 5.

1230 897 1349 934 Goth.
1371 897 1500 948 poffic.

1361 970 1500 1005 pravlsn

136 1015 269 1050 Turie-
300 1012 404 1048 flor.
440 1014 574 1060 Camp.
605 1026 722 1060 prave
761 1025 849 1047 cum
882 1011 1001 1048 Goth.
1035 1012 1138 1047 Vols.
1171 1023 1207 1048 2.
1249 1011 1361 1049 Colb.
1388 1011 1504 1060 (non

136 1070 238 1108 Vall.
270 1080 313 1104 ut
345 1071 510 1112 Burm.)
544 1079 581 1104 et
612 1069 697 1104 edd.
734 1080 819 1104 ante
851 1068 940 1105 Ald.
1000 1071 1123 1103 Error
1155 1069 1205 1104 est
1236 1083 1255 1103 a
1277 1069 1503 1104 confusione

135 1127 356 1162 litterarum
391 1129 408 1160 I
442 1137 479 1161 et
508 1127 564 1167 E,
599 1125 724 1174 qualis
753 1125 874 1160 modo
909 1125 950 1160 in
974 1125 1081 1161 locre.
1144 1124 1272 1162 Guelf.
1295 1126 1434 1161 omisso
1463 1134 1504 1161 uc

136 1188 253 1228 (oum
276 1183 377 1219 Voss'.
408 1184 472 1230 1.)
503 1182 566 1218 dat
600 1186 766 1232 quamvis
786 1195 859 1231 pro
881 1182 1023 1217 nostro.
1083 1182 1206 1217 Nsulti
1229 1184 1354 1217 excusi
1378 1196 1505 1231 quam-

137 1243 193 1276 vis
223 1252 296 1288 pro
325 1249 376 1275 ut.
578 1241 760 1285 ¹judiciis.
808 1238 912 1273 Flor.
942 1241 988 1281 (a
1018 1251 1076 1286 pr.
1108 1241 1187 1283 m.)
1221 1240 1331 1273 Ruso.
1357 1240 1506 1284 judicis.

138 1295 265 1333 Guelf.
289 1296 438 1332 omittit
461 1309 552 1331 cum
572 1296 678 1334 Voss.
702 1305 739 1339 5.
962 1305 1098 1330 tamen.
1159 1295 1222 1329 Sic
1244 1295 1375 1331 Turic.
1399 1294 1505 1331 Flor-

137 1353 271 1401 Camp.
306 1366 394 1388 cum
429 1353 547 1388 Goth.
584 1353 690 1387 Voss.
715 1361 750 1388 2.
781 1350 883 1390 Vall.
903 1350 1004 1388 Alm.
1036 1363 1073 1386 et
1096 1351 1180 1388 edd.
1203 1361 1287 1385 ante
1305 1352 1400 1387 Bad.
1427 1364 1504 1386 acc.

136 1409 246 1446 Bafil.
310 1408 470 1456 Reliqui
495 1409 707 1449 omittunt,
736 1421 907 1457 quorum
935 1408 985 1443 est
1007 1408 1136 1444 Guelf.
1313 1408 1412 1443 credi
1429 1407 1507 1457 sec.

138 1465 242 1502 Flor.
275 1467 323 1511 (a
356 1466 424 1500 sec.
461 1467 542 1509 m.)
575 1480 601 1500 c.
633 1463 702 1513 effe
726 1464 760 1513 s.
794 1477 883 1500 cum
912 1465 1011 1503 Jens·
1043 1468 1148 1509 (err.
1179 1465 1319 1509 Gesn.)
1357 1475 1394 1500 et
1417 1464 1505 1500 edd.

137 1533 224 1558 ante
247 1522 339 1558 Bad.
401 1522 474 1557 Sed
495 1521 622 1556 Guelf.
653 1519 723 1570 effe
739 1521 773 1570 s.

229 1580 292 1621 75'.
327 1579 434 1613 multi
456 1576 646 1627 scripsere.
707 1578 840 1613 Turic.
874 1578 998 1613 multis
1019 1576 1204 1626 scribere,
1238 1592 1256 1612 a
1288 1578 1356 1613 sec.
1384 1591 1436 1614 m.
1468 1579 1507 1612 in

136 1636 262 1670 multis
278 1634 448 1683 scribere.
687 1635 798 1683 longe
829 1635 932 1670 duos.
995 1636 1057 1670 Sic
1081 1636 1215 1670 Turio.
1238 1633 1344 1670 Flor.
1374 1633 1504 1670 Guelf-

138 1693 273 1741 Camp.
301 1692 420 1727 Goth.
443 1693 542 1730 Jens.
565 1693 666 1736 (tac.
689 1691 828 1740 Gesn.)
859 1706 947 1727 cum
971 1692 1056 1726 edd.
1080 1702 1164 1726 ante
1188 1690 1339 1739 Gryp-h.
1398 1689 1506 1725 Reli-

140 1749 211 1799 qui
235 1750 270 1785 d.
293 1750 318 1785 l.
513 1761 653 1798 parem.
714 1750 846 1784 Turic.
865 1748 970 1785 Flor.
995 1748 1090 1794 (hic
1113 1762 1131 1783 a
1154 1762 1213 1797 pr.
1230 1748 1303 1794 m.)
1331 1749 1506 1797 priorem.

141 1875 192 1911 est
218 1875 320 1910 ratio
352 1875 521 1910 addendi
547 1874 624 1910 hoc
644 1875 689 1910 de
714 1875 793 1910 ani-

140 1945 207 1967 mo
238 1932 284 1966 ad
315 1931 601 1980 indulgentiam
633 1944 792 1980 compo-

141 1989 210 2023 fito
231 2014 241 2029 ,
296 1988 365 2035 qui
398 1988 499 2023 bona
533 1989 718 2036 quaedam
751 1988 794 2022 in

141 2043 248 2080 hisce
283 2045 537 2092 scriptoribus
577 2047 622 2080 fit
656 2045 794 2080 inven-

140 2099 283 2137 turus?
319 2102 397 2147 Qui
429 2101 610 2150 indulget
630 2102 793 2141 vitiofis,

138 2158 172 2193 is
195 2159 278 2192 sane
302 2157 425 2192 multa
442 2158 588 2206 poterit
604 2158 793 2206 probnre;

139 2215 201 2250 sed
232 2215 448 2250 verendum
481 2215 576 2255 erit,
607 2228 655 2250 ne
683 2214 795 2263 plura

142 2284 256 2320 quam
290 2284 388 2320 opus
421 2273 475 2307 fit.
537 2273 598 2306 An
630 2272 794 2321 accipie-

141 2341 228 2363 mus
275 2330 420 2363 veniam
450 2326 706 2376 legendorum
742 2339 794 2363 ta·

142 2383 241 2418 lium
283 2398 303 2418 a
344 2394 591 2432 praeceptore
634 2384 795 2420 discenti

143 2440 354 2475 concessam
367 2439 386 2475 ’ἓ
409 2443 460 2475 At
481 2440 557 2475 hoc
570 2441 683 2489 plane
698 2441 794 2487 jeju-

142 2509 261 2537 num3
291 2510 418 2544 neque
449 2498 551 2531 enim
574 2497 663 2545 plus
683 2498 794 2533 iuve-

145 2553 227 2588 niet
259 2553 354 2588 boni
390 2554 460 2601 qui
489 2553 646 2589 volente
673 2555 796 2602 magi-

145 2609 220 2644 stro
245 2609 346 2657 leget
361 2637 369 2650 ‚
400 2623 514 2657 quarn
537 2611 609 2658 qui
626 2610 796 2645 nolente.

144 2667 282 2714 Longe
305 2666 430 2714 aptius
454 2677 556 2707 erat,
587 2669 613 2701 si
635 2681 713 2701 cum
736 2668 797 2702 de-

144 2723 241 2759 lectu
262 2723 428 2764 dixisset,
450 2722 513 2759 vel
524 2737 600 2759 cum
614 2725 796 2765 cautione,

850 1873 917 1910 vel
956 1884 999 1909 ut
1030 1877 1064 1921 §.
1105 1873 1196 1909 116.
1244 1887 1323 1908 cum
1348 1873 1507 1918 judicio.

852 1933 912 1967 An
943 1932 1044 1966 forte
1066 1930 1144 1966 hoc
1165 1930 1302 1969 inerit,
1346 1932 1371 1964 fi
1392 1942 1508 1978 repo·

852 1989 971 2024 fueris
996 2002 1075 2022 cum
1092 1987 1341 2022 verecundia?
1374 1985 1509 2028 [Mihi

855 2056 983 2080 tamen
1008 2044 1188 2079 satisfacit
1210 2042 1369 2078 Gesneri
1391 2042 1510 2078 ratio·

853 2102 954 2137 Nam
997 2101 1110 2136 venia
1144 2099 1280 2147 utique
1311 2109 1349 2134 et
1378 2096 1510 2133 indul-

855 2158 983 2206 gentia
1019 2168 1116 2205 opus
1138 2156 1212 2197 est,
1244 2157 1268 2190 fi
1298 2155 1385 2203 quis
1408 2165 1509 2189 eete-

853 2228 919 2249 ros
944 2214 1131 2254 comicos,
1158 2226 1177 2247 a
1198 2212 1415 2247 Menandro
1439 2210 1509 2246 ob·

853 2271 1042 2310 scuratOS,
1081 2269 1210 2317 legere
1245 2269 1420 2303 animum
1447 2267 1509 2301 in—

855 2327 980 2363 ducat.
1056 2327 1135 2374 Qui
1175 2326 1300 2373 igitur
1339 2338 1360 2359 a
1396 2323 1510 2359 vitiis

853 2383 1020 2419 illorum
1059 2396 1139 2418 non
1175 2382 1426 2421 absterretur,
1476 2379 1510 2414 is

853 2440 1041 2479 inveniet,
1062 2452 1157 2487 quae
1174 2450 1378 2486 excerpere
1394 2436 1510 2472 etiam

853 2496 976 2534 volet.
1007 2495 1238 2537 BUTTM.]

913 2586 1118 2622 Philemon.
1159 2584 1206 2619 cf.
1231 2593 1269 2628 5,
1293 2595 1330 2628 7,
1356 2590 1420 2629 18.

916 2667 1058 2700 meruit.
1121 2663 1369 2712 impetravit,
1428 2675 1509 2699 non

857 2722 993 2771 dignus
1016 2720 1123 2769 fuit:
1153 2721 1204 2758 'ch
1235 2732 1270 2771 9,
1294 2731 1330 2762 2,
1356 2725 1422 2770 98.
