1779 3062
283 179 378 223 532
595 167 844 213 Μ.,;ἘΑΒ.
884 166 1305 228 QU1NT1L1AN1

287 292 411 341 dem
440 288 513 339 est
544 289 762 341 futurus
802 309 921 342 cum
952 293 1118 352 vitae,
1161 304 1279 343 tum
1321 296 1480 343 etiam
1517 294 1629 343 elo-

290 369 539 435 quentiae
581 369 740 417 laude
783 367 1058 435 perfectus.
1148 375 1321 440 Quare
1361 373 1421 420 in
1455 387 1629 419 exem-

292 448 447 513 plum
482 444 697 494 dicendi
737 444 1167 498 facundiffimum
1205 464 1474 513 quemque
1509 465 1635 512 pro-

295 533 461 590 ponet
486 521 585 571 fibi
619 523 684 572 ad
713 524 1058 574 imitandum:
1100 526 1341 574 moribus
1371 541 1502 573 vero
1525 522 1636 573 for-

293 599 505 649 mandis
538 618 699 666 quam
730 599 1084 651 honestiffima
1120 611 1422 666 praecepta,
1462 599 1638 648 rectis-

291 676 586 742 simamque
615 679 680 726 ad
718 680 975 728 virtutem
1012 680 1154 727 viam
1187 678 1396 743 deliget.
1473 680 1634 726 Exer-

292 756 539 805 citatione
571 755 789 820 quidem
813 767 994 805 utetur
1018 756 1186 812 omni,
1226 754 1316 803 sed
1336 764 1513 802 tamen
1534 755 1634 806 erit

290 833 559 898 plurimus
602 833 661 881 in
708 834 951 882 maximis
996 833 1301 898 quibusque
1346 848 1403 879 ac
1446 841 1635 880 natura

217 922 262 963 28
291 909 684 975 pulcherrimis.
764 912 906 959 Nam
940 927 1074 974 quae
1107 909 1276 976 potest
1306 908 1523 958 materia
1553 924 1635 956 re-

290 985 457 1053 periri
487 986 551 1035 ad
582 987 809 1051 graviter
842 985 1158 1052 copioseque
1197 985 1488 1036 dicendum
1525 986 1635 1033 :ma-

291 1064 370 1129 gis
411 1063 710 1121 abundans,
767 1081 928 1128 quam
978 1065 1042 1112 de
1092 1068 1317 1122 virtute,
1368 1064 1432 1110 de.
1482 1079 1635 1126 repu-

290 1138 449 1197 blica,
488 1140 552 1186 de
587 1143 945 1203 providentia,
988 1142 1052 1188 de
1092 1144 1293 1210 origine
1331 1143 1634 1196 animorum,

289 1217 355 1264 de
397 1219 657 1264 amicitia?
736 1220 876 1265 Haec
917 1215 1063 1274 sunt,
1119 1218 1315 1282 quibus
1352 1233 1505 1266 mens
1543 1233 1636 1281 pa-

288 1293 419 1342 riter
445 1303 601 1358 atque
633 1294 802 1343 oratio
835 1292 1133 1358 insurgant:
1174 1312 1309 1360 quae
1342 1310 1470 1343 vere
1489 1290 1637 1350 bona,

288 1492 362 1518 cet.
643 1483 848 1531 exemplum
878 1484 1036 1519 dicendi.
1099 1485 1162 1520 Sic
1193 1485 1325 1520 Turio.
1348 1482 1452 1520 Flor.
1474 1495 1506 1518 c.
1530 1482 1633 1519 Alm.

288 1538 381 1574 bene
410 1538 586 1586 inserunt
614 1540 771 1587 reliqui.
832 1555 916 1576 vere
945 1553 1019 1588 pro
1049 1554 1135 1576 vero
1165 1542 1298 1577 Turio.
1331 1542 1466 1589 diliget
1499 1540 1635 1577 Ambr.

290 1604 328 1630 2.
361 1594 489 1630 Guelf.
524 1596 623 1633 Jens.
657 1598 745 1640 (tac.
779 1597 969 1640 Gesn.)*c.
1002 1599 1117 1632 Bern.
1148 1601 1240 1641 (err.
1278 1599 1436 1644 Burm.)

546 1652 705 1700 quedam
734 1663 786 1688 ut.
819 1653 954 1688 Turic.
984 1653 1088 1688 Flor.
1151 1654 1240 1703 quid
1269 1651 1318 1701 est
1343 1667 1377 1688 u.
1410 1654 1540 1702 Camp.
1601 1663 1637 1688 et

293 1716 417 1744 tamen
458 1708 592 1743 Turic-
629 1707 732 1745 Flor.
792 1710 964 1757 plurimis
1003 1709 1136 1745 Turic.
1168 1710 1272 1745 Flor.
1303 1708 1431 1745 Guelf.
1491 1709 1638 1759 quibus·

291 1778 360 1812 que
399 1773 524 1799 actura
564 1764 696 1800 Turio.
759 1779 795 1814 q.
839 1774 950 1815 atque
981 1776 1115 1800 natura
1155 1766 1282 1802 Guelf.
1342 1766 1473 1813 quibus
1502 1776 1636 1802 natura

291 1821 427 1869 Camp.
485 1820 748 1868 pulcherrimus
775 1822 873 1860 Jens.
906 1835 937 1858 c.
972 1822 1056 1857 edd.
1095 1821 1188 1870 post.
1221 1832 1307 1858 ante
1336 1822 1430 1857 Bad.
1467 1823 1536 1870 qui
1565 1834 1634 1857 no-

289 1876 409 1912 strum
441 1877 660 1922 conjectura
691 1877 876 1914 assecutus
905 1879 1074 1914 videtur.

406 1938 471 1977 28.
508 1946 595 1967 vera
635 1933 734 1969 bona
773 1935 906 1984 Camp.
951 1949 982 1971 c.
1016 1934 1230 1970 Andreana.
1287 1948 1372 1970 vero
1404 1934 1438 1970 b.
1469 1934 1567 1973 Jens.
1599 1947 1629 1970 c.

292 1988 377 2025 edd.
416 2000 502 2024 ante
542 1988 630 2024 Ald.
694 1992 793 2039 quod
824 1994 971 2042 mitiget
1009 1991 1136 2027 Guelf.
1199 2005 1294 2041 quae
1316 1992 1494 2039 *mitigent
1520 1990 1631 2027 Baril.

349 2157 415 2190 27.
448 2156 692 2182 cum—tum.
739 2149 817 2184 Hic
839 2163 935 2199 quo·
991 2150 1035 2185 id
1067 2150 1299 2197 eloquentiae
1330 2160 1486 2196 quoque
1521 2146 1634 2195 perfi-

290 2217 368 2253 que
399 2203 575 2252 legitima
605 2205 821 2252 agnoscitur
849 2221 934 2255 par-
992 2207 1148 2242 ciendae
1163 2204 1412 2240 neceffarium
1432 2205 1629 2239 docemur.

289 2259 501 2296 ticularum
530 2261 655 2301 ratio.
697 2262 787 2308 quia
817 2264 933 2298 mira-
1051 2270 1116 2307 28.
1149 2275 1243 2311 quae
1270 2274 1354 2297 vere
1377 2260 1633 2308 bona—opi-

288 2315 410 2352 bilius
442 2317 491 2351 est
519 2318 637 2365 ipsam
671 2317 931 2366 eloquentiam,
992 2319 1162 2355 rzionibus
1192 2317 1308 2365 vulgi.
1377 2318 1480 2352 Haec
1518 2316 1632 2352 valde

286 2385 369 2409 non
399 2374 517 2409 vitam
549 2373 693 2415 modo,
753 2374 933 2423 indigere
991 2373 1415 2412 commonentillorum
1433 2387 1528 2421 quae
1547 2373 1633 2409 funt

286 2429 524 2476 majoribus,
570 2443 686 2478 quam
716 2443 812 2478 quae
842 2431 931 2467 vul·
990 2433 1090 2481 apud
1109 2431 1319 2469 Horatium
1340 2430 1474 2479 Epistt.
1505 2444 1539 2470 ι,
1566 2435 1630 2474 ¹8·

286 2486 388 2532 garis
438 2486 625 2521 sectarum
680 2485 930 2537 philosophia
988 2490 1108 2538 96—
1127 2498 1230 2532 103„
1259 2488 1314 2523 ita
1333 2498 1472 2527 tamen,
1503 2497 1547 2522 ut
1565 2498 1630 2521 ne·

284 2542 455 2588 praestet.
544 2543 776 2592 Quanquam
805 2545 930 2593 igitur
988 2557 1183 2594 quaquam
1208 2544 1301 2580 inde
1328 2545 1448 2578 sumta
1469 2541 1629 2578 videan-

285 2598 499 2647 eloquentia
521 2599 622 2634 infra
645 2602 759 2635 vitam
782 2600 842 2642 est,
874 2613 928 2636 ta·
986 2612 1071 2644 tur,
1103 2603 1164 2638 sed
1203 2601 1361 2650 utrique
1397 2599 1629 2647 scriptorum

284 2665 373 2687 men
400 2655 566 2702 insurgit
597 2657 734 2696 oratio,
760 2658 800 2698 si,
819 2658 926 2706 quod
984 2659 1115 2707 sponte
1134 2659 1302 2698 subnata,
1320 2667 1357 2691 et
1369 2669 1464 2704 quae
1477 2665 1628 2689 utrum·

282 2710 382 2745 vitae
410 2710 481 2746 soli
506 2711 641 2748 deberi
660 2713 929 2756 credebamus,
984 2727 1059 2763 que
1092 2716 1244 2764 optimo
1276 2713 1416 2763 cuique
1436 2710 1627 2747 lectorum

1754 278 1760 287 .
1752 204 1764 263 ,τ’

1764 2338 1773 2433 ᾈπ--ιπς
1763 2291 1772 2308 υ
