<?xml version="1.0" encoding="UTF-8"?>
<!DOCTYPE html PUBLIC "-//W3C//DTD XHTML 1.0 Transitional//EN"
    "http://www.w3.org/TR/xhtml1/DTD/xhtml1-transitional.dtd">
<html xmlns="http://www.w3.org/1999/xhtml" xml:lang="en" lang="en">
 <head>
  <title>
</title>
<meta http-equiv="Content-Type" content="text/html;charset=utf-8" />
  <meta name='ocr-system' content='tesseract 3.04.00' />
  <meta name='ocr-capabilities' content='ocr_page ocr_carea ocr_par ocr_line ocrx_word'/>
</head>
<body>
  <div class='ocr_page' id='page_1' title='image "./deinstitutioneor04quinuoft_0369.png"; bbox 0 0 1779 3062; ppageno 0'>
   <div class='ocr_carea' id='block_1_1' title="bbox 463 95 1562 158">
    <p class='ocr_par' dir='ltr' id='par_1_1' title="bbox 463 95 1562 158">
     <span class='ocr_line' id='line_1_1' title="bbox 463 95 1562 158; baseline 0.01 -20"><span class='ocrx_word' id='word_1_1' title='bbox 463 95 628 143; x_wconf 82' lang='lat' dir='ltr'><strong>INST.</strong></span> <span class='ocrx_word' id='word_1_2' title='bbox 665 95 947 144; x_wconf 83' lang='lat' dir='ltr'><strong>ORATOR.</strong></span> <span class='ocrx_word' id='word_1_3' title='bbox 982 99 1105 146; x_wconf 89' lang='lat' dir='ltr'><strong>LIB.</strong></span> <span class='ocrx_word' id='word_1_4' title='bbox 1142 99 1240 156; x_wconf 85' lang='lat' dir='ltr'>XI,</span> <span class='ocrx_word' id='word_1_5' title='bbox 1278 111 1323 154; x_wconf 89' lang='grc'>5.</span> <span class='ocrx_word' id='word_1_6' title='bbox 1372 115 1377 119; x_wconf 87' lang='grc'><strong>’</strong></span> <span class='ocrx_word' id='word_1_7' title='bbox 1465 107 1562 158; x_wconf 76' lang='lat'>545</span> 
     </span>
    </p>
   </div>
   <div class='ocr_carea' id='block_1_2' title="bbox 157 191 1564 836">
    <p class='ocr_par' dir='ltr' id='par_1_2' title="bbox 157 191 1564 836">
     <span class='ocr_line' id='line_1_2' title="bbox 205 191 1561 292; baseline 0.001 -18"><span class='ocrx_word' id='word_1_8' title='bbox 205 224 409 275; x_wconf 84' lang='lat' dir='ltr'><strong>sumtus</strong></span> <span class='ocrx_word' id='word_1_9' title='bbox 442 219 693 271; x_wconf 84' lang='lat' dir='ltr'>destituit.</span> <span class='ocrx_word' id='word_1_10' title='bbox 776 222 917 270; x_wconf 75' lang='lat' dir='ltr'>Nam</span> <span class='ocrx_word' id='word_1_11' title='bbox 939 191 1195 289; x_wconf 73' lang='lat' dir='ltr'>fatigatio,</span> <span class='ocrx_word' id='word_1_12' title='bbox 1235 234 1296 274; x_wconf 89' lang='lat' dir='ltr'>ut</span> <span class='ocrx_word' id='word_1_13' title='bbox 1321 243 1561 292; x_wconf 85' lang='lat' dir='ltr'>corpora,</span> 
     </span>
     <span class='ocr_line' id='line_1_3' title="bbox 204 285 1561 367; baseline 0.001 -15"><span class='ocrx_word' id='word_1_14' title='bbox 204 318 318 352; x_wconf 89' lang='lat' dir='ltr'>non</span> <span class='ocrx_word' id='word_1_15' title='bbox 351 299 419 349; x_wconf 82' lang='lat' dir='ltr'>acl</span> <span class='ocrx_word' id='word_1_16' title='bbox 447 297 690 366; x_wconf 85' lang='lat' dir='ltr'>praesens</span> <span class='ocrx_word' id='word_1_17' title='bbox 724 285 890 348; x_wconf 85' lang='grc' dir='ltr'>1110ᾶο</span> <span class='ocrx_word' id='word_1_18' title='bbox 919 311 1160 367; x_wconf 83' lang='lat' dir='ltr'>tempus,</span> <span class='ocrx_word' id='word_1_19' title='bbox 1196 301 1288 351; x_wconf 86' lang='lat' dir='ltr'>sed.</span> <span class='ocrx_word' id='word_1_20' title='bbox 1309 305 1469 352; x_wconf 83' lang='lat' dir='ltr'>etiam</span> <span class='ocrx_word' id='word_1_21' title='bbox 1500 307 1561 353; x_wconf 90' lang='grc'>111</span> 
     </span>
     <span class='ocr_line' id='line_1_4' title="bbox 202 375 1560 449; baseline 0.002 -21"><span class='ocrx_word' id='word_1_22' title='bbox 202 378 454 428; x_wconf 82' lang='lat' dir='ltr'>futurum</span> <span class='ocrx_word' id='word_1_23' title='bbox 487 375 655 426; x_wconf 79' lang='lat' dir='ltr'>afficit.</span> <span class='ocrx_word' id='word_1_24' title='bbox 728 375 831 425; x_wconf 85' lang='lat' dir='ltr'>Sed.</span> <span class='ocrx_word' id='word_1_25' title='bbox 868 387 929 425; x_wconf 83' lang='lat' dir='ltr'>ut</span> <span class='ocrx_word' id='word_1_26' title='bbox 967 381 1326 429; x_wconf 82' lang='lat' dir='ltr'>communiter</span> <span class='ocrx_word' id='word_1_27' title='bbox 1347 393 1400 431; x_wconf 89' lang='lat' dir='ltr'>et</span> <span class='ocrx_word' id='word_1_28' title='bbox 1421 382 1560 449; x_wconf 86' lang='lat' dir='ltr'>pho-</span> 
     </span>
     <span class='ocr_line' id='line_1_5' title="bbox 203 452 1563 525; baseline 0.001 -19"><span class='ocrx_word' id='word_1_29' title='bbox 203 456 369 507; x_wconf 82' lang='lat' dir='ltr'>nascis</span> <span class='ocrx_word' id='word_1_30' title='bbox 394 466 446 504; x_wconf 88' lang='lat' dir='ltr'>et</span> <span class='ocrx_word' id='word_1_31' title='bbox 473 455 775 505; x_wconf 81' lang='lat' dir='ltr'>oratoribus</span> <span class='ocrx_word' id='word_1_32' title='bbox 801 452 1079 504; x_wconf 78' lang='lat' dir='ltr'>neceffaria</span> <span class='ocrx_word' id='word_1_33' title='bbox 1101 459 1419 517; x_wconf 78' lang='lat' dir='ltr'>exercitatio,</span> <span class='ocrx_word' id='word_1_34' title='bbox 1457 478 1563 525; x_wconf 83' lang='lat' dir='ltr'>qua</span> 
     </span>
     <span class='ocr_line' id='line_1_6' title="bbox 206 531 1562 602; baseline 0.001 -17"><span class='ocrx_word' id='word_1_35' title='bbox 206 536 389 585; x_wconf 82' lang='lat' dir='ltr'>omnia</span> <span class='ocrx_word' id='word_1_36' title='bbox 414 531 810 597; x_wconf 81' lang='lat' dir='ltr'>convalescunt,</span> <span class='ocrx_word' id='word_1_37' title='bbox 826 533 899 580; x_wconf 81' lang='lat' dir='ltr'>ita</span> <span class='ocrx_word' id='word_1_38' title='bbox 923 549 1078 582; x_wconf 81' lang='lat' dir='ltr'>curae</span> <span class='ocrx_word' id='word_1_39' title='bbox 1102 552 1215 584; x_wconf 90' lang='grc'>11011</span> <span class='ocrx_word' id='word_1_40' title='bbox 1231 534 1375 583; x_wconf 82' lang='grc' dir='ltr'>1ᾶο111</span> <span class='ocrx_word' id='word_1_41' title='bbox 1392 554 1562 602; x_wconf 66' lang='lat' dir='ltr'>genus</span> 
     </span>
     <span class='ocr_line' id='line_1_7' title="bbox 203 611 1563 679; baseline 0.001 -18"><span class='ocrx_word' id='word_1_42' title='bbox 203 611 292 661; x_wconf 79' lang='lat' dir='ltr'>est.</span> <span class='ocrx_word' id='word_1_43' title='bbox 383 613 527 660; x_wconf 83' lang='lat' dir='ltr'>Nam</span> <span class='ocrx_word' id='word_1_44' title='bbox 559 627 736 676; x_wconf 82' lang='lat' dir='ltr'>neque</span> <span class='ocrx_word' id='word_1_45' title='bbox 785 620 924 658; x_wconf 82' lang='lat' dir='ltr'>certa</span> <span class='ocrx_word' id='word_1_46' title='bbox 958 620 1199 676; x_wconf 82' lang='lat' dir='ltr'>tempora</span> <span class='ocrx_word' id='word_1_47' title='bbox 1241 612 1308 660; x_wconf 84' lang='lat' dir='ltr'>ad.</span> <span class='ocrx_word' id='word_1_48' title='bbox 1338 612 1563 679; x_wconf 80' lang='lat' dir='ltr'>spatian-</span> 
     </span>
     <span class='ocr_line' id='line_1_8' title="bbox 204 686 1563 756; baseline 0.001 -16"><span class='ocrx_word' id='word_1_49' title='bbox 204 690 340 740; x_wconf 85' lang='lat' dir='ltr'>dum</span> <span class='ocrx_word' id='word_1_50' title='bbox 372 688 489 739; x_wconf 80' lang='lat' dir='ltr'>dari</span> <span class='ocrx_word' id='word_1_51' title='bbox 517 686 731 756; x_wconf 81' lang='lat' dir='ltr'>poffunt</span> <span class='ocrx_word' id='word_1_52' title='bbox 770 698 851 737; x_wconf 86' lang='lat' dir='ltr'>tot</span> <span class='ocrx_word' id='word_1_53' title='bbox 891 688 1144 739; x_wconf 82' lang='lat' dir='ltr'>civilibus</span> <span class='ocrx_word' id='word_1_54' title='bbox 1181 688 1366 740; x_wconf 84' lang='lat' dir='ltr'>officiis</span> <span class='ocrx_word' id='word_1_55' title='bbox 1404 710 1563 742; x_wconf 89' lang='lat' dir='ltr'>occu-</span> 
     </span>
     <span class='ocr_line' id='line_1_9' title="bbox 157 765 1564 836; baseline 0.001 -19"><span class='ocrx_word' id='word_1_56' title='bbox 157 797 159 799; x_wconf 91' lang='lat'>·</span> <span class='ocrx_word' id='word_1_57' title='bbox 208 779 358 836; x_wconf 87' lang='lat' dir='ltr'>pato,</span> <span class='ocrx_word' id='word_1_58' title='bbox 397 784 495 818; x_wconf 90' lang='lat' dir='ltr'>nec</span> <span class='ocrx_word' id='word_1_59' title='bbox 525 782 837 835; x_wconf 78' lang='lat' dir='ltr'>praeparare</span> <span class='ocrx_word' id='word_1_60' title='bbox 870 765 933 815; x_wconf 86' lang='lat' dir='ltr'>ab</span> <span class='ocrx_word' id='word_1_61' title='bbox 965 767 1088 816; x_wconf 86' lang='lat' dir='ltr'>:imis</span> <span class='ocrx_word' id='word_1_62' title='bbox 1115 765 1260 818; x_wconf 81' lang='lat' dir='ltr'>sonis</span> <span class='ocrx_word' id='word_1_63' title='bbox 1287 786 1472 819; x_wconf 87' lang='lat' dir='ltr'>vocem</span> <span class='ocrx_word' id='word_1_64' title='bbox 1496 769 1564 818; x_wconf 84' lang='lat' dir='ltr'>ad</span> 
     </span>
    </p>
   </div>
   <div class='ocr_carea' id='block_1_3' title="bbox 189 943 1564 1278">
    <p class='ocr_par' dir='ltr' id='par_1_3' title="bbox 189 943 1564 1278">
     <span class='ocr_line' id='line_1_10' title="bbox 203 943 1564 994; baseline 0.002 -14"><span class='ocrx_word' id='word_1_65' title='bbox 203 943 306 981; x_wconf 69' lang='lat' dir='ltr'>flor.</span> <span class='ocrx_word' id='word_1_66' title='bbox 339 944 472 994; x_wconf 83' lang='lat' dir='ltr'>Camp.</span> <span class='ocrx_word' id='word_1_67' title='bbox 513 943 678 993; x_wconf 79' lang='lat' dir='ltr'>Reliqui</span> <span class='ocrx_word' id='word_1_68' title='bbox 707 953 819 979; x_wconf 72' lang='lat' dir='ltr'>ut—</span> <span class='ocrx_word' id='word_1_69' title='bbox 846 946 912 981; x_wconf 77' lang='lat' dir='ltr'>ita.</span> <span class='ocrx_word' id='word_1_70' title='bbox 1152 946 1251 981; x_wconf 88' lang='lat' dir='ltr'>Nam</span> <span class='ocrx_word' id='word_1_71' title='bbox 1276 945 1476 994; x_wconf 77' lang='lat' dir='ltr'>fatigatio,</span> <span class='ocrx_word' id='word_1_72' title='bbox 1510 957 1564 983; x_wconf 80' lang='lat' dir='ltr'>ue.</span> 
     </span>
     <span class='ocr_line' id='line_1_11' title="bbox 189 1000 1563 1053; baseline 0.001 -16"><span class='ocrx_word' id='word_1_73' title='bbox 189 1003 269 1042; x_wconf 62' lang='lat' dir='ltr'>,Sic</span> <span class='ocrx_word' id='word_1_74' title='bbox 299 1002 434 1039; x_wconf 75' lang='lat' dir='ltr'>Turio.</span> <span class='ocrx_word' id='word_1_75' title='bbox 469 1000 576 1037; x_wconf 83' lang='lat' dir='ltr'>Flor.</span> <span class='ocrx_word' id='word_1_76' title='bbox 612 1001 749 1038; x_wconf 83' lang='lat' dir='ltr'>Ambr.</span> <span class='ocrx_word' id='word_1_77' title='bbox 774 1011 811 1038; x_wconf 87' lang='lat'>2.</span> <span class='ocrx_word' id='word_1_78' title='bbox 846 1004 923 1047; x_wconf 84' lang='lat' dir='ltr'>(ex</span> <span class='ocrx_word' id='word_1_79' title='bbox 952 1000 1029 1038; x_wconf 90' lang='lat' dir='ltr'>hoc</span> <span class='ocrx_word' id='word_1_80' title='bbox 1053 1012 1180 1037; x_wconf 78' lang='lat' dir='ltr'>tamen</span> <span class='ocrx_word' id='word_1_81' title='bbox 1211 1016 1293 1053; x_wconf 81' lang='grc'>11011</span> <span class='ocrx_word' id='word_1_82' title='bbox 1314 1004 1474 1039; x_wconf 75' lang='lat' dir='ltr'>affertur</span> <span class='ocrx_word' id='word_1_83' title='bbox 1494 1007 1563 1048; x_wconf 74' lang='lat' dir='ltr'>ut)</span> 
     </span>
     <span class='ocr_line' id='line_1_12' title="bbox 203 1058 1564 1110; baseline 0.001 -15"><span class='ocrx_word' id='word_1_84' title='bbox 203 1059 332 1095; x_wconf 70' lang='lat' dir='ltr'>Guelf.</span> <span class='ocrx_word' id='word_1_85' title='bbox 357 1059 488 1110; x_wconf 66' lang='lat' dir='ltr'>Camp.</span> <span class='ocrx_word' id='word_1_86' title='bbox 512 1058 632 1094; x_wconf 83' lang='lat' dir='ltr'>Goth.</span> <span class='ocrx_word' id='word_1_87' title='bbox 662 1059 761 1097; x_wconf 85' lang='lat' dir='ltr'>Jens.</span> <span class='ocrx_word' id='word_1_88' title='bbox 789 1058 891 1104; x_wconf 74' lang='lat' dir='ltr'>(tac-</span> <span class='ocrx_word' id='word_1_89' title='bbox 912 1058 1050 1104; x_wconf 86' lang='lat' dir='ltr'>Gesn.)</span> <span class='ocrx_word' id='word_1_90' title='bbox 1087 1070 1175 1094; x_wconf 85' lang='lat' dir='ltr'>cum</span> <span class='ocrx_word' id='word_1_91' title='bbox 1198 1060 1304 1098; x_wconf 84' lang='lat' dir='ltr'>Voff.</span> <span class='ocrx_word' id='word_1_92' title='bbox 1335 1076 1368 1096; x_wconf 90' lang='lat'>1.</span> <span class='ocrx_word' id='word_1_93' title='bbox 1393 1070 1429 1104; x_wconf 83' lang='lat'>3.</span> <span class='ocrx_word' id='word_1_94' title='bbox 1463 1062 1564 1103; x_wconf 72' lang='lat' dir='ltr'>(nisi</span> 
     </span>
     <span class='ocr_line' id='line_1_13' title="bbox 204 1115 1563 1166; baseline 0.003 -16"><span class='ocrx_word' id='word_1_95' title='bbox 204 1118 313 1164; x_wconf 88' lang='lat' dir='ltr'>quod</span> <span class='ocrx_word' id='word_1_96' title='bbox 333 1116 477 1151; x_wconf 83' lang='lat' dir='ltr'>horum</span> <span class='ocrx_word' id='word_1_97' title='bbox 499 1126 664 1164; x_wconf 83' lang='lat' dir='ltr'>uterque</span> <span class='ocrx_word' id='word_1_98' title='bbox 679 1115 872 1164; x_wconf 78' lang='lat' dir='ltr'>fatigato)</span> <span class='ocrx_word' id='word_1_99' title='bbox 904 1126 941 1153; x_wconf 85' lang='lat'>2.</span> <span class='ocrx_word' id='word_1_100' title='bbox 968 1127 1005 1151; x_wconf 89' lang='lat' dir='ltr'>et</span> <span class='ocrx_word' id='word_1_101' title='bbox 1028 1117 1114 1152; x_wconf 84' lang='lat' dir='ltr'>edd.</span> <span class='ocrx_word' id='word_1_102' title='bbox 1137 1127 1223 1152; x_wconf 82' lang='lat' dir='ltr'>ante</span> <span class='ocrx_word' id='word_1_103' title='bbox 1246 1117 1380 1152; x_wconf 53' lang='lat' dir='ltr'>Basils</span> <span class='ocrx_word' id='word_1_104' title='bbox 1399 1117 1563 1166; x_wconf 83' lang='lat' dir='ltr'>Reliqui</span> 
     </span>
     <span class='ocr_line' id='line_1_14' title="bbox 203 1172 1563 1224; baseline 0.003 -16"><span class='ocrx_word' id='word_1_105' title='bbox 203 1174 253 1213; x_wconf 82' lang='lat' dir='ltr'>N.</span> <span class='ocrx_word' id='word_1_106' title='bbox 279 1183 314 1208; x_wconf 77' lang='lat' dir='ltr'>ec</span> <span class='ocrx_word' id='word_1_107' title='bbox 330 1172 533 1221; x_wconf 66' lang='lat' dir='ltr'>fatigatio.</span> <span class='ocrx_word' id='word_1_108' title='bbox 769 1187 844 1208; x_wconf 86' lang='lat' dir='ltr'>non</span> <span class='ocrx_word' id='word_1_109' title='bbox 874 1174 935 1208; x_wconf 79' lang='lat' dir='ltr'>ad.</span> <span class='ocrx_word' id='word_1_110' title='bbox 978 1174 1113 1208; x_wconf 77' lang='lat' dir='ltr'>Turic-</span> <span class='ocrx_word' id='word_1_111' title='bbox 1136 1173 1239 1210; x_wconf 82' lang='lat' dir='ltr'>Flor.</span> <span class='ocrx_word' id='word_1_112' title='bbox 1259 1174 1345 1220; x_wconf 89' lang='lat' dir='ltr'>(hic</span> <span class='ocrx_word' id='word_1_113' title='bbox 1365 1189 1385 1209; x_wconf 85' lang='lat' dir='ltr'>a</span> <span class='ocrx_word' id='word_1_114' title='bbox 1405 1188 1465 1224; x_wconf 79' lang='lat' dir='ltr'>pr.</span> <span class='ocrx_word' id='word_1_115' title='bbox 1488 1177 1563 1219; x_wconf 78' lang='grc'>111.)</span> 
     </span>
     <span class='ocr_line' id='line_1_15' title="bbox 204 1227 1163 1278; baseline 0.002 -14"><span class='ocrx_word' id='word_1_116' title='bbox 204 1230 406 1266; x_wconf 85' lang='lat' dir='ltr'>omittunt.</span> <span class='ocrx_word' id='word_1_117' title='bbox 455 1231 557 1266; x_wconf 56' lang='lat' dir='ltr'>Palox</span> <span class='ocrx_word' id='word_1_118' title='bbox 573 1227 645 1278; x_wconf 81' lang='lat' dir='ltr'>sed</span> <span class='ocrx_word' id='word_1_119' title='bbox 669 1230 877 1264; x_wconf 76' lang='lat' dir='ltr'>oratoribus</span> <span class='ocrx_word' id='word_1_120' title='bbox 904 1230 1036 1265; x_wconf 81' lang='lat' dir='ltr'>Turic-</span> <span class='ocrx_word' id='word_1_121' title='bbox 1057 1229 1163 1266; x_wconf 72' lang='lat' dir='ltr'>flor.</span> 
     </span>
    </p>
   </div>
   <div class='ocr_carea' id='block_1_4' title="bbox 200 1306 1560 1702">
    <p class='ocr_par' dir='ltr' id='par_1_4' title="bbox 201 1306 1560 1585">
     <span class='ocr_line' id='line_1_16' title="bbox 291 1306 1559 1359; baseline 0.003 -15"><span class='ocrx_word' id='word_1_122' title='bbox 291 1319 358 1344; x_wconf 81' lang='lat'>22.</span> <span class='ocrx_word' id='word_1_123' title='bbox 389 1306 589 1358; x_wconf 56' lang='lat' dir='ltr'>neceffmia</span> <span class='ocrx_word' id='word_1_124' title='bbox 622 1310 850 1343; x_wconf 76' lang='lat' dir='ltr'>exercitatio.</span> <span class='ocrx_word' id='word_1_125' title='bbox 903 1309 966 1344; x_wconf 89' lang='lat' dir='ltr'>Sic</span> <span class='ocrx_word' id='word_1_126' title='bbox 1002 1309 1132 1343; x_wconf 78' lang='lat' dir='ltr'>Turio.</span> <span class='ocrx_word' id='word_1_127' title='bbox 1165 1311 1299 1359; x_wconf 81' lang='lat' dir='ltr'>Camp.</span> <span class='ocrx_word' id='word_1_128' title='bbox 1333 1324 1422 1347; x_wconf 86' lang='lat' dir='ltr'>cum</span> <span class='ocrx_word' id='word_1_129' title='bbox 1455 1310 1559 1348; x_wconf 83' lang='lat' dir='ltr'>Alm.</span> 
     </span>
     <span class='ocr_line' id='line_1_17' title="bbox 201 1363 1560 1417; baseline 0.001 -14"><span class='ocrx_word' id='word_1_130' title='bbox 201 1380 284 1415; x_wconf 80' lang='grc'>11011</span> <span class='ocrx_word' id='word_1_131' title='bbox 307 1366 412 1402; x_wconf 85' lang='lat' dir='ltr'>Flor.</span> <span class='ocrx_word' id='word_1_132' title='bbox 444 1366 517 1409; x_wconf 86' lang='lat' dir='ltr'><strong>(cf.</strong></span> <span class='ocrx_word' id='word_1_133' title='bbox 541 1365 573 1409; x_wconf 77' lang='lat'>§.</span> <span class='ocrx_word' id='word_1_134' title='bbox 602 1367 693 1412; x_wconf 80' lang='lat'>17.)</span> <span class='ocrx_word' id='word_1_135' title='bbox 724 1364 886 1413; x_wconf 82' lang='lat' dir='ltr'>Reliqui</span> <span class='ocrx_word' id='word_1_136' title='bbox 907 1365 1082 1402; x_wconf 81' lang='lat' dir='ltr'>inserunt</span> <span class='ocrx_word' id='word_1_137' title='bbox 1111 1363 1173 1414; x_wconf 76' lang='lat' dir='ltr'>est.</span> <span class='ocrx_word' id='word_1_138' title='bbox 1222 1369 1322 1403; x_wconf 87' lang='lat' dir='ltr'>Mox</span> <span class='ocrx_word' id='word_1_139' title='bbox 1342 1369 1427 1417; x_wconf 83' lang='lat' dir='ltr'>post</span> <span class='ocrx_word' id='word_1_140' title='bbox 1445 1382 1560 1416; x_wconf 72' lang='lat' dir='ltr'>genus·</span> 
     </span>
     <span class='ocr_line' id='line_1_18' title="bbox 204 1419 1559 1474; baseline 0.001 -15"><span class='ocrx_word' id='word_1_141' title='bbox 204 1424 395 1459; x_wconf 85' lang='lat' dir='ltr'>omittunt</span> <span class='ocrx_word' id='word_1_142' title='bbox 415 1419 466 1471; x_wconf 76' lang='lat' dir='ltr'>est</span> <span class='ocrx_word' id='word_1_143' title='bbox 485 1422 620 1458; x_wconf 87' lang='lat' dir='ltr'>Ambr.</span> <span class='ocrx_word' id='word_1_144' title='bbox 637 1432 673 1457; x_wconf 80' lang='lat'>2.</span> <span class='ocrx_word' id='word_1_145' title='bbox 698 1421 826 1457; x_wconf 82' lang='lat' dir='ltr'>Guelf.</span> <span class='ocrx_word' id='word_1_146' title='bbox 849 1435 938 1457; x_wconf 87' lang='lat' dir='ltr'>cum</span> <span class='ocrx_word' id='word_1_147' title='bbox 968 1421 1065 1458; x_wconf 86' lang='lat' dir='ltr'>Obr.</span> <span class='ocrx_word' id='word_1_148' title='bbox 1104 1426 1183 1458; x_wconf 84' lang='lat' dir='ltr'>Pro</span> <span class='ocrx_word' id='word_1_149' title='bbox 1207 1438 1279 1473; x_wconf 87' lang='lat' dir='ltr'>qua</span> <span class='ocrx_word' id='word_1_150' title='bbox 1303 1425 1408 1461; x_wconf 86' lang='lat' dir='ltr'>Flor.</span> <span class='ocrx_word' id='word_1_151' title='bbox 1437 1427 1475 1469; x_wconf 88' lang='lat' dir='ltr'>(a</span> <span class='ocrx_word' id='word_1_152' title='bbox 1497 1438 1559 1474; x_wconf 87' lang='lat' dir='ltr'>pr.</span> 
     </span>
     <span class='ocr_line' id='line_1_19' title="bbox 202 1477 1559 1531; baseline 0.003 -18"><span class='ocrx_word' id='word_1_153' title='bbox 202 1483 284 1526; x_wconf 82' lang='lat' dir='ltr'>m.)</span> <span class='ocrx_word' id='word_1_154' title='bbox 312 1482 411 1529; x_wconf 84' lang='lat' dir='ltr'>quia.</span> <span class='ocrx_word' id='word_1_155' title='bbox 640 1477 903 1527; x_wconf 73' lang='lat' dir='ltr'>spatiandum.</span> <span class='ocrx_word' id='word_1_156' title='bbox 946 1479 1082 1515; x_wconf 83' lang='lat' dir='ltr'>Ambr.</span> <span class='ocrx_word' id='word_1_157' title='bbox 1109 1489 1144 1515; x_wconf 88' lang='lat'>2.</span> <span class='ocrx_word' id='word_1_158' title='bbox 1180 1481 1307 1516; x_wconf 81' lang='lat' dir='ltr'>Guelf.</span> <span class='ocrx_word' id='word_1_159' title='bbox 1334 1481 1559 1531; x_wconf 82' lang='lat' dir='ltr'>spirandum</span> 
     </span>
     <span class='ocr_line' id='line_1_20' title="bbox 203 1534 1499 1585; baseline 0 -11"><span class='ocrx_word' id='word_1_160' title='bbox 203 1551 292 1574; x_wconf 84' lang='lat' dir='ltr'>cum</span> <span class='ocrx_word' id='word_1_161' title='bbox 313 1536 432 1573; x_wconf 80' lang='lat' dir='ltr'>Goth.</span> <span class='ocrx_word' id='word_1_162' title='bbox 452 1536 556 1574; x_wconf 85' lang='lat' dir='ltr'>Voss.</span> <span class='ocrx_word' id='word_1_163' title='bbox 580 1545 616 1570; x_wconf 77' lang='lat'>2.</span> <span class='ocrx_word' id='word_1_164' title='bbox 638 1535 739 1573; x_wconf 85' lang='lat' dir='ltr'>Vall.</span> <span class='ocrx_word' id='word_1_165' title='bbox 763 1535 862 1573; x_wconf 85' lang='lat' dir='ltr'>Jens.</span> <span class='ocrx_word' id='word_1_166' title='bbox 889 1546 927 1570; x_wconf 87' lang='lat' dir='ltr'>et</span> <span class='ocrx_word' id='word_1_167' title='bbox 947 1535 1032 1570; x_wconf 84' lang='lat' dir='ltr'>edd.</span> <span class='ocrx_word' id='word_1_168' title='bbox 1054 1537 1214 1585; x_wconf 83' lang='lat' dir='ltr'>posterr.</span> <span class='ocrx_word' id='word_1_169' title='bbox 1235 1549 1322 1574; x_wconf 74' lang='lat' dir='ltr'>ante</span> <span class='ocrx_word' id='word_1_170' title='bbox 1344 1538 1431 1574; x_wconf 80' lang='lat' dir='ltr'>Ald.</span> <span class='ocrx_word' id='word_1_171' title='bbox 1496 1534 1499 1537; x_wconf 44' lang='lat'>⁵</span> 
     </span>
    </p>

    <p class='ocr_par' dir='ltr' id='par_1_5' title="bbox 200 1590 1560 1702">
     <span class='ocr_line' id='line_1_21' title="bbox 315 1590 1560 1643; baseline 0.002 -15"><span class='ocrx_word' id='word_1_172' title='bbox 315 1607 379 1628; x_wconf 84' lang='lat' dir='ltr'>nec</span> <span class='ocrx_word' id='word_1_173' title='bbox 395 1606 634 1643; x_wconf 80' lang='lat' dir='ltr'>praeparare.</span> <span class='ocrx_word' id='word_1_174' title='bbox 665 1592 799 1628; x_wconf 81' lang='lat' dir='ltr'>Turic.</span> <span class='ocrx_word' id='word_1_175' title='bbox 817 1590 921 1628; x_wconf 88' lang='lat' dir='ltr'>Flor.</span> <span class='ocrx_word' id='word_1_176' title='bbox 944 1591 1030 1637; x_wconf 79' lang='lat' dir='ltr'>(hic</span> <span class='ocrx_word' id='word_1_177' title='bbox 1049 1606 1068 1627; x_wconf 82' lang='lat' dir='ltr'><strong>a</strong></span> <span class='ocrx_word' id='word_1_178' title='bbox 1085 1606 1145 1642; x_wconf 85' lang='lat' dir='ltr'>pr.</span> <span class='ocrx_word' id='word_1_179' title='bbox 1167 1594 1237 1640; x_wconf 90' lang='lat' dir='ltr'>m.)</span> <span class='ocrx_word' id='word_1_180' title='bbox 1262 1595 1453 1630; x_wconf 87' lang='lat' dir='ltr'>omittunt</span> <span class='ocrx_word' id='word_1_181' title='bbox 1467 1609 1560 1631; x_wconf 89' lang='lat' dir='ltr'>eum</span> 
     </span>
     <span class='ocr_line' id='line_1_22' title="bbox 200 1648 1558 1702; baseline 0 -15"><span class='ocrx_word' id='word_1_182' title='bbox 200 1650 304 1688; x_wconf 85' lang='lat' dir='ltr'>Alm.</span> <span class='ocrx_word' id='word_1_183' title='bbox 327 1665 362 1686; x_wconf 85' lang='grc' dir='ltr'>η.</span> <span class='ocrx_word' id='word_1_184' title='bbox 383 1663 604 1699; x_wconf 66' lang='lat' dir='ltr'>praeperat-e</span> <span class='ocrx_word' id='word_1_185' title='bbox 624 1649 761 1685; x_wconf 87' lang='lat' dir='ltr'>Ambr.</span> <span class='ocrx_word' id='word_1_186' title='bbox 783 1658 820 1685; x_wconf 87' lang='lat'>2.</span> <span class='ocrx_word' id='word_1_187' title='bbox 872 1649 973 1685; x_wconf 88' lang='lat' dir='ltr'>Cum</span> <span class='ocrx_word' id='word_1_188' title='bbox 994 1648 1090 1685; x_wconf 86' lang='lat' dir='ltr'>haec</span> <span class='ocrx_word' id='word_1_189' title='bbox 1112 1650 1282 1686; x_wconf 77' lang='lat' dir='ltr'>afuerint</span> <span class='ocrx_word' id='word_1_190' title='bbox 1304 1652 1350 1687; x_wconf 85' lang='lat' dir='ltr'>ab</span> <span class='ocrx_word' id='word_1_191' title='bbox 1371 1653 1558 1702; x_wconf 75' lang='lat' dir='ltr'>antiquis-</span> 
     </span>
    </p>
   </div>
   <div class='ocr_carea' id='block_1_5' title="bbox 127 1705 1557 1756">
    <p class='ocr_par' dir='ltr' id='par_1_6' title="bbox 127 1705 1557 1756">
     <span class='ocr_line' id='line_1_23' title="bbox 127 1705 1557 1756; baseline 0.001 -12"><span class='ocrx_word' id='word_1_192' title='bbox 127 1732 141 1744; x_wconf 65' lang='grc'><em>,</em></span> <span class='ocrx_word' id='word_1_193' title='bbox 199 1709 307 1744; x_wconf 87' lang='lat' dir='ltr'>simis</span> <span class='ocrx_word' id='word_1_194' title='bbox 328 1707 464 1754; x_wconf 81' lang='lat' dir='ltr'>libris,</span> <span class='ocrx_word' id='word_1_195' title='bbox 497 1705 686 1742; x_wconf 83' lang='lat' dir='ltr'>credibile</span> <span class='ocrx_word' id='word_1_196' title='bbox 709 1705 770 1747; x_wconf 89' lang='lat' dir='ltr'>est,</span> <span class='ocrx_word' id='word_1_197' title='bbox 805 1705 958 1755; x_wconf 80' lang='lat' dir='ltr'>aliquid</span> <span class='ocrx_word' id='word_1_198' title='bbox 982 1706 1115 1742; x_wconf 89' lang='lat' dir='ltr'>datum</span> <span class='ocrx_word' id='word_1_199' title='bbox 1137 1708 1342 1756; x_wconf 86' lang='lat' dir='ltr'>postmodo</span> <span class='ocrx_word' id='word_1_200' title='bbox 1368 1709 1441 1745; x_wconf 87' lang='lat' dir='ltr'>soli</span> <span class='ocrx_word' id='word_1_201' title='bbox 1464 1723 1557 1745; x_wconf 89' lang='lat' dir='ltr'>con-</span> 
     </span>
    </p>
   </div>
   <div class='ocr_carea' id='block_1_6' title="bbox 183 1762 1556 2040">
    <p class='ocr_par' dir='ltr' id='par_1_7' title="bbox 183 1762 1556 2040">
     <span class='ocr_line' id='line_1_24' title="bbox 199 1762 1556 1813; baseline 0.001 -13"><span class='ocrx_word' id='word_1_202' title='bbox 199 1767 384 1813; x_wconf 82' lang='lat' dir='ltr'>jecturae.</span> <span class='ocrx_word' id='word_1_203' title='bbox 452 1764 594 1811; x_wconf 84' lang='lat' dir='ltr'>Neque</span> <span class='ocrx_word' id='word_1_204' title='bbox 629 1763 733 1798; x_wconf 87' lang='lat' dir='ltr'>enim</span> <span class='ocrx_word' id='word_1_205' title='bbox 764 1763 869 1797; x_wconf 87' lang='lat' dir='ltr'>mihi</span> <span class='ocrx_word' id='word_1_206' title='bbox 899 1762 1027 1811; x_wconf 85' lang='lat' dir='ltr'>placet</span> <span class='ocrx_word' id='word_1_207' title='bbox 1055 1764 1223 1799; x_wconf 81' lang='lat' dir='ltr'>verbum</span> <span class='ocrx_word' id='word_1_208' title='bbox 1256 1779 1485 1812; x_wconf 77' lang='lat' dir='ltr'>praeparare</span> <span class='ocrx_word' id='word_1_209' title='bbox 1511 1767 1556 1803; x_wconf 85' lang='lat' dir='ltr'>in</span> 
     </span>
     <span class='ocr_line' id='line_1_25' title="bbox 199 1818 1555 1869; baseline 0.001 -13"><span class='ocrx_word' id='word_1_210' title='bbox 199 1821 279 1857; x_wconf 86' lang='grc'>1100</span> <span class='ocrx_word' id='word_1_211' title='bbox 300 1820 412 1860; x_wconf 83' lang='grc' dir='ltr'>100ος</span> <span class='ocrx_word' id='word_1_212' title='bbox 441 1833 513 1868; x_wconf 81' lang='lat' dir='ltr'>pro</span> <span class='ocrx_word' id='word_1_213' title='bbox 536 1832 615 1868; x_wconf 86' lang='lat' dir='ltr'>quo</span> <span class='ocrx_word' id='word_1_214' title='bbox 638 1818 774 1854; x_wconf 85' lang='lat' dir='ltr'>malim</span> <span class='ocrx_word' id='word_1_215' title='bbox 798 1829 964 1868; x_wconf 70' lang='lat' dir='ltr'>repetere</span> <span class='ocrx_word' id='word_1_216' title='bbox 981 1819 1047 1854; x_wconf 78' lang='lat' dir='ltr'>vel</span> <span class='ocrx_word' id='word_1_217' title='bbox 1068 1819 1141 1854; x_wconf 81' lang='lat' dir='ltr'>tale</span> <span class='ocrx_word' id='word_1_218' title='bbox 1162 1821 1270 1868; x_wconf 78' lang='lat' dir='ltr'>quid,</span> <span class='ocrx_word' id='word_1_219' title='bbox 1286 1821 1392 1869; x_wconf 87' lang='lat' dir='ltr'>quod</span> <span class='ocrx_word' id='word_1_220' title='bbox 1417 1823 1453 1857; x_wconf 88' lang='lat' dir='ltr'>ei</span> <span class='ocrx_word' id='word_1_221' title='bbox 1473 1822 1555 1858; x_wconf 83' lang='lat' dir='ltr'>for-</span> 
     </span>
     <span class='ocr_line' id='line_1_26' title="bbox 200 1875 1556 1926; baseline -0.004 -13"><span class='ocrx_word' id='word_1_222' title='bbox 200 1878 291 1913; x_wconf 85' lang='lat' dir='ltr'>taIIe</span> <span class='ocrx_word' id='word_1_223' title='bbox 311 1876 560 1926; x_wconf 83' lang='lat' dir='ltr'>persuadebo,</span> <span class='ocrx_word' id='word_1_224' title='bbox 594 1877 663 1924; x_wconf 88' lang='lat' dir='ltr'>qui</span> <span class='ocrx_word' id='word_1_225' title='bbox 682 1876 893 1924; x_wconf 77' lang='lat' dir='ltr'>inspexerit</span> <span class='ocrx_word' id='word_1_226' title='bbox 910 1875 1041 1911; x_wconf 86' lang='lat' dir='ltr'>locum</span> <span class='ocrx_word' id='word_1_227' title='bbox 1062 1891 1081 1911; x_wconf 83' lang='lat' dir='ltr'><strong>a</strong></span> <span class='ocrx_word' id='word_1_228' title='bbox 1107 1878 1274 1913; x_wconf 85' lang='lat' dir='ltr'>Gesnero</span> <span class='ocrx_word' id='word_1_229' title='bbox 1297 1878 1373 1924; x_wconf 80' lang='lat' dir='ltr'>jam</span> <span class='ocrx_word' id='word_1_230' title='bbox 1393 1878 1556 1914; x_wconf 88' lang='lat' dir='ltr'>demon.</span> 
     </span>
     <span class='ocr_line' id='line_1_27' title="bbox 199 1932 1556 1982; baseline 0.001 -12"><span class='ocrx_word' id='word_1_231' title='bbox 199 1936 358 1970; x_wconf 82' lang='lat' dir='ltr'>stratum</span> <span class='ocrx_word' id='word_1_232' title='bbox 388 1934 467 1969; x_wconf 85' lang='lat' dir='ltr'>Cic.</span> <span class='ocrx_word' id='word_1_233' title='bbox 499 1933 545 1968; x_wconf 87' lang='lat' dir='ltr'>de</span> <span class='ocrx_word' id='word_1_234' title='bbox 567 1932 636 1969; x_wconf 86' lang='lat' dir='ltr'>Or.</span> <span class='ocrx_word' id='word_1_235' title='bbox 666 1947 699 1973; x_wconf 87' lang='lat'>1,</span> <span class='ocrx_word' id='word_1_236' title='bbox 725 1940 789 1980; x_wconf 86' lang='lat'>59.</span> <span class='ocrx_word' id='word_1_237' title='bbox 849 1934 967 1967; x_wconf 89' lang='lat' dir='ltr'>Hunc</span> <span class='ocrx_word' id='word_1_238' title='bbox 989 1934 1164 1982; x_wconf 84' lang='lat' dir='ltr'>profecto</span> <span class='ocrx_word' id='word_1_239' title='bbox 1193 1933 1327 1969; x_wconf 84' lang='lat' dir='ltr'>locum</span> <span class='ocrx_word' id='word_1_240' title='bbox 1354 1945 1439 1970; x_wconf 78' lang='lat' dir='ltr'>ante</span> <span class='ocrx_word' id='word_1_241' title='bbox 1462 1948 1556 1971; x_wconf 88' lang='lat' dir='ltr'>ocu-</span> 
     </span>
     <span class='ocr_line' id='line_1_28' title="bbox 183 1989 1553 2040; baseline 0.001 -12"><span class='ocrx_word' id='word_1_242' title='bbox 183 1991 260 2040; x_wconf 76' lang='grc' dir='ltr'>ι105</span> <span class='ocrx_word' id='word_1_243' title='bbox 279 1991 454 2028; x_wconf 79' lang='lat' dir='ltr'>habuiffe</span> <span class='ocrx_word' id='word_1_244' title='bbox 467 1990 652 2031; x_wconf 85' lang='lat' dir='ltr'>nostrum,</span> <span class='ocrx_word' id='word_1_245' title='bbox 679 2002 769 2025; x_wconf 91' lang='lat' dir='ltr'>cum</span> <span class='ocrx_word' id='word_1_246' title='bbox 788 1989 855 2025; x_wconf 85' lang='lat' dir='ltr'>ista</span> <span class='ocrx_word' id='word_1_247' title='bbox 868 1989 1059 2031; x_wconf 78' lang='lat' dir='ltr'>scriberet,</span> <span class='ocrx_word' id='word_1_248' title='bbox 1081 2004 1197 2027; x_wconf 86' lang='lat' dir='ltr'>nemo</span> <span class='ocrx_word' id='word_1_249' title='bbox 1215 1990 1328 2027; x_wconf 64' lang='lat' dir='ltr'>facile</span> <span class='ocrx_word' id='word_1_250' title='bbox 1344 1991 1553 2030; x_wconf 84' lang='lat' dir='ltr'>dubitabit.</span> 
     </span>
    </p>
   </div>
   <div class='ocr_carea' id='block_1_7' title="bbox 167 2144 1559 2710">
    <p class='ocr_par' dir='ltr' id='par_1_8' title="bbox 167 2144 1559 2710">
     <span class='ocr_line' id='line_1_29' title="bbox 252 2144 1558 2198; baseline 0 -12"><span class='ocrx_word' id='word_1_251' title='bbox 252 2149 356 2186; x_wconf 85' lang='lat' dir='ltr'>Nam</span> <span class='ocrx_word' id='word_1_252' title='bbox 386 2147 574 2197; x_wconf 74' lang='lat' dir='ltr'>fatigatio</span> <span class='ocrx_word' id='word_1_253' title='bbox 614 2166 670 2175; x_wconf 91' lang='lat'>·--</span> <span class='ocrx_word' id='word_1_254' title='bbox 711 2144 845 2197; x_wconf 80' lang='lat' dir='ltr'>afficit.</span> <span class='ocrx_word' id='word_1_255' title='bbox 904 2148 1179 2184; x_wconf 82' lang='lat' dir='ltr'>Accusativum</span> <span class='ocrx_word' id='word_1_256' title='bbox 1207 2160 1335 2184; x_wconf 90' lang='lat' dir='ltr'>autem</span> <span class='ocrx_word' id='word_1_257' title='bbox 1360 2149 1407 2184; x_wconf 81' lang='lat' dir='ltr'>ad</span> <span class='ocrx_word' id='word_1_258' title='bbox 1434 2146 1558 2198; x_wconf 74' lang='lat' dir='ltr'>afficit</span> 
     </span>
     <span class='ocr_line' id='line_1_30' title="bbox 195 2205 1556 2255; baseline 0.001 -12"><span class='ocrx_word' id='word_1_259' title='bbox 195 2207 274 2243; x_wconf 88' lang='lat' dir='ltr'>Hic</span> <span class='ocrx_word' id='word_1_260' title='bbox 294 2220 452 2255; x_wconf 86' lang='lat' dir='ltr'>quoque</span> <span class='ocrx_word' id='word_1_261' title='bbox 469 2207 569 2241; x_wconf 85' lang='lat' dir='ltr'>Nam</span> <span class='ocrx_word' id='word_1_262' title='bbox 591 2205 846 2254; x_wconf 78' lang='lat' dir='ltr'>interpretare</span> <span class='ocrx_word' id='word_1_263' title='bbox 907 2220 955 2241; x_wconf 84' lang='lat' dir='ltr'>ex</span> <span class='ocrx_word' id='word_1_264' title='bbox 972 2206 1157 2255; x_wconf 80' lang='lat' dir='ltr'>proximo</span> <span class='ocrx_word' id='word_1_265' title='bbox 1177 2217 1308 2255; x_wconf 84' lang='lat' dir='ltr'>repete</span> <span class='ocrx_word' id='word_1_266' title='bbox 1331 2221 1480 2247; x_wconf 76' lang='lat' dir='ltr'>vocem,·</span> <span class='ocrx_word' id='word_1_267' title='bbox 1502 2208 1556 2244; x_wconf 82' lang='lat' dir='ltr'>fic</span> 
     </span>
     <span class='ocr_line' id='line_1_31' title="bbox 196 2262 1554 2313; baseline 0.001 -14"><span class='ocrx_word' id='word_1_268' title='bbox 196 2264 434 2312; x_wconf 83' lang='lat' dir='ltr'>respiciendo</span> <span class='ocrx_word' id='word_1_269' title='bbox 452 2263 499 2298; x_wconf 83' lang='lat' dir='ltr'>ad</span> <span class='ocrx_word' id='word_1_270' title='bbox 518 2262 739 2297; x_wconf 79' lang='lat' dir='ltr'>sententiam</span> <span class='ocrx_word' id='word_1_271' title='bbox 753 2276 848 2311; x_wconf 81' lang='lat' dir='ltr'>pau-</span> <span class='ocrx_word' id='word_1_272' title='bbox 906 2273 1076 2312; x_wconf 85' lang='lat' dir='ltr'>apparet,</span> <span class='ocrx_word' id='word_1_273' title='bbox 1111 2263 1207 2311; x_wconf 80' lang='lat' dir='ltr'>quid</span> <span class='ocrx_word' id='word_1_274' title='bbox 1237 2263 1283 2298; x_wconf 84' lang='lat' dir='ltr'>sit</span> <span class='ocrx_word' id='word_1_275' title='bbox 1314 2272 1354 2298; x_wconf 77' lang='lat' dir='ltr'>ut</span> <span class='ocrx_word' id='word_1_276' title='bbox 1382 2277 1554 2313; x_wconf 84' lang='lat' dir='ltr'>corpora.</span> 
     </span>
     <span class='ocr_line' id='line_1_32' title="bbox 197 2319 1554 2369; baseline 0.001 -13"><span class='ocrx_word' id='word_1_277' title='bbox 197 2319 239 2356; x_wconf 86' lang='lat' dir='ltr'>lo</span> <span class='ocrx_word' id='word_1_278' title='bbox 284 2330 370 2355; x_wconf 84' lang='lat' dir='ltr'>ante</span> <span class='ocrx_word' id='word_1_279' title='bbox 418 2319 676 2368; x_wconf 75' lang='lat' dir='ltr'>suppreffan1;</span> <span class='ocrx_word' id='word_1_280' title='bbox 738 2319 848 2368; x_wconf 85' lang='lat' dir='ltr'>quod</span> <span class='ocrx_word' id='word_1_281' title='bbox 904 2321 1054 2355; x_wconf 75' lang='lat' dir='ltr'>Pariter</span> <span class='ocrx_word' id='word_1_282' title='bbox 1084 2329 1123 2355; x_wconf 76' lang='lat' dir='ltr'>ut</span> <span class='ocrx_word' id='word_1_283' title='bbox 1145 2333 1299 2369; x_wconf 84' lang='lat' dir='ltr'>corpora</span> <span class='ocrx_word' id='word_1_284' title='bbox 1325 2320 1554 2369; x_wconf 79' lang='lat' dir='ltr'>fatigatione</span> 
     </span>
     <span class='ocr_line' id='line_1_33' title="bbox 194 2375 1559 2417; baseline 0.002 -5"><span class='ocrx_word' id='word_1_285' title='bbox 194 2375 398 2412; x_wconf 73' lang='lat' dir='ltr'>rectissime</span> <span class='ocrx_word' id='word_1_286' title='bbox 436 2376 584 2417; x_wconf 86' lang='lat' dir='ltr'>tenuit,</span> <span class='ocrx_word' id='word_1_287' title='bbox 634 2376 701 2412; x_wconf 84' lang='lat' dir='ltr'>suo</span> <span class='ocrx_word' id='word_1_288' title='bbox 735 2389 846 2412; x_wconf 87' lang='lat' dir='ltr'>more</span> <span class='ocrx_word' id='word_1_289' title='bbox 907 2378 1024 2412; x_wconf 81' lang='lat' dir='ltr'>etiam</span> <span class='ocrx_word' id='word_1_290' title='bbox 1064 2377 1107 2412; x_wconf 86' lang='lat' dir='ltr'>iu</span> <span class='ocrx_word' id='word_1_291' title='bbox 1139 2376 1320 2412; x_wconf 85' lang='lat' dir='ltr'>futurum</span> <span class='ocrx_word' id='word_1_292' title='bbox 1353 2377 1559 2415; x_wconf 76' lang='lat' dir='ltr'>debilitari</span> 
     </span>
     <span class='ocr_line' id='line_1_34' title="bbox 197 2431 1552 2481; baseline 0.002 -13"><span class='ocrx_word' id='word_1_293' title='bbox 197 2431 513 2480; x_wconf 81' lang='lat' dir='ltr'>circumloquens</span> <span class='ocrx_word' id='word_1_294' title='bbox 534 2458 544 2473; x_wconf 92' lang='lat'>,</span> <span class='ocrx_word' id='word_1_295' title='bbox 617 2433 843 2481; x_wconf 76' lang='lat' dir='ltr'>Gedoynus,</span> <span class='ocrx_word' id='word_1_296' title='bbox 901 2434 1103 2470; x_wconf 81' lang='lat' dir='ltr'>videamus</span> <span class='ocrx_word' id='word_1_297' title='bbox 1119 2460 1129 2474; x_wconf 96' lang='lat'><em>‚</em></span> <span class='ocrx_word' id='word_1_298' title='bbox 1168 2434 1223 2468; x_wconf 80' lang='lat' dir='ltr'>ita</span> <span class='ocrx_word' id='word_1_299' title='bbox 1253 2444 1290 2470; x_wconf 88' lang='lat' dir='ltr'>et</span> <span class='ocrx_word' id='word_1_300' title='bbox 1317 2447 1444 2471; x_wconf 80' lang='lat' dir='ltr'>vocem</span> <span class='ocrx_word' id='word_1_301' title='bbox 1465 2448 1552 2472; x_wconf 85' lang='lat' dir='ltr'>cor-</span> 
     </span>
     <span class='ocr_line' id='line_1_35' title="bbox 167 2486 1202 2540; baseline 0.001 -15"><span class='ocrx_word' id='word_1_302' title='bbox 167 2518 170 2520; x_wconf 74' lang='grc'>.</span> <span class='ocrx_word' id='word_1_303' title='bbox 197 2489 542 2538; x_wconf 79' lang='lat' dir='ltr'>duminterponit:</span> <span class='ocrx_word' id='word_1_304' title='bbox 568 2486 846 2537; x_wconf 46' lang='lat' dir='ltr'>fatigationem</span> <span class='ocrx_word' id='word_1_305' title='bbox 901 2491 1036 2540; x_wconf 84' lang='lat' dir='ltr'>rumpi</span> <span class='ocrx_word' id='word_1_306' title='bbox 1055 2501 1202 2527; x_wconf 82' lang='lat' dir='ltr'>monet.</span> 
     </span>
     <span class='ocr_line' id='line_1_36' title="bbox 198 2544 847 2596; baseline 0.003 -15"><span class='ocrx_word' id='word_1_307' title='bbox 198 2560 325 2581; x_wconf 76' lang='lat' dir='ltr'>cavere</span> <span class='ocrx_word' id='word_1_308' title='bbox 344 2560 388 2581; x_wconf 81' lang='lat' dir='ltr'>ne</span> <span class='ocrx_word' id='word_1_309' title='bbox 409 2559 501 2595; x_wconf 85' lang='lat' dir='ltr'>opus</span> <span class='ocrx_word' id='word_1_310' title='bbox 522 2548 668 2595; x_wconf 83' lang='lat' dir='ltr'>quidem</span> <span class='ocrx_word' id='word_1_311' title='bbox 696 2544 770 2596; x_wconf 77' lang='lat' dir='ltr'>est,</span> <span class='ocrx_word' id='word_1_312' title='bbox 801 2562 847 2584; x_wconf 84' lang='lat' dir='ltr'>ea</span> 
     </span>
     <span class='ocr_line' id='line_1_37' title="bbox 198 2602 1556 2656; baseline 0.003 -16"><span class='ocrx_word' id='word_1_313' title='bbox 198 2605 298 2640; x_wconf 79' lang='lat' dir='ltr'>enim</span> <span class='ocrx_word' id='word_1_314' title='bbox 318 2614 388 2639; x_wconf 87' lang='lat' dir='ltr'>etc.</span> <span class='ocrx_word' id='word_1_315' title='bbox 419 2602 466 2639; x_wconf 86' lang='lat' dir='ltr'>cf.</span> <span class='ocrx_word' id='word_1_316' title='bbox 491 2615 536 2650; x_wconf 84' lang='lat'>9,</span> <span class='ocrx_word' id='word_1_317' title='bbox 570 2609 615 2647; x_wconf 75' lang='grc'>4,</span> <span class='ocrx_word' id='word_1_318' title='bbox 640 2610 707 2649; x_wconf 77' lang='grc'>34.</span> <span class='ocrx_word' id='word_1_319' title='bbox 743 2617 785 2645; x_wconf 87' lang='grc'>1,</span> <span class='ocrx_word' id='word_1_320' title='bbox 807 2612 848 2649; x_wconf 84' lang='lat'>5,</span> <span class='ocrx_word' id='word_1_321' title='bbox 964 2613 1029 2641; x_wconf 84' lang='lat'>22.</span> <span class='ocrx_word' id='word_1_322' title='bbox 1068 2619 1134 2647; x_wconf 64' lang='lat' dir='ltr'>nec</span> <span class='ocrx_word' id='word_1_323' title='bbox 1174 2618 1413 2656; x_wconf 79' lang='lat' dir='ltr'>praeparare.</span> <span class='ocrx_word' id='word_1_324' title='bbox 1461 2607 1556 2644; x_wconf 70' lang='lat' dir='ltr'>vide</span> 
     </span>
     <span class='ocr_line' id='line_1_38' title="bbox 201 2659 1103 2710; baseline 0.003 -14"><span class='ocrx_word' id='word_1_325' title='bbox 201 2659 266 2705; x_wconf 83' lang='lat'>67.</span> <span class='ocrx_word' id='word_1_326' title='bbox 303 2675 338 2702; x_wconf 82' lang='lat'>1,</span> <span class='ocrx_word' id='word_1_327' title='bbox 368 2672 431 2702; x_wconf 80' lang='grc' dir='ltr'>ιι,</span> <span class='ocrx_word' id='word_1_328' title='bbox 460 2672 522 2696; x_wconf 82' lang='grc' dir='ltr'>ιο.</span> <span class='ocrx_word' id='word_1_329' title='bbox 565 2671 603 2702; x_wconf 82' lang='lat'>2,</span> <span class='ocrx_word' id='word_1_330' title='bbox 630 2667 667 2705; x_wconf 77' lang='grc'>4,</span> <span class='ocrx_word' id='word_1_331' title='bbox 696 2673 758 2710; x_wconf 84' lang='lat'>²9-</span> <span class='ocrx_word' id='word_1_332' title='bbox 780 2672 847 2707; x_wconf 87' lang='lat'>27.</span> <span class='ocrx_word' id='word_1_333' title='bbox 906 2673 989 2699; x_wconf 84' lang='lat' dir='ltr'>not.</span> <span class='ocrx_word' id='word_1_334' title='bbox 1015 2662 1103 2699; x_wconf 77' lang='lat' dir='ltr'>crit.</span> 
     </span>
    </p>
   </div>
   <div class='ocr_carea' id='block_1_8' title="bbox 1581 403 1634 430">
    <p class='ocr_par' dir='ltr' id='par_1_9' title="bbox 1581 403 1634 430">
     <span class='ocr_line' id='line_1_39' title="bbox 1581 403 1634 430; baseline 0 0"><span class='ocrx_word' id='word_1_335' title='bbox 1581 403 1634 430; x_wconf 87' lang='lat'>22</span> 
     </span>
    </p>
   </div>
  </div>
 </body>
</html>
