<?xml version="1.0" encoding="UTF-8"?>
<!DOCTYPE html PUBLIC "-//W3C//DTD XHTML 1.0 Transitional//EN"
    "http://www.w3.org/TR/xhtml1/DTD/xhtml1-transitional.dtd">
<html xmlns="http://www.w3.org/1999/xhtml" xml:lang="en" lang="en">
 <head>
  <title>
</title>
<meta http-equiv="Content-Type" content="text/html;charset=utf-8" />
  <meta name='ocr-system' content='tesseract 3.04.00' />
  <meta name='ocr-capabilities' content='ocr_page ocr_carea ocr_par ocr_line ocrx_word'/>
</head>
<body>
  <div class='ocr_page' id='page_1' title='image "./deinstitutioneor04quinuoft_0439.png"; bbox 0 0 1779 3062; ppageno 0'>
   <div class='ocr_carea' id='block_1_1' title="bbox 404 185 1506 246">
    <p class='ocr_par' dir='ltr' id='par_1_1' title="bbox 404 185 1506 246">
     <span class='ocr_line' id='line_1_1' title="bbox 404 185 1506 246; baseline -0.001 -15"><span class='ocrx_word' id='word_1_1' title='bbox 404 186 567 231; x_wconf 83' lang='lat' dir='ltr'><strong>INST.</strong></span> <span class='ocrx_word' id='word_1_2' title='bbox 606 185 883 233; x_wconf 79' lang='lat' dir='ltr'><strong>ORATOR.</strong></span> <span class='ocrx_word' id='word_1_3' title='bbox 921 187 1175 238; x_wconf 54' lang='lat' dir='ltr'>LIB.&#39;X1.·</span> <span class='ocrx_word' id='word_1_4' title='bbox 1212 199 1257 241; x_wconf 76' lang='lat'>3.</span> <span class='ocrx_word' id='word_1_5' title='bbox 1407 195 1506 246; x_wconf 73' lang='lat'>413</span> 
     </span>
    </p>
   </div>
   <div class='ocr_carea' id='block_1_2' title="bbox 157 311 1593 1075">
    <p class='ocr_par' dir='ltr' id='par_1_2' title="bbox 157 311 1593 1075">
     <span class='ocr_line' id='line_1_2' title="bbox 160 311 1505 380; baseline -0.001 -16"><span class='ocrx_word' id='word_1_6' title='bbox 160 319 266 367; x_wconf 63' lang='lat' dir='ltr'>Vox</span> <span class='ocrx_word' id='word_1_7' title='bbox 314 314 403 361; x_wconf 83' lang='lat' dir='ltr'>vel</span> <span class='ocrx_word' id='word_1_8' title='bbox 451 313 592 360; x_wconf 87' lang='lat' dir='ltr'>inter</span> <span class='ocrx_word' id='word_1_9' title='bbox 639 311 823 363; x_wconf 82' lang='lat' dir='ltr'>dentes</span> <span class='ocrx_word' id='word_1_10' title='bbox 865 313 1093 380; x_wconf 82' lang='lat' dir='ltr'>expressa</span> <span class='ocrx_word' id='word_1_11' title='bbox 1127 333 1240 365; x_wconf 89' lang='lat' dir='ltr'>non</span> <span class='ocrx_word' id='word_1_12' title='bbox 1272 312 1505 372; x_wconf 80' lang='lat' dir='ltr'>dedecet,</span> 
     </span>
     <span class='ocr_line' id='line_1_3' title="bbox 164 389 1508 466; baseline -0.001 -25"><span class='ocrx_word' id='word_1_13' title='bbox 164 391 309 466; x_wconf 67' lang='lat' dir='ltr'>Quid</span> <span class='ocrx_word' id='word_1_14' title='bbox 332 407 462 438; x_wconf 82' lang='lat' dir='ltr'>nzmc</span> <span class='ocrx_word' id='word_1_15' title='bbox 492 391 693 457; x_wconf 73' lang='lat' dir='ltr'>agam?</span> <span class='ocrx_word' id='word_1_16' title='bbox 735 389 878 460; x_wconf 67' lang='lat' dir='ltr'>Quid</span> <span class='ocrx_word' id='word_1_17' title='bbox 895 390 1118 461; x_wconf 72' lang='lat' dir='ltr'>facias?</span> <span class='ocrx_word' id='word_1_18' title='bbox 1159 391 1358 441; x_wconf 83' lang='lat' dir='ltr'>Averso</span> <span class='ocrx_word' id='word_1_19' title='bbox 1388 392 1508 458; x_wconf 86' lang='lat' dir='ltr'>pol-</span> 
     </span>
     <span class='ocr_line' id='line_1_4' title="bbox 157 465 1504 535; baseline 0.001 -17"><span class='ocrx_word' id='word_1_20' title='bbox 157 470 259 518; x_wconf 88' lang='lat' dir='ltr'>lice</span> <span class='ocrx_word' id='word_1_21' title='bbox 310 465 668 516; x_wconf 79' lang='lat' dir='ltr'>demonstrare</span> <span class='ocrx_word' id='word_1_22' title='bbox 705 466 967 530; x_wconf 82' lang='lat' dir='ltr'>aliquem,</span> <span class='ocrx_word' id='word_1_23' title='bbox 1032 480 1308 535; x_wconf 82' lang='lat' dir='ltr'>receptum</span> <span class='ocrx_word' id='word_1_24' title='bbox 1338 471 1504 535; x_wconf 81' lang='lat' dir='ltr'>magis</span> 
     </span>
     <span class='ocr_line' id='line_1_5' title="bbox 157 542 1586 614; baseline -0.001 -18"><span class='ocrx_word' id='word_1_25' title='bbox 157 557 308 614; x_wconf 83' lang='lat' dir='ltr'>puto,</span> <span class='ocrx_word' id='word_1_26' title='bbox 338 561 497 610; x_wconf 78' lang='lat' dir='ltr'>quam</span> <span class='ocrx_word' id='word_1_27' title='bbox 523 543 719 593; x_wconf 80' lang='lat' dir='ltr'>oratori</span> <span class='ocrx_word' id='word_1_28' title='bbox 746 542 1015 594; x_wconf 76' lang='lat' dir='ltr'>dedorum.</span> <span class='ocrx_word' id='word_1_29' title='bbox 1058 546 1160 595; x_wconf 82' lang='lat' dir='ltr'>Sed</span> <span class='ocrx_word' id='word_1_30' title='bbox 1181 564 1304 595; x_wconf 88' lang='lat' dir='ltr'>cum</span> <span class='ocrx_word' id='word_1_31' title='bbox 1330 547 1505 596; x_wconf 85' lang='lat' dir='ltr'>omnis</span> <span class='ocrx_word' id='word_1_32' title='bbox 1517 561 1586 601; x_wconf 81' lang='lat'>105</span> 
     </span>
     <span class='ocr_line' id='line_1_6' title="bbox 157 620 1511 689; baseline -0.002 -15"><span class='ocrx_word' id='word_1_33' title='bbox 157 635 337 674; x_wconf 83' lang='lat' dir='ltr'>motus</span> <span class='ocrx_word' id='word_1_34' title='bbox 362 621 449 671; x_wconf 74' lang='lat' dir='ltr'>sex</span> <span class='ocrx_word' id='word_1_35' title='bbox 479 631 655 687; x_wconf 37' lang='lat' dir='ltr'>partes*</span> <span class='ocrx_word' id='word_1_36' title='bbox 671 620 874 689; x_wconf 57' lang='lat' dir='ltr'>habear,</span> <span class='ocrx_word' id='word_1_37' title='bbox 913 620 1168 686; x_wconf 80' lang='lat' dir='ltr'>septimus</span> <span class='ocrx_word' id='word_1_38' title='bbox 1192 621 1256 671; x_wconf 80' lang='lat' dir='ltr'>[it</span> <span class='ocrx_word' id='word_1_39' title='bbox 1278 624 1388 681; x_wconf 90' lang='lat' dir='ltr'>ille,</span> <span class='ocrx_word' id='word_1_40' title='bbox 1414 625 1511 689; x_wconf 90' lang='lat' dir='ltr'>qui</span> 
     </span>
     <span class='ocr_line' id='line_1_7' title="bbox 158 696 1513 756; baseline -0.001 -5"><span class='ocrx_word' id='word_1_41' title='bbox 158 703 218 751; x_wconf 88' lang='lat' dir='ltr'>in</span> <span class='ocrx_word' id='word_1_42' title='bbox 255 700 302 748; x_wconf 86' lang='lat' dir='ltr'>se</span> <span class='ocrx_word' id='word_1_43' title='bbox 333 699 497 756; x_wconf 85' lang='lat' dir='ltr'>redit,</span> <span class='ocrx_word' id='word_1_44' title='bbox 539 699 708 756; x_wconf 83' lang='lat' dir='ltr'>orbis,</span> <span class='ocrx_word' id='word_1_45' title='bbox 748 696 936 748; x_wconf 83' lang='lat' dir='ltr'>vitiosa</span> <span class='ocrx_word' id='word_1_46' title='bbox 961 697 1031 746; x_wconf 86' lang='lat' dir='ltr'>est</span> <span class='ocrx_word' id='word_1_47' title='bbox 1053 717 1160 749; x_wconf 85' lang='lat' dir='ltr'>una</span> <span class='ocrx_word' id='word_1_48' title='bbox 1190 701 1513 749; x_wconf 79' lang='lat' dir='ltr'>circumver-</span> 
     </span>
     <span class='ocr_line' id='line_1_8' title="bbox 158 774 1513 842; baseline -0.001 -15"><span class='ocrx_word' id='word_1_49' title='bbox 158 777 263 827; x_wconf 86' lang='lat' dir='ltr'>sio:</span> <span class='ocrx_word' id='word_1_50' title='bbox 305 777 518 840; x_wconf 85' lang='lat' dir='ltr'>reliqui,</span> <span class='ocrx_word' id='word_1_51' title='bbox 561 786 679 823; x_wconf 82' lang='lat' dir='ltr'>ante</span> <span class='ocrx_word' id='word_1_52' title='bbox 701 792 817 832; x_wconf 88' lang='lat' dir='ltr'>nos,</span> <span class='ocrx_word' id='word_1_53' title='bbox 859 786 910 823; x_wconf 90' lang='lat' dir='ltr'>et</span> <span class='ocrx_word' id='word_1_54' title='bbox 941 774 1120 824; x_wconf 80' lang='lat' dir='ltr'>dextra</span> <span class='ocrx_word' id='word_1_55' title='bbox 1144 779 1425 842; x_wconf 82' lang='lat' dir='ltr'>laevaque,</span> <span class='ocrx_word' id='word_1_56' title='bbox 1459 788 1513 826; x_wconf 84' lang='lat' dir='ltr'>et</span> 
     </span>
     <span class='ocr_line' id='line_1_9' title="bbox 157 851 1513 921; baseline -0.001 -16"><span class='ocrx_word' id='word_1_57' title='bbox 157 854 365 905; x_wconf 82' lang='lat' dir='ltr'>sursum</span> <span class='ocrx_word' id='word_1_58' title='bbox 391 863 440 902; x_wconf 85' lang='lat' dir='ltr'>et</span> <span class='ocrx_word' id='word_1_59' title='bbox 471 851 722 902; x_wconf 86' lang='lat' dir='ltr'>deorsum</span> <span class='ocrx_word' id='word_1_60' title='bbox 744 851 950 917; x_wconf 81' lang='lat' dir='ltr'>aliquid</span> <span class='ocrx_word' id='word_1_61' title='bbox 972 851 1284 903; x_wconf 85' lang='lat' dir='ltr'>ostendunt:</span> <span class='ocrx_word' id='word_1_62' title='bbox 1328 855 1387 902; x_wconf 87' lang='lat' dir='ltr'>in</span> <span class='ocrx_word' id='word_1_63' title='bbox 1415 872 1513 921; x_wconf 81' lang='lat' dir='ltr'>po-</span> 
     </span>
     <span class='ocr_line' id='line_1_10' title="bbox 157 929 1532 995; baseline -0.002 -13"><span class='ocrx_word' id='word_1_64' title='bbox 157 933 374 992; x_wconf 81' lang='lat' dir='ltr'>steriora</span> <span class='ocrx_word' id='word_1_65' title='bbox 400 929 571 995; x_wconf 79' lang='lat' dir='ltr'>gestus</span> <span class='ocrx_word' id='word_1_66' title='bbox 594 947 706 979; x_wconf 87' lang='lat' dir='ltr'>non</span> <span class='ocrx_word' id='word_1_67' title='bbox 741 929 1006 995; x_wconf 80' lang='lat' dir='ltr'>dirigitur.</span> <span class='ocrx_word' id='word_1_68' title='bbox 1084 932 1306 980; x_wconf 85' lang='lat' dir='ltr'>Interim</span> <span class='ocrx_word' id='word_1_69' title='bbox 1336 941 1532 979; x_wconf 83' lang='lat' dir='ltr'>tamen·</span> 
     </span>
     <span class='ocr_line' id='line_1_11' title="bbox 158 1005 1593 1075; baseline -0.002 -16"><span class='ocrx_word' id='word_1_70' title='bbox 158 1011 308 1060; x_wconf 82' lang='lat' dir='ltr'>velut</span> <span class='ocrx_word' id='word_1_71' title='bbox 330 1008 479 1070; x_wconf 80' lang='lat' dir='ltr'>rejici</span> <span class='ocrx_word' id='word_1_72' title='bbox 498 1005 642 1056; x_wconf 83' lang='lat' dir='ltr'>solet.</span> <span class='ocrx_word' id='word_1_73' title='bbox 687 1008 901 1075; x_wconf 84' lang='lat' dir='ltr'>Optime</span> <span class='ocrx_word' id='word_1_74' title='bbox 922 1018 1101 1058; x_wconf 84' lang='lat' dir='ltr'>autem</span> <span class='ocrx_word' id='word_1_75' title='bbox 1124 1025 1313 1058; x_wconf 77' lang='lat' dir='ltr'>manus</span> <span class='ocrx_word' id='word_1_76' title='bbox 1336 1025 1362 1056; x_wconf 87' lang='lat' dir='ltr'>a</span> <span class='ocrx_word' id='word_1_77' title='bbox 1384 1006 1593 1057; x_wconf 73' lang='lat' dir='ltr'>[ini-106</span> 
     </span>
    </p>
   </div>
   <div class='ocr_carea' id='block_1_3' title="bbox 158 1187 1518 1521">
    <p class='ocr_par' dir='ltr' id='par_1_3' title="bbox 158 1187 1518 1521">
     <span class='ocr_line' id='line_1_12' title="bbox 158 1187 1517 1239; baseline -0.001 -13"><span class='ocrx_word' id='word_1_78' title='bbox 158 1187 428 1239; x_wconf 78' lang='lat' dir='ltr'>suspicionem,</span> <span class='ocrx_word' id='word_1_79' title='bbox 462 1188 604 1238; x_wconf 80' lang='lat' dir='ltr'>quibus</span> <span class='ocrx_word' id='word_1_80' title='bbox 627 1188 814 1225; x_wconf 81' lang='lat' dir='ltr'>accedunt</span> <span class='ocrx_word' id='word_1_81' title='bbox 833 1189 952 1226; x_wconf 85' lang='lat' dir='ltr'>Goth.</span> <span class='ocrx_word' id='word_1_82' title='bbox 971 1189 1076 1230; x_wconf 71' lang='lat' dir='ltr'>Vols.</span> <span class='ocrx_word' id='word_1_83' title='bbox 1102 1204 1133 1226; x_wconf 91' lang='lat'>1.</span> <span class='ocrx_word' id='word_1_84' title='bbox 1159 1201 1194 1226; x_wconf 82' lang='lat'>2.</span> <span class='ocrx_word' id='word_1_85' title='bbox 1216 1199 1254 1234; x_wconf 79' lang='lat'>5.</span> <span class='ocrx_word' id='word_1_86' title='bbox 1439 1201 1517 1224; x_wconf 85' lang='lat' dir='ltr'>non</span> 
     </span>
     <span class='ocr_line' id='line_1_13' title="bbox 159 1245 1515 1295; baseline -0.001 -13"><span class='ocrx_word' id='word_1_87' title='bbox 159 1246 323 1284; x_wconf 76' lang='lat' dir='ltr'>dedecet.</span> <span class='ocrx_word' id='word_1_88' title='bbox 361 1246 489 1282; x_wconf 82' lang='lat' dir='ltr'>Guelf.</span> <span class='ocrx_word' id='word_1_89' title='bbox 515 1247 649 1294; x_wconf 84' lang='lat' dir='ltr'>Camp.</span> <span class='ocrx_word' id='word_1_90' title='bbox 683 1259 770 1281; x_wconf 86' lang='lat' dir='ltr'>cum</span> <span class='ocrx_word' id='word_1_91' title='bbox 794 1247 898 1286; x_wconf 83' lang='lat' dir='ltr'>Voss.</span> <span class='ocrx_word' id='word_1_92' title='bbox 928 1260 961 1283; x_wconf 84' lang='lat'>1.</span> <span class='ocrx_word' id='word_1_93' title='bbox 994 1261 1068 1282; x_wconf 85' lang='lat' dir='ltr'>non</span> <span class='ocrx_word' id='word_1_94' title='bbox 1092 1249 1204 1283; x_wconf 71' lang='lat' dir='ltr'>decet.</span> <span class='ocrx_word' id='word_1_95' title='bbox 1226 1247 1380 1295; x_wconf 79' lang='lat' dir='ltr'>Perspp.</span> <span class='ocrx_word' id='word_1_96' title='bbox 1403 1245 1515 1281; x_wconf 78' lang='lat' dir='ltr'>Rufe.</span> 
     </span>
     <span class='ocr_line' id='line_1_14' title="bbox 160 1302 1517 1352; baseline -0.003 -12"><span class='ocrx_word' id='word_1_97' title='bbox 160 1319 197 1340; x_wconf 80' lang='lat' dir='ltr'>n.</span> <span class='ocrx_word' id='word_1_98' title='bbox 231 1304 391 1337; x_wconf 78' lang='lat' dir='ltr'>decedet.</span> <span class='ocrx_word' id='word_1_99' title='bbox 444 1303 560 1349; x_wconf 80' lang='lat' dir='ltr'>Quod</span> <span class='ocrx_word' id='word_1_100' title='bbox 593 1304 725 1339; x_wconf 82' lang='lat' dir='ltr'>Burm.</span> <span class='ocrx_word' id='word_1_101' title='bbox 758 1317 776 1338; x_wconf 85' lang='lat' dir='ltr'>e</span> <span class='ocrx_word' id='word_1_102' title='bbox 807 1304 911 1338; x_wconf 89' lang='lat' dir='ltr'>notis</span> <span class='ocrx_word' id='word_1_103' title='bbox 935 1304 1050 1338; x_wconf 86' lang='lat' dir='ltr'>Badii</span> <span class='ocrx_word' id='word_1_104' title='bbox 1081 1304 1219 1352; x_wconf 81' lang='lat' dir='ltr'>colligi</span> <span class='ocrx_word' id='word_1_105' title='bbox 1249 1302 1472 1339; x_wconf 81' lang='lat' dir='ltr'>exhibitum</span> <span class='ocrx_word' id='word_1_106' title='bbox 1496 1315 1517 1336; x_wconf 83' lang='lat' dir='ltr'>a</span> 
     </span>
     <span class='ocr_line' id='line_1_15' title="bbox 163 1357 1517 1409; baseline -0.002 -14"><span class='ocrx_word' id='word_1_107' title='bbox 163 1359 401 1409; x_wconf 84' lang='lat' dir='ltr'>quibusdam</span> <span class='ocrx_word' id='word_1_108' title='bbox 424 1357 579 1408; x_wconf 72' lang='lat' dir='ltr'>dediffet</span> <span class='ocrx_word' id='word_1_109' title='bbox 599 1370 749 1400; x_wconf 82' lang='lat' dir='ltr'>narrat,</span> <span class='ocrx_word' id='word_1_110' title='bbox 784 1358 887 1394; x_wconf 86' lang='lat' dir='ltr'>nihil</span> <span class='ocrx_word' id='word_1_111' title='bbox 911 1359 984 1395; x_wconf 80' lang='lat' dir='ltr'>tale</span> <span class='ocrx_word' id='word_1_112' title='bbox 1004 1360 1047 1394; x_wconf 84' lang='lat' dir='ltr'>in</span> <span class='ocrx_word' id='word_1_113' title='bbox 1069 1361 1124 1397; x_wconf 85' lang='lat' dir='ltr'>ed.</span> <span class='ocrx_word' id='word_1_114' title='bbox 1149 1360 1240 1395; x_wconf 79' lang='lat' dir='ltr'>anni</span> <span class='ocrx_word' id='word_1_115' title='bbox 1265 1358 1409 1403; x_wconf 62' lang='lat'>1516„</span> <span class='ocrx_word' id='word_1_116' title='bbox 1440 1367 1517 1407; x_wconf 78' lang='lat' dir='ltr'>qua‘</span> 
     </span>
     <span class='ocr_line' id='line_1_16' title="bbox 161 1411 1375 1467; baseline -0.001 -14"><span class='ocrx_word' id='word_1_117' title='bbox 161 1416 241 1453; x_wconf 76' lang='lat' dir='ltr'>sola</span> <span class='ocrx_word' id='word_1_118' title='bbox 271 1416 439 1451; x_wconf 72' lang='lat' dir='ltr'>Badiam</span> <span class='ocrx_word' id='word_1_119' title='bbox 469 1426 583 1456; x_wconf 87' lang='lat' dir='ltr'>utor,</span> <span class='ocrx_word' id='word_1_120' title='bbox 619 1411 724 1452; x_wconf 84' lang='lat' dir='ltr'>notis</span> <span class='ocrx_word' id='word_1_121' title='bbox 742 1416 934 1457; x_wconf 72' lang='lat' dir='ltr'>instructa,</span> <span class='ocrx_word' id='word_1_122' title='bbox 968 1428 1167 1467; x_wconf 79' lang='lat' dir='ltr'>comparet</span> <span class='ocrx_word' id='word_1_123' title='bbox 1191 1416 1257 1461; x_wconf 80' lang='lat' dir='ltr'><strong>(cf.</strong></span> <span class='ocrx_word' id='word_1_124' title='bbox 1279 1415 1375 1460; x_wconf 76' lang='lat'><strong>76.)-</strong></span> 
     </span>
     <span class='ocr_line' id='line_1_17' title="bbox 281 1471 1518 1521; baseline -0.001 -14"><span class='ocrx_word' id='word_1_125' title='bbox 281 1472 418 1521; x_wconf 83' lang='lat' dir='ltr'>facias.</span> <span class='ocrx_word' id='word_1_126' title='bbox 443 1473 506 1507; x_wconf 85' lang='lat' dir='ltr'>Sic</span> <span class='ocrx_word' id='word_1_127' title='bbox 519 1473 651 1507; x_wconf 84' lang='lat' dir='ltr'>Turic.</span> <span class='ocrx_word' id='word_1_128' title='bbox 682 1472 785 1508; x_wconf 79' lang='lat' dir='ltr'>Flor.</span> <span class='ocrx_word' id='word_1_129' title='bbox 807 1473 941 1507; x_wconf 87' lang='lat' dir='ltr'>Ambr.</span> <span class='ocrx_word' id='word_1_130' title='bbox 963 1482 999 1509; x_wconf 86' lang='lat'>2.</span> <span class='ocrx_word' id='word_1_131' title='bbox 1022 1474 1150 1510; x_wconf 82' lang='lat' dir='ltr'>Guelf.</span> <span class='ocrx_word' id='word_1_132' title='bbox 1185 1471 1348 1520; x_wconf 80' lang='lat' dir='ltr'>Reliqui</span> <span class='ocrx_word' id='word_1_133' title='bbox 1361 1471 1518 1521; x_wconf 83' lang='lat' dir='ltr'>faciam.</span> 
     </span>
    </p>
   </div>
   <div class='ocr_carea' id='block_1_4' title="bbox 163 1528 1518 1637">
    <p class='ocr_par' dir='ltr' id='par_1_4' title="bbox 163 1528 1518 1637">
     <span class='ocr_line' id='line_1_18' title="bbox 163 1528 1518 1581; baseline 0 -15"><span class='ocrx_word' id='word_1_134' title='bbox 163 1533 266 1567; x_wconf 85' lang='lat' dir='ltr'>Mox</span> <span class='ocrx_word' id='word_1_135' title='bbox 296 1530 457 1577; x_wconf 83' lang='lat' dir='ltr'>aliquem</span> <span class='ocrx_word' id='word_1_136' title='bbox 479 1529 611 1564; x_wconf 78' lang='lat' dir='ltr'>Turio.</span> <span class='ocrx_word' id='word_1_137' title='bbox 637 1529 742 1581; x_wconf 83' lang='lat' dir='ltr'>Flor.</span> <span class='ocrx_word' id='word_1_138' title='bbox 764 1542 852 1564; x_wconf 87' lang='lat' dir='ltr'>cum</span> <span class='ocrx_word' id='word_1_139' title='bbox 870 1528 973 1565; x_wconf 81' lang='lat' dir='ltr'>Alm.</span> <span class='ocrx_word' id='word_1_140' title='bbox 1007 1530 1169 1579; x_wconf 84' lang='lat' dir='ltr'>Reliqui</span> <span class='ocrx_word' id='word_1_141' title='bbox 1195 1529 1352 1578; x_wconf 81' lang='lat' dir='ltr'>aliquid.</span> <span class='ocrx_word' id='word_1_142' title='bbox 1395 1529 1518 1566; x_wconf 84' lang='lat' dir='ltr'>Modo</span> 
     </span>
     <span class='ocr_line' id='line_1_19' title="bbox 163 1583 952 1637; baseline -0.001 -12"><span class='ocrx_word' id='word_1_143' title='bbox 163 1583 466 1637; x_wconf 61' lang='lat' dir='ltr'>advevsoGuelf.</span> <span class='ocrx_word' id='word_1_144' title='bbox 518 1586 521 1589; x_wconf 67' lang='grc'><strong>’</strong></span> <span class='ocrx_word' id='word_1_145' title='bbox 950 1609 952 1611; x_wconf 80' lang='grc'><strong>-</strong></span> 
     </span>
    </p>
   </div>
   <div class='ocr_carea' id='block_1_5' title="bbox 160 1664 1522 2066">
    <p class='ocr_par' dir='ltr' id='par_1_5' title="bbox 160 1664 1522 2066">
     <span class='ocr_line' id='line_1_20' title="bbox 253 1664 1518 1712; baseline -0.001 -9"><span class='ocrx_word' id='word_1_146' title='bbox 253 1675 344 1711; x_wconf 84' lang='lat'><strong>¹05·</strong></span> <span class='ocrx_word' id='word_1_147' title='bbox 377 1666 523 1703; x_wconf 73' lang='lat' dir='ltr'>habeat.</span> <span class='ocrx_word' id='word_1_148' title='bbox 554 1667 688 1704; x_wconf 88' lang='lat' dir='ltr'>Ambr.</span> <span class='ocrx_word' id='word_1_149' title='bbox 713 1678 750 1703; x_wconf 79' lang='lat'>2.</span> <span class='ocrx_word' id='word_1_150' title='bbox 793 1664 922 1703; x_wconf 87' lang='lat' dir='ltr'>Guelf.</span> <span class='ocrx_word' id='word_1_151' title='bbox 957 1664 1078 1702; x_wconf 83' lang='lat' dir='ltr'><strong>Goth.</strong></span> <span class='ocrx_word' id='word_1_152' title='bbox 1112 1667 1201 1709; x_wconf 80' lang='lat' dir='ltr'>(tac,</span> <span class='ocrx_word' id='word_1_153' title='bbox 1233 1664 1363 1712; x_wconf 85' lang='lat' dir='ltr'>Gesn.)</span> <span class='ocrx_word' id='word_1_154' title='bbox 1395 1665 1518 1702; x_wconf 74' lang='lat' dir='ltr'>habet.</span> 
     </span>
     <span class='ocr_line' id='line_1_21' title="bbox 165 1722 1518 1773; baseline -0.002 -10"><span class='ocrx_word' id='word_1_155' title='bbox 165 1726 369 1763; x_wconf 87' lang='lat' dir='ltr'>Omittunt</span> <span class='ocrx_word' id='word_1_156' title='bbox 400 1737 469 1773; x_wconf 82' lang='lat' dir='ltr'>que</span> <span class='ocrx_word' id='word_1_157' title='bbox 498 1724 581 1772; x_wconf 81' lang='lat' dir='ltr'>post</span> <span class='ocrx_word' id='word_1_158' title='bbox 602 1723 788 1772; x_wconf 77' lang='lat' dir='ltr'>septimus</span> <span class='ocrx_word' id='word_1_159' title='bbox 810 1723 1020 1759; x_wconf 86' lang='lat' dir='ltr'>nobiscum</span> <span class='ocrx_word' id='word_1_160' title='bbox 1041 1724 1176 1758; x_wconf 75' lang='lat' dir='ltr'>Turio.</span> <span class='ocrx_word' id='word_1_161' title='bbox 1195 1722 1302 1758; x_wconf 80' lang='lat' dir='ltr'>Flor.</span> <span class='ocrx_word' id='word_1_162' title='bbox 1323 1723 1457 1760; x_wconf 84' lang='lat' dir='ltr'>Ambr.</span> <span class='ocrx_word' id='word_1_163' title='bbox 1479 1732 1518 1760; x_wconf 84' lang='lat'>2.</span> 
     </span>
     <span class='ocr_line' id='line_1_22' title="bbox 164 1779 1521 1829; baseline -0.001 -12"><span class='ocrx_word' id='word_1_164' title='bbox 164 1782 294 1820; x_wconf 84' lang='lat' dir='ltr'>Guelf.</span> <span class='ocrx_word' id='word_1_165' title='bbox 330 1783 462 1829; x_wconf 81' lang='lat' dir='ltr'>Camp.</span> <span class='ocrx_word' id='word_1_166' title='bbox 497 1780 616 1816; x_wconf 85' lang='lat' dir='ltr'>Goth.</span> <span class='ocrx_word' id='word_1_167' title='bbox 652 1782 750 1819; x_wconf 82' lang='lat' dir='ltr'>Jens.</span> <span class='ocrx_word' id='word_1_168' title='bbox 778 1785 876 1827; x_wconf 86' lang='lat' dir='ltr'>(tac.</span> <span class='ocrx_word' id='word_1_169' title='bbox 900 1779 1040 1824; x_wconf 83' lang='lat' dir='ltr'>Gesn.)</span> <span class='ocrx_word' id='word_1_170' title='bbox 1074 1792 1164 1815; x_wconf 87' lang='lat' dir='ltr'>cum</span> <span class='ocrx_word' id='word_1_171' title='bbox 1184 1779 1288 1816; x_wconf 82' lang='lat' dir='ltr'>Voff.</span> <span class='ocrx_word' id='word_1_172' title='bbox 1313 1790 1350 1816; x_wconf 88' lang='lat'>2.</span> <span class='ocrx_word' id='word_1_173' title='bbox 1376 1791 1413 1816; x_wconf 81' lang='lat' dir='ltr'>et</span> <span class='ocrx_word' id='word_1_174' title='bbox 1434 1780 1521 1815; x_wconf 82' lang='lat' dir='ltr'>edd.</span> 
     </span>
     <span class='ocr_line' id='line_1_23' title="bbox 165 1835 1522 1885; baseline -0.004 -9"><span class='ocrx_word' id='word_1_175' title='bbox 165 1851 250 1876; x_wconf 82' lang='lat' dir='ltr'>ante</span> <span class='ocrx_word' id='word_1_176' title='bbox 280 1837 393 1874; x_wconf 78' lang='lat' dir='ltr'>Bam.</span> <span class='ocrx_word' id='word_1_177' title='bbox 427 1837 587 1885; x_wconf 80' lang='lat' dir='ltr'>Reliqui</span> <span class='ocrx_word' id='word_1_178' title='bbox 614 1838 773 1873; x_wconf 79' lang='lat' dir='ltr'>addunt.</span> <span class='ocrx_word' id='word_1_179' title='bbox 804 1835 943 1885; x_wconf 74' lang='lat' dir='ltr'>gestum</span> <span class='ocrx_word' id='word_1_180' title='bbox 973 1836 1106 1871; x_wconf 83' lang='lat' dir='ltr'>Turic.</span> <span class='ocrx_word' id='word_1_181' title='bbox 1141 1835 1246 1870; x_wconf 77' lang='lat' dir='ltr'>Flor.</span> <span class='ocrx_word' id='word_1_182' title='bbox 1267 1836 1403 1885; x_wconf 80' lang='lat' dir='ltr'>Camp.</span> <span class='ocrx_word' id='word_1_183' title='bbox 1426 1837 1522 1881; x_wconf 80' lang='lat' dir='ltr'>(hic</span> 
     </span>
     <span class='ocr_line' id='line_1_24' title="bbox 168 1889 1520 1942; baseline -0.004 -10"><span class='ocrx_word' id='word_1_184' title='bbox 168 1908 205 1932; x_wconf 89' lang='lat' dir='ltr'>et</span> <span class='ocrx_word' id='word_1_185' title='bbox 225 1909 320 1932; x_wconf 89' lang='lat' dir='ltr'>mox</span> <span class='ocrx_word' id='word_1_186' title='bbox 341 1895 520 1942; x_wconf 76' lang='lat' dir='ltr'>dirigunt,</span> <span class='ocrx_word' id='word_1_187' title='bbox 554 1905 597 1929; x_wconf 93' lang='lat' dir='ltr'>ut</span> <span class='ocrx_word' id='word_1_188' title='bbox 614 1894 735 1940; x_wconf 60' lang='lat' dir='ltr'>modo</span> <span class='ocrx_word' id='word_1_189' title='bbox 763 1893 927 1930; x_wconf 84' lang='lat' dir='ltr'>viciffim</span> <span class='ocrx_word' id='word_1_190' title='bbox 940 1894 1044 1931; x_wconf 77' lang='lat' dir='ltr'>Vo&#39;ss&#39;.</span> <span class='ocrx_word' id='word_1_191' title='bbox 1069 1906 1101 1929; x_wconf 82' lang='grc' dir='ltr'>ι.</span> <span class='ocrx_word' id='word_1_192' title='bbox 1126 1889 1360 1940; x_wconf 70' lang='lat' dir='ltr'>ostenditur).</span> <span class='ocrx_word' id='word_1_193' title='bbox 1393 1893 1520 1929; x_wconf 88' lang='lat' dir='ltr'>Modo</span> 
     </span>
     <span class='ocr_line' id='line_1_25' title="bbox 166 1949 1520 2002; baseline -0.001 -14"><span class='ocrx_word' id='word_1_194' title='bbox 166 1954 328 2002; x_wconf 84' lang='lat' dir='ltr'>relinqui</span> <span class='ocrx_word' id='word_1_195' title='bbox 357 1950 461 1986; x_wconf 80' lang='lat' dir='ltr'>Flor.</span> <span class='ocrx_word' id='word_1_196' title='bbox 498 1953 572 1986; x_wconf 84' lang='lat' dir='ltr'>Pro</span> <span class='ocrx_word' id='word_1_197' title='bbox 606 1952 708 1988; x_wconf 76' lang='lat' dir='ltr'>velut</span> <span class='ocrx_word' id='word_1_198' title='bbox 737 1953 838 1996; x_wconf 69' lang='lat' dir='ltr'>rejici</span> <span class='ocrx_word' id='word_1_199' title='bbox 868 1951 1001 1987; x_wconf 76' lang='lat' dir='ltr'>Turio.</span> <span class='ocrx_word' id='word_1_200' title='bbox 1029 1949 1136 1986; x_wconf 81' lang='lat' dir='ltr'>Flor.</span> <span class='ocrx_word' id='word_1_201' title='bbox 1166 1956 1207 1984; x_wconf 79' lang='lat' dir='ltr'>ut</span> <span class='ocrx_word' id='word_1_202' title='bbox 1228 1950 1280 1984; x_wconf 82' lang='lat' dir='ltr'>rei</span> <span class='ocrx_word' id='word_1_203' title='bbox 1301 1962 1391 1985; x_wconf 86' lang='lat' dir='ltr'>cum</span> <span class='ocrx_word' id='word_1_204' title='bbox 1413 1949 1520 1986; x_wconf 84' lang='lat' dir='ltr'>Alm.</span> 
     </span>
     <span class='ocr_line' id='line_1_26' title="bbox 160 2008 525 2066; baseline -0.005 -20"><span class='ocrx_word' id='word_1_205' title='bbox 160 2010 270 2066; x_wconf 41' lang='lat' dir='ltr'>‘velut</span> <span class='ocrx_word' id='word_1_206' title='bbox 287 2011 340 2044; x_wconf 81' lang='lat' dir='ltr'>rei</span> <span class='ocrx_word' id='word_1_207' title='bbox 360 2008 464 2045; x_wconf 81' lang='lat' dir='ltr'>Voff.</span> <span class='ocrx_word' id='word_1_208' title='bbox 493 2022 525 2044; x_wconf 83' lang='lat'>1.</span> 
     </span>
    </p>
   </div>
   <div class='ocr_carea' id='block_1_6' title="bbox 157 2086 1524 2429">
    <p class='ocr_par' dir='ltr' id='par_1_6' title="bbox 157 2086 1524 2429">
     <span class='ocr_line' id='line_1_27' title="bbox 259 2086 1522 2137; baseline -0.001 -13"><span class='ocrx_word' id='word_1_209' title='bbox 259 2087 352 2126; x_wconf 85' lang='lat'>106.</span> <span class='ocrx_word' id='word_1_210' title='bbox 388 2088 539 2136; x_wconf 81' lang='lat' dir='ltr'>Optime</span> <span class='ocrx_word' id='word_1_211' title='bbox 559 2097 693 2124; x_wconf 77' lang='lat' dir='ltr'>autem.</span> <span class='ocrx_word' id='word_1_212' title='bbox 727 2090 861 2126; x_wconf 74' lang='lat' dir='ltr'>Turio.</span> <span class='ocrx_word' id='word_1_213' title='bbox 889 2090 935 2125; x_wconf 89' lang='lat' dir='ltr'>O.</span> <span class='ocrx_word' id='word_1_214' title='bbox 955 2098 1090 2124; x_wconf 76' lang='lat' dir='ltr'>tamen.</span> <span class='ocrx_word' id='word_1_215' title='bbox 1124 2086 1420 2137; x_wconf 83' lang='lat' dir='ltr'>MoxCamp.1‘n</span> <span class='ocrx_word' id='word_1_216' title='bbox 1433 2087 1522 2123; x_wconf 78' lang='lat' dir='ltr'>dex-</span> 
     </span>
     <span class='ocr_line' id='line_1_28' title="bbox 168 2144 1523 2192; baseline -0.002 -9"><span class='ocrx_word' id='word_1_217' title='bbox 168 2157 280 2183; x_wconf 73' lang='lat' dir='ltr'>tram.</span> <span class='ocrx_word' id='word_1_218' title='bbox 309 2145 464 2181; x_wconf 84' lang='lat' dir='ltr'>Deinde</span> <span class='ocrx_word' id='word_1_219' title='bbox 479 2148 571 2192; x_wconf 84' lang='lat' dir='ltr'>poni</span> <span class='ocrx_word' id='word_1_220' title='bbox 591 2158 663 2181; x_wconf 86' lang='lat' dir='ltr'>nos</span> <span class='ocrx_word' id='word_1_221' title='bbox 681 2160 699 2181; x_wconf 87' lang='lat' dir='ltr'>e</span> <span class='ocrx_word' id='word_1_222' title='bbox 722 2148 957 2192; x_wconf 77' lang='lat' dir='ltr'>conjectura,</span> <span class='ocrx_word' id='word_1_223' title='bbox 970 2160 1057 2181; x_wconf 80' lang='lat' dir='ltr'>narn</span> <span class='ocrx_word' id='word_1_224' title='bbox 1073 2144 1523 2181; x_wconf 68' lang='lat' dir='ltr'>Tua-ic.F10r.Ambr.2.</span> 
     </span>
     <span class='ocr_line' id='line_1_29' title="bbox 168 2200 1523 2251; baseline -0.001 -12"><span class='ocrx_word' id='word_1_225' title='bbox 168 2203 298 2239; x_wconf 78' lang='lat' dir='ltr'>Guelf.</span> <span class='ocrx_word' id='word_1_226' title='bbox 329 2215 467 2251; x_wconf 84' lang='lat' dir='ltr'>ponere</span> <span class='ocrx_word' id='word_1_227' title='bbox 499 2215 587 2237; x_wconf 86' lang='lat' dir='ltr'>cum</span> <span class='ocrx_word' id='word_1_228' title='bbox 619 2202 720 2239; x_wconf 83' lang='lat' dir='ltr'>Alm.</span> <span class='ocrx_word' id='word_1_229' title='bbox 753 2204 872 2240; x_wconf 77' lang='lat' dir='ltr'>Goth.</span> <span class='ocrx_word' id='word_1_230' title='bbox 905 2203 1010 2241; x_wconf 82' lang='lat' dir='ltr'>Voff.</span> <span class='ocrx_word' id='word_1_231' title='bbox 1039 2214 1074 2238; x_wconf 87' lang='lat'>2.</span> <span class='ocrx_word' id='word_1_232' title='bbox 1107 2204 1221 2238; x_wconf 73' lang='lat' dir='ltr'>Rern.</span> <span class='ocrx_word' id='word_1_233' title='bbox 1251 2202 1350 2241; x_wconf 81' lang='lat' dir='ltr'>Jens.</span> <span class='ocrx_word' id='word_1_234' title='bbox 1378 2212 1415 2236; x_wconf 85' lang='lat' dir='ltr'>et</span> <span class='ocrx_word' id='word_1_235' title='bbox 1434 2200 1523 2238; x_wconf 88' lang='lat' dir='ltr'>edd.</span> 
     </span>
     <span class='ocr_line' id='line_1_30' title="bbox 157 2251 1524 2310; baseline -0.003 -14"><span class='ocrx_word' id='word_1_236' title='bbox 157 2251 326 2310; x_wconf 28' lang='lat' dir='ltr'>sposterr.</span> <span class='ocrx_word' id='word_1_237' title='bbox 358 2270 443 2294; x_wconf 79' lang='lat' dir='ltr'>ante</span> <span class='ocrx_word' id='word_1_238' title='bbox 476 2259 585 2295; x_wconf 80' lang='lat' dir='ltr'>Basil.</span> <span class='ocrx_word' id='word_1_239' title='bbox 619 2273 699 2296; x_wconf 81' lang='lat' dir='ltr'>exc.</span> <span class='ocrx_word' id='word_1_240' title='bbox 740 2260 864 2301; x_wconf 84' lang='lat' dir='ltr'>Aldo,</span> <span class='ocrx_word' id='word_1_241' title='bbox 900 2262 969 2309; x_wconf 89' lang='lat' dir='ltr'>qui</span> <span class='ocrx_word' id='word_1_242' title='bbox 1002 2261 1189 2308; x_wconf 75' lang='lat' dir='ltr'>deponere</span> <span class='ocrx_word' id='word_1_243' title='bbox 1220 2273 1310 2294; x_wconf 86' lang='lat' dir='ltr'>cum</span> <span class='ocrx_word' id='word_1_244' title='bbox 1340 2257 1452 2293; x_wconf 78' lang='lat' dir='ltr'>Bafil.</span> <span class='ocrx_word' id='word_1_245' title='bbox 1486 2268 1524 2293; x_wconf 86' lang='lat' dir='ltr'>et</span> 
     </span>
     <span class='ocr_line' id='line_1_31' title="bbox 170 2314 1522 2366; baseline -0.001 -15"><span class='ocrx_word' id='word_1_246' title='bbox 170 2317 325 2365; x_wconf 74' lang='lat' dir='ltr'>aliquot</span> <span class='ocrx_word' id='word_1_247' title='bbox 356 2316 443 2352; x_wconf 85' lang='lat' dir='ltr'>edd.</span> <span class='ocrx_word' id='word_1_248' title='bbox 472 2329 530 2364; x_wconf 81' lang='lat' dir='ltr'>ap.</span> <span class='ocrx_word' id='word_1_249' title='bbox 561 2318 696 2351; x_wconf 85' lang='lat' dir='ltr'>Burm.</span> <span class='ocrx_word' id='word_1_250' title='bbox 725 2320 880 2366; x_wconf 71' lang='lat' dir='ltr'>ponitur</span> <span class='ocrx_word' id='word_1_251' title='bbox 908 2319 1016 2356; x_wconf 81' lang='lat' dir='ltr'>Voss.</span> <span class='ocrx_word' id='word_1_252' title='bbox 1045 2331 1077 2353; x_wconf 86' lang='lat'>1.</span> <span class='ocrx_word' id='word_1_253' title='bbox 1098 2326 1134 2360; x_wconf 82' lang='lat'>5.</span> <span class='ocrx_word' id='word_1_254' title='bbox 1167 2316 1229 2350; x_wconf 82' lang='lat' dir='ltr'>sed</span> <span class='ocrx_word' id='word_1_255' title='bbox 1254 2315 1376 2351; x_wconf 82' lang='lat' dir='ltr'>iidem</span> <span class='ocrx_word' id='word_1_256' title='bbox 1399 2314 1522 2350; x_wconf 86' lang='lat' dir='ltr'>modo</span> 
     </span>
     <span class='ocr_line' id='line_1_32' title="bbox 171 2372 1521 2429; baseline -0.002 -20"><span class='ocrx_word' id='word_1_257' title='bbox 171 2386 330 2423; x_wconf 84' lang='lat' dir='ltr'>quoque</span> <span class='ocrx_word' id='word_1_258' title='bbox 347 2375 512 2423; x_wconf 71' lang='lat' dir='ltr'>ponitur·</span> <span class='ocrx_word' id='word_1_259' title='bbox 544 2372 707 2423; x_wconf 83' lang='lat' dir='ltr'>Reliqui</span> <span class='ocrx_word' id='word_1_260' title='bbox 726 2375 876 2422; x_wconf 79' lang='lat' dir='ltr'>deponi,</span> <span class='ocrx_word' id='word_1_261' title='bbox 897 2388 1068 2424; x_wconf 85' lang='lat' dir='ltr'>quorum</span> <span class='ocrx_word' id='word_1_262' title='bbox 1089 2375 1167 2421; x_wconf 67' lang='lat' dir='ltr'>jam</span> <span class='ocrx_word' id='word_1_263' title='bbox 1182 2373 1311 2421; x_wconf 78' lang='lat' dir='ltr'>Camp.</span> <span class='ocrx_word' id='word_1_264' title='bbox 1326 2372 1401 2407; x_wconf 77' lang='lat' dir='ltr'>uisi</span> <span class='ocrx_word' id='word_1_265' title='bbox 1419 2372 1521 2429; x_wconf 46' lang='lat' dir='ltr'>&#39;forte</span> 
     </span>
    </p>
   </div>
   <div class='ocr_carea' id='block_1_7' title="bbox 114 2518 1523 2800">
    <p class='ocr_par' dir='ltr' id='par_1_7' title="bbox 114 2518 1523 2800">
     <span class='ocr_line' id='line_1_33' title="bbox 237 2518 1523 2570; baseline -0.002 -14"><span class='ocrx_word' id='word_1_266' title='bbox 237 2528 328 2565; x_wconf 87' lang='lat'>105.</span> <span class='ocrx_word' id='word_1_267' title='bbox 369 2533 441 2556; x_wconf 82' lang='lat' dir='ltr'>una</span> <span class='ocrx_word' id='word_1_268' title='bbox 474 2519 737 2570; x_wconf 77' lang='lat' dir='ltr'>circumversio.</span> <span class='ocrx_word' id='word_1_269' title='bbox 784 2522 818 2555; x_wconf 87' lang='lat' dir='ltr'>E</span> <span class='ocrx_word' id='word_1_270' title='bbox 877 2520 1124 2570; x_wconf 82' lang='lat' dir='ltr'>reprehensio</span> <span class='ocrx_word' id='word_1_271' title='bbox 1154 2520 1207 2556; x_wconf 86' lang='lat' dir='ltr'>ita</span> <span class='ocrx_word' id='word_1_272' title='bbox 1233 2519 1396 2557; x_wconf 85' lang='lat' dir='ltr'>videtur</span> <span class='ocrx_word' id='word_1_273' title='bbox 1427 2518 1523 2554; x_wconf 82' lang='lat' dir='ltr'>acci-</span> 
     </span>
     <span class='ocr_line' id='line_1_34' title="bbox 171 2575 1522 2628; baseline -0.004 -13"><span class='ocrx_word' id='word_1_274' title='bbox 171 2579 314 2628; x_wconf 80' lang='lat' dir='ltr'>septem</span> <span class='ocrx_word' id='word_1_275' title='bbox 343 2579 451 2614; x_wconf 85' lang='lat' dir='ltr'>hisce</span> <span class='ocrx_word' id='word_1_276' title='bbox 482 2587 612 2612; x_wconf 83' lang='lat' dir='ltr'>motus</span> <span class='ocrx_word' id='word_1_277' title='bbox 641 2578 819 2626; x_wconf 79' lang='lat' dir='ltr'>partibus</span> <span class='ocrx_word' id='word_1_278' title='bbox 876 2578 1032 2627; x_wconf 79' lang='lat' dir='ltr'>pienda,</span> <span class='ocrx_word' id='word_1_279' title='bbox 1066 2588 1110 2611; x_wconf 83' lang='lat' dir='ltr'>ut</span> <span class='ocrx_word' id='word_1_280' title='bbox 1140 2591 1221 2613; x_wconf 87' lang='lat' dir='ltr'>non</span> <span class='ocrx_word' id='word_1_281' title='bbox 1243 2575 1359 2612; x_wconf 83' lang='lat' dir='ltr'>simul</span> <span class='ocrx_word' id='word_1_282' title='bbox 1381 2587 1417 2612; x_wconf 86' lang='lat' dir='ltr'>et</span> <span class='ocrx_word' id='word_1_283' title='bbox 1438 2589 1522 2611; x_wconf 78' lang='lat' dir='ltr'>con·</span> 
     </span>
     <span class='ocr_line' id='line_1_35' title="bbox 114 2633 1522 2685; baseline -0.004 -14"><span class='ocrx_word' id='word_1_284' title='bbox 114 2646 127 2653; x_wconf 70' lang='lat'><strong><em>‘</em></strong></span> <span class='ocrx_word' id='word_1_285' title='bbox 172 2636 332 2685; x_wconf 75' lang='lat' dir='ltr'>septima</span> <span class='ocrx_word' id='word_1_286' title='bbox 357 2635 430 2671; x_wconf 78' lang='lat' dir='ltr'>fola</span> <span class='ocrx_word' id='word_1_287' title='bbox 458 2634 502 2678; x_wconf 89' lang='lat' dir='ltr'>(i.</span> <span class='ocrx_word' id='word_1_288' title='bbox 528 2647 559 2669; x_wconf 86' lang='lat' dir='ltr'>e.</span> <span class='ocrx_word' id='word_1_289' title='bbox 582 2636 674 2677; x_wconf 84' lang='lat' dir='ltr'>una)</span> <span class='ocrx_word' id='word_1_290' title='bbox 696 2635 818 2670; x_wconf 75' lang='lat' dir='ltr'>vitio·</span> <span class='ocrx_word' id='word_1_291' title='bbox 876 2633 994 2682; x_wconf 85' lang='lat' dir='ltr'>versio</span> <span class='ocrx_word' id='word_1_292' title='bbox 1015 2635 1273 2682; x_wconf 80' lang='lat' dir='ltr'>improbetur,</span> <span class='ocrx_word' id='word_1_293' title='bbox 1306 2646 1402 2681; x_wconf 79' lang='lat' dir='ltr'>quae</span> <span class='ocrx_word' id='word_1_294' title='bbox 1419 2633 1522 2667; x_wconf 81' lang='lat' dir='ltr'>inter</span> 
     </span>
     <span class='ocr_line' id='line_1_36' title="bbox 171 2688 1521 2741; baseline -0.001 -14"><span class='ocrx_word' id='word_1_295' title='bbox 171 2694 219 2733; x_wconf 80' lang='lat' dir='ltr'>sa,</span> <span class='ocrx_word' id='word_1_296' title='bbox 249 2705 337 2727; x_wconf 87' lang='lat' dir='ltr'>cum</span> <span class='ocrx_word' id='word_1_297' title='bbox 360 2693 402 2727; x_wconf 86' lang='lat' dir='ltr'>in</span> <span class='ocrx_word' id='word_1_298' title='bbox 423 2692 457 2726; x_wconf 84' lang='lat' dir='ltr'>se</span> <span class='ocrx_word' id='word_1_299' title='bbox 481 2690 584 2725; x_wconf 84' lang='lat' dir='ltr'>redit</span> <span class='ocrx_word' id='word_1_300' title='bbox 602 2691 709 2727; x_wconf 82' lang='lat' dir='ltr'>orbis</span> <span class='ocrx_word' id='word_1_301' title='bbox 724 2692 767 2736; x_wconf 89' lang='lat' dir='ltr'>(i.</span> <span class='ocrx_word' id='word_1_302' title='bbox 788 2704 820 2726; x_wconf 80' lang='lat' dir='ltr'>e.</span> <span class='ocrx_word' id='word_1_303' title='bbox 878 2691 1001 2741; x_wconf 79' lang='lat' dir='ltr'>gestus</span> <span class='ocrx_word' id='word_1_304' title='bbox 1025 2703 1084 2732; x_wconf 83' lang='lat' dir='ltr'>eo,</span> <span class='ocrx_word' id='word_1_305' title='bbox 1116 2691 1187 2726; x_wconf 80' lang='lat' dir='ltr'>ubi</span> <span class='ocrx_word' id='word_1_306' title='bbox 1208 2690 1407 2731; x_wconf 81' lang='lat' dir='ltr'>haesimus,</span> <span class='ocrx_word' id='word_1_307' title='bbox 1431 2688 1521 2726; x_wconf 89' lang='lat' dir='ltr'>loco</span> 
     </span>
     <span class='ocr_line' id='line_1_37' title="bbox 173 2746 1282 2800; baseline 0.001 -15"><span class='ocrx_word' id='word_1_308' title='bbox 173 2748 456 2800; x_wconf 71' lang='lat' dir='ltr'>circumversio).</span> <span class='ocrx_word' id='word_1_309' title='bbox 503 2746 822 2799; x_wconf 69' lang='lat' dir='ltr'>Circumverfionis</span> <span class='ocrx_word' id='word_1_310' title='bbox 879 2747 912 2792; x_wconf 59' lang='grc' dir='ltr'>ᾖ.</span> <span class='ocrx_word' id='word_1_311' title='bbox 942 2760 1031 2785; x_wconf 82' lang='lat'>100.</span> <span class='ocrx_word' id='word_1_312' title='bbox 1054 2747 1282 2786; x_wconf 76' lang='lat' dir='ltr'>recensetur.</span> 
     </span>
    </p>
   </div>
  </div>
 </body>
</html>
