<?xml version="1.0" encoding="UTF-8"?>
<!DOCTYPE html PUBLIC "-//W3C//DTD XHTML 1.0 Transitional//EN"
    "http://www.w3.org/TR/xhtml1/DTD/xhtml1-transitional.dtd">
<html xmlns="http://www.w3.org/1999/xhtml" xml:lang="en" lang="en">
 <head>
  <title>
</title>
<meta http-equiv="Content-Type" content="text/html;charset=utf-8" />
  <meta name='ocr-system' content='tesseract 3.04.00' />
  <meta name='ocr-capabilities' content='ocr_page ocr_carea ocr_par ocr_line ocrx_word'/>
</head>
<body>
  <div class='ocr_page' id='page_1' title='image "./deinstitutioneor04quinuoft_0138.png"; bbox 0 0 1779 3062; ppageno 0'>
   <div class='ocr_carea' id='block_1_1' title="bbox 305 145 1321 207">
    <p class='ocr_par' dir='ltr' id='par_1_1' title="bbox 305 145 1321 207">
     <span class='ocr_line' id='line_1_1' title="bbox 305 145 1321 207; baseline -0.003 -15"><span class='ocrx_word' id='word_1_1' title='bbox 305 161 328 192; x_wconf 84' lang='lat'>1</span> <span class='ocrx_word' id='word_1_2' title='bbox 343 159 399 192; x_wconf 83' lang='lat'>12</span> <span class='ocrx_word' id='word_1_3' title='bbox 625 145 700 191; x_wconf 88' lang='grc' dir='ltr'>Μ.</span> <span class='ocrx_word' id='word_1_4' title='bbox 732 145 865 190; x_wconf 81' lang='lat' dir='ltr'><strong>FAB.</strong></span> <span class='ocrx_word' id='word_1_5' title='bbox 904 145 1321 207; x_wconf 77' lang='lat' dir='ltr'><strong>QUINTILIANI</strong></span> 
     </span>
    </p>
   </div>
   <div class='ocr_carea' id='block_1_2' title="bbox 209 269 1651 1107">
    <p class='ocr_par' dir='ltr' id='par_1_2' title="bbox 209 269 1651 1107">
     <span class='ocr_line' id='line_1_2' title="bbox 301 269 1648 337; baseline -0.002 -14"><span class='ocrx_word' id='word_1_6' title='bbox 301 272 410 323; x_wconf 87' lang='lat' dir='ltr'>sola</span> <span class='ocrx_word' id='word_1_7' title='bbox 445 274 594 331; x_wconf 78' lang='lat' dir='ltr'>vitia,</span> <span class='ocrx_word' id='word_1_8' title='bbox 634 282 685 320; x_wconf 89' lang='lat' dir='ltr'>et</span> <span class='ocrx_word' id='word_1_9' title='bbox 717 270 783 320; x_wconf 88' lang='lat' dir='ltr'>ad</span> <span class='ocrx_word' id='word_1_10' title='bbox 805 289 860 320; x_wconf 76' lang='lat' dir='ltr'>ea</span> <span class='ocrx_word' id='word_1_11' title='bbox 879 270 930 320; x_wconf 87' lang='lat' dir='ltr'>se</span> <span class='ocrx_word' id='word_1_12' title='bbox 967 274 1194 337; x_wconf 79' lang='lat' dir='ltr'>quisque</span> <span class='ocrx_word' id='word_1_13' title='bbox 1223 270 1480 337; x_wconf 85' lang='lat' dir='ltr'>dirigebat</span> <span class='ocrx_word' id='word_1_14' title='bbox 1503 269 1648 320; x_wconf 83' lang='lat' dir='ltr'>effin-</span> 
     </span>
     <span class='ocr_line' id='line_1_3' title="bbox 303 347 1649 416; baseline -0.001 -18"><span class='ocrx_word' id='word_1_15' title='bbox 303 350 500 416; x_wconf 75' lang='lat' dir='ltr'>genda,</span> <span class='ocrx_word' id='word_1_16' title='bbox 531 366 666 414; x_wconf 86' lang='lat' dir='ltr'>quae</span> <span class='ocrx_word' id='word_1_17' title='bbox 696 359 922 415; x_wconf 83' lang='lat' dir='ltr'>poterat:</span> <span class='ocrx_word' id='word_1_18' title='bbox 967 349 1160 397; x_wconf 89' lang='lat' dir='ltr'>deinde</span> <span class='ocrx_word' id='word_1_19' title='bbox 1194 366 1316 397; x_wconf 90' lang='lat' dir='ltr'>cum</span> <span class='ocrx_word' id='word_1_20' title='bbox 1350 347 1402 396; x_wconf 88' lang='lat' dir='ltr'>se</span> <span class='ocrx_word' id='word_1_21' title='bbox 1437 353 1649 409; x_wconf 84' lang='lat' dir='ltr'>jactaret</span> 
     </span>
     <span class='ocr_line' id='line_1_4' title="bbox 307 424 1646 483; baseline -0.001 -8"><span class='ocrx_word' id='word_1_22' title='bbox 307 427 498 476; x_wconf 89' lang='lat' dir='ltr'>eodem</span> <span class='ocrx_word' id='word_1_23' title='bbox 540 426 704 475; x_wconf 88' lang='lat' dir='ltr'>modo</span> <span class='ocrx_word' id='word_1_24' title='bbox 762 425 959 483; x_wconf 78' lang='lat' dir='ltr'>dicere,</span> <span class='ocrx_word' id='word_1_25' title='bbox 1042 429 1291 474; x_wconf 81' lang='lat' dir='ltr'>Senecam</span> <span class='ocrx_word' id='word_1_26' title='bbox 1347 424 1646 473; x_wconf 83' lang='lat' dir='ltr'><strong>infamabat.</strong></span> 
     </span>
     <span class='ocr_line' id='line_1_5' title="bbox 214 503 1647 567; baseline -0.001 -14"><span class='ocrx_word' id='word_1_27' title='bbox 214 506 471 562; x_wconf 77' lang='lat' dir='ltr'>²28Cuius</span> <span class='ocrx_word' id='word_1_28' title='bbox 503 514 553 551; x_wconf 88' lang='lat' dir='ltr'>et</span> <span class='ocrx_word' id='word_1_29' title='bbox 593 504 787 551; x_wconf 87' lang='lat' dir='ltr'>multae</span> <span class='ocrx_word' id='word_1_30' title='bbox 819 503 1046 567; x_wconf 82' lang='lat' dir='ltr'>alioqui,</span> <span class='ocrx_word' id='word_1_31' title='bbox 1084 513 1135 550; x_wconf 90' lang='lat' dir='ltr'>et</span> <span class='ocrx_word' id='word_1_32' title='bbox 1165 518 1384 566; x_wconf 81' lang='lat' dir='ltr'>magnae</span> <span class='ocrx_word' id='word_1_33' title='bbox 1421 503 1647 551; x_wconf 85' lang='lat' dir='ltr'>virtutes</span> 
     </span>
     <span class='ocr_line' id='line_1_6' title="bbox 299 576 1650 645; baseline -0.004 -16"><span class='ocrx_word' id='word_1_34' title='bbox 299 579 550 629; x_wconf 82' lang='lat' dir='ltr'>fuerunt:</span> <span class='ocrx_word' id='word_1_35' title='bbox 591 581 869 645; x_wconf 84' lang='lat' dir='ltr'>ingenium</span> <span class='ocrx_word' id='word_1_36' title='bbox 899 578 1051 627; x_wconf 86' lang='lat' dir='ltr'>facile</span> <span class='ocrx_word' id='word_1_37' title='bbox 1073 589 1123 626; x_wconf 92' lang='lat' dir='ltr'>et</span> <span class='ocrx_word' id='word_1_38' title='bbox 1148 576 1439 643; x_wconf 89' lang='lat' dir='ltr'>copiosum,</span> <span class='ocrx_word' id='word_1_39' title='bbox 1477 578 1650 643; x_wconf 81' lang='lat' dir='ltr'>pluri·</span> 
     </span>
     <span class='ocr_line' id='line_1_7' title="bbox 299 651 1650 720; baseline -0.003 -14"><span class='ocrx_word' id='word_1_40' title='bbox 299 675 452 706; x_wconf 90' lang='lat' dir='ltr'>mum</span> <span class='ocrx_word' id='word_1_41' title='bbox 481 651 666 714; x_wconf 84' lang='lat' dir='ltr'>studii,</span> <span class='ocrx_word' id='word_1_42' title='bbox 724 658 891 705; x_wconf 85' lang='lat' dir='ltr'>multa</span> <span class='ocrx_word' id='word_1_43' title='bbox 919 674 1101 705; x_wconf 82' lang='lat' dir='ltr'>rerum</span> <span class='ocrx_word' id='word_1_44' title='bbox 1148 655 1408 720; x_wconf 85' lang='lat' dir='ltr'>cognitio:</span> <span class='ocrx_word' id='word_1_45' title='bbox 1452 656 1510 702; x_wconf 89' lang='lat' dir='ltr'>in</span> <span class='ocrx_word' id='word_1_46' title='bbox 1543 670 1650 718; x_wconf 87' lang='lat' dir='ltr'>qua</span> 
     </span>
     <span class='ocr_line' id='line_1_8' title="bbox 298 730 1651 799; baseline -0.003 -17"><span class='ocrx_word' id='word_1_47' title='bbox 298 744 476 782; x_wconf 87' lang='lat' dir='ltr'>tamen</span> <span class='ocrx_word' id='word_1_48' title='bbox 509 732 797 799; x_wconf 83' lang='lat' dir='ltr'>aliquando</span> <span class='ocrx_word' id='word_1_49' title='bbox 830 734 892 782; x_wconf 86' lang='lat' dir='ltr'>ab</span> <span class='ocrx_word' id='word_1_50' title='bbox 927 733 1037 790; x_wconf 77' lang='lat' dir='ltr'>his,</span> <span class='ocrx_word' id='word_1_51' title='bbox 1100 732 1294 796; x_wconf 83' lang='lat' dir='ltr'>quibus</span> <span class='ocrx_word' id='word_1_52' title='bbox 1328 730 1651 795; x_wconf 83' lang='lat' dir='ltr'>inquirenda</span> 
     </span>
     <span class='ocr_line' id='line_1_9' title="bbox 298 807 1651 875; baseline -0.004 -15"><span class='ocrx_word' id='word_1_53' title='bbox 298 811 559 875; x_wconf 84' lang='lat' dir='ltr'>quaedam</span> <span class='ocrx_word' id='word_1_54' title='bbox 590 810 893 867; x_wconf 82' lang='lat' dir='ltr'>mandabat,</span> <span class='ocrx_word' id='word_1_55' title='bbox 935 809 1187 874; x_wconf 81' lang='lat' dir='ltr'>deceptus</span> <span class='ocrx_word' id='word_1_56' title='bbox 1219 807 1304 856; x_wconf 82' lang='lat' dir='ltr'>est.</span> <span class='ocrx_word' id='word_1_57' title='bbox 1385 809 1651 856; x_wconf 84' lang='lat' dir='ltr'>Tractavit</span> 
     </span>
     <span class='ocr_line' id='line_1_10' title="bbox 209 885 1650 943; baseline -0.002 -7"><span class='ocrx_word' id='word_1_58' title='bbox 209 904 288 943; x_wconf 72' lang='lat'>129</span> <span class='ocrx_word' id='word_1_59' title='bbox 302 889 457 936; x_wconf 86' lang='lat' dir='ltr'>etiam</span> <span class='ocrx_word' id='word_1_60' title='bbox 486 905 699 936; x_wconf 88' lang='lat' dir='ltr'>omnem</span> <span class='ocrx_word' id='word_1_61' title='bbox 721 886 832 934; x_wconf 79' lang='lat' dir='ltr'>fere</span> <span class='ocrx_word' id='word_1_62' title='bbox 858 885 1156 934; x_wconf 84' lang='lat' dir='ltr'>studiorum</span> <span class='ocrx_word' id='word_1_63' title='bbox 1185 886 1468 934; x_wconf 80' lang='lat' dir='ltr'>materiam.</span> <span class='ocrx_word' id='word_1_64' title='bbox 1507 885 1650 933; x_wconf 89' lang='lat' dir='ltr'>Nam</span> 
     </span>
     <span class='ocr_line' id='line_1_11' title="bbox 293 950 1650 1029; baseline -0.003 -16"><span class='ocrx_word' id='word_1_65' title='bbox 293 976 346 1013; x_wconf 88' lang='lat' dir='ltr'>et</span> <span class='ocrx_word' id='word_1_66' title='bbox 367 965 631 1013; x_wconf 80' lang='lat' dir='ltr'>orationes</span> <span class='ocrx_word' id='word_1_67' title='bbox 654 967 788 1024; x_wconf 86' lang='lat' dir='ltr'>ejus,</span> <span class='ocrx_word' id='word_1_68' title='bbox 829 975 879 1011; x_wconf 88' lang='lat' dir='ltr'>et</span> <span class='ocrx_word' id='word_1_69' title='bbox 899 967 1167 1029; x_wconf 74' lang='lat' dir='ltr'>poemata,</span> <span class='ocrx_word' id='word_1_70' title='bbox 1206 972 1257 1009; x_wconf 90' lang='lat' dir='ltr'>et</span> <span class='ocrx_word' id='word_1_71' title='bbox 1296 950 1568 1027; x_wconf 77' lang='lat' dir='ltr'>epistolae,</span> <span class='ocrx_word' id='word_1_72' title='bbox 1599 971 1650 1009; x_wconf 89' lang='lat' dir='ltr'>et</span> 
     </span>
     <span class='ocr_line' id='line_1_12' title="bbox 292 1037 1650 1107; baseline -0.004 -16"><span class='ocrx_word' id='word_1_73' title='bbox 292 1041 492 1107; x_wconf 85' lang='lat' dir='ltr'>dialogi</span> <span class='ocrx_word' id='word_1_74' title='bbox 545 1039 809 1089; x_wconf 84' lang='lat' dir='ltr'>feruntur.</span> <span class='ocrx_word' id='word_1_75' title='bbox 929 1042 991 1088; x_wconf 89' lang='lat' dir='ltr'>In</span> <span class='ocrx_word' id='word_1_76' title='bbox 1065 1037 1408 1106; x_wconf 78' lang='lat' dir='ltr'>philosophia</span> <span class='ocrx_word' id='word_1_77' title='bbox 1459 1054 1650 1104; x_wconf 84' lang='lat' dir='ltr'>parum</span> 
     </span>
    </p>
   </div>
   <div class='ocr_carea' id='block_1_3' title="bbox 290 1202 1651 1370">
    <p class='ocr_par' dir='ltr' id='par_1_3' title="bbox 290 1202 1651 1370">
     <span class='ocr_line' id='line_1_13' title="bbox 290 1202 1646 1256; baseline -0.005 -11"><span class='ocrx_word' id='word_1_78' title='bbox 290 1209 396 1245; x_wconf 86' lang='lat' dir='ltr'>Flor.</span> <span class='ocrx_word' id='word_1_79' title='bbox 445 1208 541 1256; x_wconf 84' lang='lat' dir='ltr'>(hic</span> <span class='ocrx_word' id='word_1_80' title='bbox 572 1222 591 1242; x_wconf 83' lang='lat' dir='ltr'>a</span> <span class='ocrx_word' id='word_1_81' title='bbox 622 1221 682 1256; x_wconf 85' lang='lat' dir='ltr'>pr.</span> <span class='ocrx_word' id='word_1_82' title='bbox 713 1207 796 1250; x_wconf 84' lang='lat' dir='ltr'>m.)</span> <span class='ocrx_word' id='word_1_83' title='bbox 845 1207 1047 1242; x_wconf 85' lang='lat' dir='ltr'>omittunt.</span> <span class='ocrx_word' id='word_1_84' title='bbox 1278 1218 1334 1241; x_wconf 83' lang='lat' dir='ltr'>ea.</span> <span class='ocrx_word' id='word_1_85' title='bbox 1374 1204 1506 1240; x_wconf 78' lang='lat' dir='ltr'>Turic.</span> <span class='ocrx_word' id='word_1_86' title='bbox 1541 1202 1646 1239; x_wconf 86' lang='lat' dir='ltr'>Flor.</span> 
     </span>
     <span class='ocr_line' id='line_1_14' title="bbox 293 1266 498 1301; baseline -0.01 0"><span class='ocrx_word' id='word_1_87' title='bbox 293 1266 498 1301; x_wconf 87' lang='lat' dir='ltr'>omittunt.</span> 
     </span>
     <span class='ocr_line' id='line_1_15' title="bbox 380 1315 1651 1370; baseline -0.006 -13"><span class='ocrx_word' id='word_1_88' title='bbox 380 1327 469 1364; x_wconf 80' lang='lat'>123.</span> <span class='ocrx_word' id='word_1_89' title='bbox 503 1322 658 1370; x_wconf 83' lang='lat' dir='ltr'>alioqui,</span> <span class='ocrx_word' id='word_1_90' title='bbox 691 1329 727 1354; x_wconf 82' lang='lat' dir='ltr'>et</span> <span class='ocrx_word' id='word_1_91' title='bbox 760 1333 918 1367; x_wconf 81' lang='lat' dir='ltr'>magnae</span> <span class='ocrx_word' id='word_1_92' title='bbox 941 1321 1028 1354; x_wconf 73' lang='lat' dir='ltr'>virt.</span> <span class='ocrx_word' id='word_1_93' title='bbox 1060 1317 1193 1354; x_wconf 75' lang='lat' dir='ltr'>Turio.</span> <span class='ocrx_word' id='word_1_94' title='bbox 1217 1320 1256 1363; x_wconf 85' lang='lat' dir='ltr'>(a</span> <span class='ocrx_word' id='word_1_95' title='bbox 1285 1317 1355 1352; x_wconf 87' lang='lat' dir='ltr'>sec.</span> <span class='ocrx_word' id='word_1_96' title='bbox 1387 1317 1522 1361; x_wconf 83' lang='lat' dir='ltr'>manu)</span> <span class='ocrx_word' id='word_1_97' title='bbox 1550 1315 1651 1351; x_wconf 75' lang='lat' dir='ltr'>aliae</span> 
     </span>
    </p>
   </div>
   <div class='ocr_carea' id='block_1_4' title="bbox 287 1373 1649 1536">
    <p class='ocr_par' dir='ltr' id='par_1_4' title="bbox 287 1373 1649 1536">
     <span class='ocr_line' id='line_1_16' title="bbox 289 1373 1649 1428; baseline -0.004 -16"><span class='ocrx_word' id='word_1_98' title='bbox 289 1378 436 1428; x_wconf 82' lang='lat' dir='ltr'>quidem</span> <span class='ocrx_word' id='word_1_99' title='bbox 467 1391 515 1412; x_wconf 85' lang='lat' dir='ltr'>m.</span> <span class='ocrx_word' id='word_1_100' title='bbox 542 1392 577 1413; x_wconf 84' lang='lat' dir='ltr'>v.</span> <span class='ocrx_word' id='word_1_101' title='bbox 629 1378 760 1424; x_wconf 77' lang='lat' dir='ltr'>camp,</span> <span class='ocrx_word' id='word_1_102' title='bbox 793 1377 868 1411; x_wconf 74' lang='lat' dir='ltr'>alie</span> <span class='ocrx_word' id='word_1_103' title='bbox 889 1376 1037 1425; x_wconf 73' lang='lat' dir='ltr'>quidem</span> <span class='ocrx_word' id='word_1_104' title='bbox 1077 1376 1161 1410; x_wconf 78' lang='lat' dir='ltr'>virt.</span> <span class='ocrx_word' id='word_1_105' title='bbox 1395 1373 1522 1408; x_wconf 78' lang='lat' dir='ltr'>multa.</span> <span class='ocrx_word' id='word_1_106' title='bbox 1586 1373 1649 1407; x_wconf 81' lang='lat' dir='ltr'>Sic</span> 
     </span>
     <span class='ocr_line' id='line_1_17' title="bbox 287 1429 1645 1480; baseline -0.004 -10"><span class='ocrx_word' id='word_1_107' title='bbox 287 1435 421 1470; x_wconf 82' lang='lat' dir='ltr'>Turic.</span> <span class='ocrx_word' id='word_1_108' title='bbox 444 1433 547 1469; x_wconf 82' lang='lat' dir='ltr'>Flor.</span> <span class='ocrx_word' id='word_1_109' title='bbox 570 1433 697 1470; x_wconf 83' lang='lat' dir='ltr'>Guelf.</span> <span class='ocrx_word' id='word_1_110' title='bbox 723 1434 855 1480; x_wconf 87' lang='lat' dir='ltr'>Camp.</span> <span class='ocrx_word' id='word_1_111' title='bbox 880 1445 967 1466; x_wconf 87' lang='lat' dir='ltr'>cum</span> <span class='ocrx_word' id='word_1_112' title='bbox 991 1430 1099 1466; x_wconf 82' lang='lat' dir='ltr'>Bafil.</span> <span class='ocrx_word' id='word_1_113' title='bbox 1125 1429 1285 1479; x_wconf 80' lang='lat' dir='ltr'>Reliqui</span> <span class='ocrx_word' id='word_1_114' title='bbox 1304 1431 1501 1465; x_wconf 80' lang='lat' dir='ltr'>multarum</span> <span class='ocrx_word' id='word_1_115' title='bbox 1522 1429 1589 1474; x_wconf 88' lang='lat' dir='ltr'>(cf.</span> <span class='ocrx_word' id='word_1_116' title='bbox 1608 1440 1645 1476; x_wconf 84' lang='lat'>9,</span> 
     </span>
     <span class='ocr_line' id='line_1_18' title="bbox 287 1485 1648 1536; baseline -0.003 -12"><span class='ocrx_word' id='word_1_117' title='bbox 287 1501 325 1530; x_wconf 81' lang='lat'>2,</span> <span class='ocrx_word' id='word_1_118' title='bbox 360 1497 424 1533; x_wconf 69' lang='lat'>47.</span> <span class='ocrx_word' id='word_1_119' title='bbox 458 1497 493 1533; x_wconf 91' lang='lat'>5,</span> <span class='ocrx_word' id='word_1_120' title='bbox 531 1503 591 1528; x_wconf 85' lang='lat'>10,</span> <span class='ocrx_word' id='word_1_121' title='bbox 625 1488 711 1536; x_wconf 85' lang='lat'><strong>91.)</strong></span> <span class='ocrx_word' id='word_1_122' title='bbox 742 1489 839 1526; x_wconf 81' lang='lat' dir='ltr'>Jens.</span> <span class='ocrx_word' id='word_1_123' title='bbox 864 1493 952 1533; x_wconf 86' lang='lat' dir='ltr'>(tac.</span> <span class='ocrx_word' id='word_1_124' title='bbox 980 1488 1110 1534; x_wconf 87' lang='lat' dir='ltr'>Gesn.)</span> <span class='ocrx_word' id='word_1_125' title='bbox 1134 1487 1226 1522; x_wconf 87' lang='lat' dir='ltr'>huic</span> <span class='ocrx_word' id='word_1_126' title='bbox 1260 1486 1354 1521; x_wconf 80' lang='lat' dir='ltr'>voci</span> <span class='ocrx_word' id='word_1_127' title='bbox 1373 1485 1588 1534; x_wconf 87' lang='lat' dir='ltr'>praemittit</span> <span class='ocrx_word' id='word_1_128' title='bbox 1611 1494 1648 1520; x_wconf 77' lang='lat' dir='ltr'>et</span> 
     </span>
    </p>
   </div>
   <div class='ocr_carea' id='block_1_5' title="bbox 284 1542 1644 1706">
    <p class='ocr_par' dir='ltr' id='par_1_5' title="bbox 284 1542 1644 1706">
     <span class='ocr_line' id='line_1_19' title="bbox 287 1542 1644 1590; baseline -0.004 -8"><span class='ocrx_word' id='word_1_129' title='bbox 287 1559 378 1582; x_wconf 86' lang='lat' dir='ltr'>cum</span> <span class='ocrx_word' id='word_1_130' title='bbox 417 1546 502 1582; x_wconf 82' lang='lat' dir='ltr'>edd.</span> <span class='ocrx_word' id='word_1_131' title='bbox 537 1556 621 1580; x_wconf 84' lang='lat' dir='ltr'>ante</span> <span class='ocrx_word' id='word_1_132' title='bbox 647 1545 752 1579; x_wconf 81' lang='lat' dir='ltr'>Bafil.</span> <span class='ocrx_word' id='word_1_133' title='bbox 789 1557 863 1579; x_wconf 88' lang='lat' dir='ltr'>acc.</span> <span class='ocrx_word' id='word_1_134' title='bbox 898 1542 1047 1590; x_wconf 77' lang='lat' dir='ltr'>Gryph.</span> <span class='ocrx_word' id='word_1_135' title='bbox 1291 1543 1472 1590; x_wconf 75' lang='lat' dir='ltr'>cognitio.</span> <span class='ocrx_word' id='word_1_136' title='bbox 1510 1543 1644 1577; x_wconf 72' lang='lat' dir='ltr'>Tui-ic.</span> 
     </span>
     <span class='ocr_line' id='line_1_20' title="bbox 285 1597 1641 1649; baseline -0.003 -12"><span class='ocrx_word' id='word_1_137' title='bbox 285 1602 391 1638; x_wconf 80' lang='lat' dir='ltr'>Flor.</span> <span class='ocrx_word' id='word_1_138' title='bbox 427 1600 513 1648; x_wconf 77' lang='lat' dir='ltr'>(hic</span> <span class='ocrx_word' id='word_1_139' title='bbox 541 1616 561 1635; x_wconf 85' lang='lat' dir='ltr'>a</span> <span class='ocrx_word' id='word_1_140' title='bbox 591 1615 650 1649; x_wconf 80' lang='lat' dir='ltr'>pr.</span> <span class='ocrx_word' id='word_1_141' title='bbox 683 1600 757 1648; x_wconf 85' lang='lat' dir='ltr'>m.)</span> <span class='ocrx_word' id='word_1_142' title='bbox 792 1601 992 1635; x_wconf 87' lang='lat' dir='ltr'>omittunt.</span> <span class='ocrx_word' id='word_1_143' title='bbox 1227 1597 1272 1633; x_wconf 81' lang='lat' dir='ltr'>ab</span> <span class='ocrx_word' id='word_1_144' title='bbox 1305 1598 1369 1634; x_wconf 82' lang='lat' dir='ltr'>his.</span> <span class='ocrx_word' id='word_1_145' title='bbox 1419 1597 1480 1632; x_wconf 86' lang='lat' dir='ltr'>Sic</span> <span class='ocrx_word' id='word_1_146' title='bbox 1509 1598 1641 1636; x_wconf 81' lang='lat' dir='ltr'>Turic.</span> 
     </span>
     <span class='ocr_line' id='line_1_21' title="bbox 284 1654 1641 1706; baseline -0.004 -13"><span class='ocrx_word' id='word_1_147' title='bbox 284 1658 389 1693; x_wconf 82' lang='lat' dir='ltr'>Flor.</span> <span class='ocrx_word' id='word_1_148' title='bbox 426 1659 557 1706; x_wconf 81' lang='lat' dir='ltr'>Camp.</span> <span class='ocrx_word' id='word_1_149' title='bbox 600 1657 756 1704; x_wconf 77' lang='lat' dir='ltr'>Reliqui</span> <span class='ocrx_word' id='word_1_150' title='bbox 790 1656 912 1690; x_wconf 80' lang='lat' dir='ltr'>abiis.</span> <span class='ocrx_word' id='word_1_151' title='bbox 961 1655 1007 1689; x_wconf 81' lang='lat' dir='ltr'>cf.</span> <span class='ocrx_word' id='word_1_152' title='bbox 1037 1661 1083 1698; x_wconf 82' lang='lat'>8,</span> <span class='ocrx_word' id='word_1_153' title='bbox 1119 1654 1155 1696; x_wconf 90' lang='lat'>6,</span> <span class='ocrx_word' id='word_1_154' title='bbox 1187 1654 1249 1697; x_wconf 83' lang='lat'>65.</span> <span class='ocrx_word' id='word_1_155' title='bbox 1487 1667 1641 1689; x_wconf 81' lang='lat' dir='ltr'>omnem.</span> 
     </span>
    </p>
   </div>
   <div class='ocr_carea' id='block_1_6' title="bbox 284 1709 1644 1817">
    <p class='ocr_par' dir='ltr' id='par_1_6' title="bbox 284 1709 1644 1817">
     <span class='ocr_line' id='line_1_22' title="bbox 285 1709 1644 1761; baseline -0.004 -11"><span class='ocrx_word' id='word_1_156' title='bbox 285 1715 403 1750; x_wconf 84' lang='lat' dir='ltr'>Goth.</span> <span class='ocrx_word' id='word_1_157' title='bbox 430 1714 518 1759; x_wconf 70' lang='lat' dir='ltr'>(tac,</span> <span class='ocrx_word' id='word_1_158' title='bbox 541 1714 670 1757; x_wconf 85' lang='lat' dir='ltr'>Gesn.)</span> <span class='ocrx_word' id='word_1_159' title='bbox 701 1713 832 1761; x_wconf 80' lang='lat' dir='ltr'>Camp.</span> <span class='ocrx_word' id='word_1_160' title='bbox 857 1713 1028 1747; x_wconf 83' lang='lat' dir='ltr'>omnium.</span> <span class='ocrx_word' id='word_1_161' title='bbox 1060 1713 1122 1749; x_wconf 87' lang='lat' dir='ltr'>Jo.</span> <span class='ocrx_word' id='word_1_162' title='bbox 1156 1711 1347 1746; x_wconf 76' lang='lat' dir='ltr'>saresber.</span> <span class='ocrx_word' id='word_1_163' title='bbox 1395 1725 1537 1746; x_wconf 86' lang='lat' dir='ltr'>omnem</span> <span class='ocrx_word' id='word_1_164' title='bbox 1558 1709 1644 1758; x_wconf 81' lang='lat' dir='ltr'>fere</span> 
     </span>
     <span class='ocr_line' id='line_1_23' title="bbox 284 1767 1640 1817; baseline -0.002 -11"><span class='ocrx_word' id='word_1_165' title='bbox 284 1767 559 1817; x_wconf 74' lang='lat' dir='ltr'>omniunzsttcd.</span> <span class='ocrx_word' id='word_1_166' title='bbox 590 1779 677 1805; x_wconf 78' lang='lat' dir='ltr'>mat.</span> <span class='ocrx_word' id='word_1_167' title='bbox 716 1770 818 1804; x_wconf 82' lang='lat' dir='ltr'>unde</span> <span class='ocrx_word' id='word_1_168' title='bbox 851 1767 969 1803; x_wconf 85' lang='lat' dir='ltr'>Goth.</span> <span class='ocrx_word' id='word_1_169' title='bbox 1002 1768 1229 1815; x_wconf 74' lang='lat' dir='ltr'>scripturam</span> <span class='ocrx_word' id='word_1_170' title='bbox 1266 1767 1511 1802; x_wconf 79' lang='lat' dir='ltr'>commendat</span> <span class='ocrx_word' id='word_1_171' title='bbox 1532 1767 1640 1803; x_wconf 82' lang='lat' dir='ltr'>Gisb.</span> 
     </span>
    </p>
   </div>
   <div class='ocr_carea' id='block_1_7' title="bbox 280 1824 1644 1930">
    <p class='ocr_par' dir='ltr' id='par_1_7' title="bbox 280 1824 1644 1930">
     <span class='ocr_line' id='line_1_24' title="bbox 280 1824 1644 1872; baseline -0.002 -11"><span class='ocrx_word' id='word_1_172' title='bbox 280 1828 406 1862; x_wconf 80' lang='lat' dir='ltr'>Koen.</span> <span class='ocrx_word' id='word_1_173' title='bbox 449 1827 495 1861; x_wconf 86' lang='lat' dir='ltr'>cf.</span> <span class='ocrx_word' id='word_1_174' title='bbox 527 1829 559 1872; x_wconf 54' lang='grc' dir='ltr'>ᾗ.</span> <span class='ocrx_word' id='word_1_175' title='bbox 592 1833 681 1869; x_wconf 88' lang='lat'>125.</span> <span class='ocrx_word' id='word_1_176' title='bbox 743 1825 903 1863; x_wconf 82' lang='lat' dir='ltr'>Nostrae</span> <span class='ocrx_word' id='word_1_177' title='bbox 930 1824 1137 1871; x_wconf 78' lang='lat' dir='ltr'>scripturae</span> <span class='ocrx_word' id='word_1_178' title='bbox 1166 1824 1271 1858; x_wconf 69' lang='lat' dir='ltr'>favet</span> <span class='ocrx_word' id='word_1_179' title='bbox 1298 1838 1332 1864; x_wconf 77' lang='grc' dir='ltr'>ι,</span> <span class='ocrx_word' id='word_1_180' title='bbox 1367 1833 1410 1865; x_wconf 72' lang='grc' dir='ltr'>ιι,</span> <span class='ocrx_word' id='word_1_181' title='bbox 1444 1831 1480 1866; x_wconf 87' lang='grc'>5.</span> <span class='ocrx_word' id='word_1_182' title='bbox 1514 1826 1644 1864; x_wconf 83' lang='lat' dir='ltr'>„omni</span> 
     </span>
     <span class='ocr_line' id='line_1_25' title="bbox 281 1878 1640 1930; baseline -0.001 -13"><span class='ocrx_word' id='word_1_183' title='bbox 281 1883 529 1923; x_wconf 80' lang='lat' dir='ltr'>„studiorum</span> <span class='ocrx_word' id='word_1_184' title='bbox 566 1889 743 1930; x_wconf 82' lang='lat' dir='ltr'>genere“.</span> <span class='ocrx_word' id='word_1_185' title='bbox 997 1883 1203 1915; x_wconf 74' lang='lat' dir='ltr'>maceriam.</span> <span class='ocrx_word' id='word_1_186' title='bbox 1228 1880 1340 1914; x_wconf 77' lang='lat' dir='ltr'>Nam.</span> <span class='ocrx_word' id='word_1_187' title='bbox 1365 1880 1498 1915; x_wconf 74' lang='lat' dir='ltr'>Tui-ic.</span> <span class='ocrx_word' id='word_1_188' title='bbox 1536 1878 1640 1916; x_wconf 87' lang='lat' dir='ltr'>Flor.</span> 
     </span>
    </p>
   </div>
   <div class='ocr_carea' id='block_1_8' title="bbox 274 1934 1636 2213">
    <p class='ocr_par' dir='ltr' id='par_1_8' title="bbox 274 1934 1636 2213">
     <span class='ocr_line' id='line_1_26' title="bbox 277 1934 1633 1988; baseline -0.002 -15"><span class='ocrx_word' id='word_1_189' title='bbox 277 1939 318 1983; x_wconf 85' lang='lat' dir='ltr'>(a</span> <span class='ocrx_word' id='word_1_190' title='bbox 352 1953 410 1988; x_wconf 84' lang='lat' dir='ltr'>pr.</span> <span class='ocrx_word' id='word_1_191' title='bbox 444 1952 495 1974; x_wconf 89' lang='lat' dir='ltr'>m.</span> <span class='ocrx_word' id='word_1_192' title='bbox 527 1939 707 1987; x_wconf 83' lang='lat' dir='ltr'>uterque)</span> <span class='ocrx_word' id='word_1_193' title='bbox 745 1951 831 1972; x_wconf 85' lang='lat' dir='ltr'>nam</span> <span class='ocrx_word' id='word_1_194' title='bbox 866 1938 1073 1971; x_wconf 77' lang='lat' dir='ltr'>materiam.</span> <span class='ocrx_word' id='word_1_195' title='bbox 1134 1935 1207 1971; x_wconf 87' lang='lat' dir='ltr'>Ille</span> <span class='ocrx_word' id='word_1_196' title='bbox 1238 1949 1258 1969; x_wconf 85' lang='lat' dir='ltr'>a</span> <span class='ocrx_word' id='word_1_197' title='bbox 1297 1937 1366 1972; x_wconf 87' lang='lat' dir='ltr'>sec.</span> <span class='ocrx_word' id='word_1_198' title='bbox 1415 1949 1467 1972; x_wconf 90' lang='lat' dir='ltr'>m.</span> <span class='ocrx_word' id='word_1_199' title='bbox 1524 1934 1633 1972; x_wconf 82' lang='lat' dir='ltr'>tollit</span> 
     </span>
     <span class='ocr_line' id='line_1_27' title="bbox 277 1991 1356 2044; baseline -0.003 -13"><span class='ocrx_word' id='word_1_200' title='bbox 277 1995 411 2044; x_wconf 82' lang='lat' dir='ltr'>priore</span> <span class='ocrx_word' id='word_1_201' title='bbox 432 1995 520 2031; x_wconf 90' lang='lat' dir='ltr'>loco</span> <span class='ocrx_word' id='word_1_202' title='bbox 545 2009 642 2035; x_wconf 85' lang='lat' dir='ltr'>nam,</span> <span class='ocrx_word' id='word_1_203' title='bbox 676 2009 746 2030; x_wconf 84' lang='lat' dir='ltr'>nec</span> <span class='ocrx_word' id='word_1_204' title='bbox 766 1993 922 2041; x_wconf 85' lang='lat' dir='ltr'>reponit</span> <span class='ocrx_word' id='word_1_205' title='bbox 944 1992 1086 2031; x_wconf 70' lang='lat' dir='ltr'>altero,</span> <span class='ocrx_word' id='word_1_206' title='bbox 1126 2003 1163 2027; x_wconf 75' lang='lat' dir='ltr'>et</span> <span class='ocrx_word' id='word_1_207' title='bbox 1184 1993 1230 2027; x_wconf 86' lang='lat' dir='ltr'>fic</span> <span class='ocrx_word' id='word_1_208' title='bbox 1255 1991 1356 2028; x_wconf 86' lang='lat' dir='ltr'>Alm.</span> 
     </span>
     <span class='ocr_line' id='line_1_28' title="bbox 369 2048 1581 2100; baseline -0.004 -13"><span class='ocrx_word' id='word_1_209' title='bbox 369 2062 459 2100; x_wconf 86' lang='lat'>129.</span> <span class='ocrx_word' id='word_1_210' title='bbox 492 2054 692 2089; x_wconf 81' lang='lat' dir='ltr'>orationes.</span> <span class='ocrx_word' id='word_1_211' title='bbox 725 2052 856 2087; x_wconf 79' lang='lat' dir='ltr'>Turio.</span> <span class='ocrx_word' id='word_1_212' title='bbox 887 2048 991 2085; x_wconf 82' lang='lat' dir='ltr'>Flor.</span> <span class='ocrx_word' id='word_1_213' title='bbox 1025 2048 1107 2092; x_wconf 83' lang='lat' dir='ltr'>(hic</span> <span class='ocrx_word' id='word_1_214' title='bbox 1131 2062 1150 2082; x_wconf 85' lang='lat' dir='ltr'>a</span> <span class='ocrx_word' id='word_1_215' title='bbox 1172 2062 1232 2096; x_wconf 76' lang='lat' dir='ltr'>pr.</span> <span class='ocrx_word' id='word_1_216' title='bbox 1254 2048 1328 2096; x_wconf 82' lang='lat' dir='ltr'>m.)</span> <span class='ocrx_word' id='word_1_217' title='bbox 1362 2051 1581 2084; x_wconf 86' lang='lat' dir='ltr'>orationem.</span> 
     </span>
     <span class='ocr_line' id='line_1_29' title="bbox 361 2104 1634 2156; baseline -0.001 -14"><span class='ocrx_word' id='word_1_218' title='bbox 361 2109 508 2156; x_wconf 79' lang='lat' dir='ltr'>dialogi</span> <span class='ocrx_word' id='word_1_219' title='bbox 536 2107 718 2154; x_wconf 73' lang='lat' dir='ltr'>feruntur.</span> <span class='ocrx_word' id='word_1_220' title='bbox 754 2106 886 2142; x_wconf 83' lang='lat' dir='ltr'>Turio.</span> <span class='ocrx_word' id='word_1_221' title='bbox 912 2105 1015 2140; x_wconf 80' lang='lat' dir='ltr'>Flor.</span> <span class='ocrx_word' id='word_1_222' title='bbox 1047 2105 1199 2152; x_wconf 62' lang='lat' dir='ltr'>dialog&amp;</span> <span class='ocrx_word' id='word_1_223' title='bbox 1224 2104 1258 2151; x_wconf 87' lang='lat' dir='ltr'>f.</span> <span class='ocrx_word' id='word_1_224' title='bbox 1322 2104 1392 2140; x_wconf 79' lang='lat' dir='ltr'>Ille</span> <span class='ocrx_word' id='word_1_225' title='bbox 1424 2119 1442 2139; x_wconf 84' lang='lat' dir='ltr'>a</span> <span class='ocrx_word' id='word_1_226' title='bbox 1477 2106 1544 2140; x_wconf 89' lang='lat' dir='ltr'>sec.</span> <span class='ocrx_word' id='word_1_227' title='bbox 1582 2119 1634 2142; x_wconf 86' lang='lat' dir='ltr'>m.</span> 
     </span>
     <span class='ocr_line' id='line_1_30' title="bbox 274 2161 1636 2213; baseline -0.003 -12"><span class='ocrx_word' id='word_1_228' title='bbox 274 2166 423 2213; x_wconf 77' lang='lat' dir='ltr'>dialogi</span> <span class='ocrx_word' id='word_1_229' title='bbox 465 2164 686 2212; x_wconf 78' lang='lat' dir='ltr'>efferuntur,</span> <span class='ocrx_word' id='word_1_230' title='bbox 721 2175 758 2200; x_wconf 84' lang='lat' dir='ltr'>et</span> <span class='ocrx_word' id='word_1_231' title='bbox 800 2165 848 2198; x_wconf 82' lang='lat' dir='ltr'>fic</span> <span class='ocrx_word' id='word_1_232' title='bbox 885 2162 1016 2209; x_wconf 84' lang='lat' dir='ltr'>Camp.</span> <span class='ocrx_word' id='word_1_233' title='bbox 1048 2162 1146 2200; x_wconf 86' lang='lat' dir='ltr'>Jens.</span> <span class='ocrx_word' id='word_1_234' title='bbox 1194 2173 1282 2195; x_wconf 91' lang='lat' dir='ltr'>cum</span> <span class='ocrx_word' id='word_1_235' title='bbox 1321 2161 1404 2196; x_wconf 83' lang='lat' dir='ltr'>edd.</span> <span class='ocrx_word' id='word_1_236' title='bbox 1438 2173 1525 2196; x_wconf 86' lang='lat' dir='ltr'>ante</span> <span class='ocrx_word' id='word_1_237' title='bbox 1548 2161 1636 2197; x_wconf 87' lang='lat' dir='ltr'>Ald.</span> 
     </span>
    </p>
   </div>
   <div class='ocr_carea' id='block_1_9' title="bbox 261 2273 1635 2722">
    <p class='ocr_par' dir='ltr' id='par_1_9' title="bbox 261 2273 1635 2722">
     <span class='ocr_line' id='line_1_31' title="bbox 335 2273 1635 2327; baseline -0.005 -13"><span class='ocrx_word' id='word_1_238' title='bbox 335 2288 425 2327; x_wconf 86' lang='lat'>129.</span> <span class='ocrx_word' id='word_1_239' title='bbox 463 2280 658 2314; x_wconf 76' lang='lat' dir='ltr'>orationes.</span> <span class='ocrx_word' id='word_1_240' title='bbox 691 2276 810 2316; x_wconf 83' lang='lat' dir='ltr'>„Sive</span> <span class='ocrx_word' id='word_1_241' title='bbox 838 2288 925 2311; x_wconf 79' lang='lat' dir='ltr'>cau·</span> <span class='ocrx_word' id='word_1_242' title='bbox 983 2275 1188 2322; x_wconf 77' lang='lat' dir='ltr'>‚,sc1·iptas,</span> <span class='ocrx_word' id='word_1_243' title='bbox 1222 2284 1286 2309; x_wconf 86' lang='lat' dir='ltr'>aut</span> <span class='ocrx_word' id='word_1_244' title='bbox 1327 2273 1505 2311; x_wconf 80' lang='lat' dir='ltr'>dictatas:</span> <span class='ocrx_word' id='word_1_245' title='bbox 1538 2286 1635 2321; x_wconf 84' lang='lat' dir='ltr'>quo-</span> 
     </span>
     <span class='ocr_line' id='line_1_32' title="bbox 270 2330 1635 2380; baseline -0.005 -9"><span class='ocrx_word' id='word_1_246' title='bbox 270 2338 421 2377; x_wconf 74' lang='lat' dir='ltr'>„sarum</span> <span class='ocrx_word' id='word_1_247' title='bbox 458 2335 639 2370; x_wconf 85' lang='lat' dir='ltr'>actiones.</span> <span class='ocrx_word' id='word_1_248' title='bbox 699 2333 793 2380; x_wconf 83' lang='lat' dir='ltr'>Egit</span> <span class='ocrx_word' id='word_1_249' title='bbox 824 2330 924 2367; x_wconf 88' lang='lat' dir='ltr'>mul·</span> <span class='ocrx_word' id='word_1_250' title='bbox 981 2344 1096 2371; x_wconf 74' lang='lat' dir='ltr'>„rum</span> <span class='ocrx_word' id='word_1_251' title='bbox 1122 2330 1299 2364; x_wconf 87' lang='lat' dir='ltr'>omnium</span> <span class='ocrx_word' id='word_1_252' title='bbox 1323 2330 1422 2366; x_wconf 81' lang='lat' dir='ltr'>levis</span> <span class='ocrx_word' id='word_1_253' title='bbox 1444 2330 1635 2365; x_wconf 78' lang='lat' dir='ltr'>memoria</span> 
     </span>
     <span class='ocr_line' id='line_1_33' title="bbox 269 2385 1632 2438; baseline -0.006 -10"><span class='ocrx_word' id='word_1_254' title='bbox 269 2404 350 2433; x_wconf 80' lang='lat' dir='ltr'>„tas</span> <span class='ocrx_word' id='word_1_255' title='bbox 384 2403 420 2428; x_wconf 91' lang='lat' dir='ltr'>et</span> <span class='ocrx_word' id='word_1_256' title='bbox 442 2392 621 2428; x_wconf 82' lang='lat' dir='ltr'>illustres,</span> <span class='ocrx_word' id='word_1_257' title='bbox 643 2400 755 2438; x_wconf 86' lang='lat' dir='ltr'>atque</span> <span class='ocrx_word' id='word_1_258' title='bbox 777 2389 818 2424; x_wconf 85' lang='lat' dir='ltr'>in</span> <span class='ocrx_word' id='word_1_259' title='bbox 841 2388 923 2436; x_wconf 88' lang='lat' dir='ltr'>ipso</span> <span class='ocrx_word' id='word_1_260' title='bbox 980 2387 1187 2435; x_wconf 83' lang='lat' dir='ltr'>„superest,</span> <span class='ocrx_word' id='word_1_261' title='bbox 1221 2397 1258 2421; x_wconf 89' lang='lat' dir='ltr'>et</span> <span class='ocrx_word' id='word_1_262' title='bbox 1290 2386 1403 2426; x_wconf 84' lang='lat' dir='ltr'>tulit,</span> <span class='ocrx_word' id='word_1_263' title='bbox 1447 2397 1491 2421; x_wconf 87' lang='lat' dir='ltr'>ut</span> <span class='ocrx_word' id='word_1_264' title='bbox 1526 2385 1632 2425; x_wconf 88' lang='lat' dir='ltr'>solet,</span> 
     </span>
     <span class='ocr_line' id='line_1_34' title="bbox 268 2442 1632 2494; baseline -0.005 -11"><span class='ocrx_word' id='word_1_265' title='bbox 268 2450 449 2490; x_wconf 80' lang='lat' dir='ltr'>‚,senatu:</span> <span class='ocrx_word' id='word_1_266' title='bbox 504 2458 548 2482; x_wconf 84' lang='lat' dir='ltr'>ut</span> <span class='ocrx_word' id='word_1_267' title='bbox 604 2447 779 2482; x_wconf 78' lang='lat' dir='ltr'>omittam</span> <span class='ocrx_word' id='word_1_268' title='bbox 830 2457 922 2494; x_wconf 80' lang='lat' dir='ltr'>quas</span> <span class='ocrx_word' id='word_1_269' title='bbox 981 2449 1190 2484; x_wconf 83' lang='lat' dir='ltr'>„aevum.“</span> <span class='ocrx_word' id='word_1_270' title='bbox 1247 2444 1399 2491; x_wconf 83' lang='lat' dir='ltr'>Lipsius</span> <span class='ocrx_word' id='word_1_271' title='bbox 1446 2442 1490 2476; x_wconf 89' lang='lat' dir='ltr'>in</span> <span class='ocrx_word' id='word_1_272' title='bbox 1540 2442 1632 2480; x_wconf 82' lang='lat' dir='ltr'>Vita</span> 
     </span>
     <span class='ocr_line' id='line_1_35' title="bbox 268 2502 1631 2553; baseline -0.004 -15"><span class='ocrx_word' id='word_1_273' title='bbox 268 2505 466 2553; x_wconf 81' lang='lat' dir='ltr'>„principi</span> <span class='ocrx_word' id='word_1_274' title='bbox 497 2505 661 2551; x_wconf 74' lang='lat' dir='ltr'>scripsit,</span> <span class='ocrx_word' id='word_1_275' title='bbox 720 2502 762 2536; x_wconf 89' lang='lat' dir='ltr'>in</span> <span class='ocrx_word' id='word_1_276' title='bbox 792 2503 924 2537; x_wconf 84' lang='lat' dir='ltr'>senatu</span> <span class='ocrx_word' id='word_1_277' title='bbox 981 2502 1155 2535; x_wconf 69' lang='lat' dir='ltr'>senecae.</span> <span class='ocrx_word' id='word_1_278' title='bbox 1223 2505 1397 2547; x_wconf 56' lang='lat' dir='ltr'>poemata</span> <span class='ocrx_word' id='word_1_279' title='bbox 1451 2508 1631 2538; x_wconf 86' lang='lat' dir='ltr'>„certum</span> 
     </span>
     <span class='ocr_line' id='line_1_36' title="bbox 264 2555 1629 2607; baseline -0.003 -13"><span class='ocrx_word' id='word_1_280' title='bbox 264 2559 516 2601; x_wconf 78' lang='lat' dir='ltr'>„1-ecitandas.</span> <span class='ocrx_word' id='word_1_281' title='bbox 586 2561 723 2607; x_wconf 85' lang='lat' dir='ltr'>Neque</span> <span class='ocrx_word' id='word_1_282' title='bbox 776 2558 915 2593; x_wconf 85' lang='lat' dir='ltr'>dubito</span> <span class='ocrx_word' id='word_1_283' title='bbox 974 2557 1051 2596; x_wconf 86' lang='lat' dir='ltr'>„est</span> <span class='ocrx_word' id='word_1_284' title='bbox 1082 2556 1253 2591; x_wconf 77' lang='lat' dir='ltr'>ubertim</span> <span class='ocrx_word' id='word_1_285' title='bbox 1294 2555 1486 2603; x_wconf 74' lang='lat' dir='ltr'>scripsisse.</span> <span class='ocrx_word' id='word_1_286' title='bbox 1546 2555 1629 2602; x_wconf 81' lang='lat' dir='ltr'>Ipse</span> 
     </span>
     <span class='ocr_line' id='line_1_37' title="bbox 262 2610 1628 2665; baseline -0.003 -15"><span class='ocrx_word' id='word_1_287' title='bbox 262 2616 429 2656; x_wconf 80' lang='lat' dir='ltr'>„Edicta</span> <span class='ocrx_word' id='word_1_288' title='bbox 459 2618 507 2652; x_wconf 82' lang='lat' dir='ltr'>ad</span> <span class='ocrx_word' id='word_1_289' title='bbox 534 2615 727 2665; x_wconf 82' lang='lat' dir='ltr'>populum</span> <span class='ocrx_word' id='word_1_290' title='bbox 762 2626 799 2650; x_wconf 85' lang='lat' dir='ltr'>et</span> <span class='ocrx_word' id='word_1_291' title='bbox 819 2614 914 2662; x_wconf 86' lang='lat' dir='ltr'>Epi·</span> <span class='ocrx_word' id='word_1_292' title='bbox 972 2614 1041 2653; x_wconf 81' lang='lat' dir='ltr'>„in</span> <span class='ocrx_word' id='word_1_293' title='bbox 1072 2611 1191 2646; x_wconf 84' lang='lat' dir='ltr'>exilio</span> <span class='ocrx_word' id='word_1_294' title='bbox 1226 2613 1352 2647; x_wconf 74' lang='lat' dir='ltr'>fecisse</span> <span class='ocrx_word' id='word_1_295' title='bbox 1385 2610 1558 2649; x_wconf 87' lang='lat' dir='ltr'>ostendit,</span> <span class='ocrx_word' id='word_1_296' title='bbox 1590 2620 1628 2646; x_wconf 88' lang='lat' dir='ltr'>et</span> 
     </span>
     <span class='ocr_line' id='line_1_38' title="bbox 261 2667 1628 2722; baseline -0.005 -14"><span class='ocrx_word' id='word_1_297' title='bbox 261 2670 403 2722; x_wconf 73' lang='lat' dir='ltr'>„stolas</span> <span class='ocrx_word' id='word_1_298' title='bbox 422 2674 632 2722; x_wconf 83' lang='lat' dir='ltr'>graviores,</span> <span class='ocrx_word' id='word_1_299' title='bbox 652 2672 698 2708; x_wconf 84' lang='lat' dir='ltr'>ab</span> <span class='ocrx_word' id='word_1_300' title='bbox 717 2671 789 2707; x_wconf 79' lang='lat' dir='ltr'>isso</span> <span class='ocrx_word' id='word_1_301' title='bbox 815 2684 906 2708; x_wconf 88' lang='lat' dir='ltr'>con·</span> <span class='ocrx_word' id='word_1_302' title='bbox 964 2669 1250 2716; x_wconf 77' lang='lat' dir='ltr'>‚,Tacitus,jam</span> <span class='ocrx_word' id='word_1_303' title='bbox 1274 2668 1398 2703; x_wconf 86' lang='lat' dir='ltr'>etiam</span> <span class='ocrx_word' id='word_1_304' title='bbox 1421 2667 1628 2708; x_wconf 73' lang='lat' dir='ltr'>seniorem,</span> 
     </span>
    </p>
   </div>
  </div>
 </body>
</html>
