1779 3062
413 103 579 159 fNST.
616 113 897 159 ORATOR.
933 114 1056 159 LIB.
1092 114 1165 172 X,
1212 127 1256 166 1.
1420 126 1515 169 111

154 245 213 293 in
247 240 494 291 manibus
531 238 950 291 adolescentium
991 240 1113 292 fuit.
1198 247 1372 313 Quem
1403 259 1519 301 non

154 319 410 385 equidem
430 320 656 369 omnino
682 319 908 368 conabar
932 332 1194 379 excutere,
1228 321 1318 370 sed
1341 322 1520 387 potio-

153 398 306 447 ribus
342 395 598 463 praeferri
627 414 740 446 non
782 395 1039 455 finebam,
1097 415 1234 463 quos
1277 400 1370 447 ille
1403 417 1519 449 non

153 473 423 524 destiterat
454 471 728 532 inceffere,
763 490 886 523 cum
917 473 1111 522 diversi
1148 475 1244 524 fibi
1276 475 1520 526 conscius

63 575 141 614 921
158 553 393 618 generis,
437 553 648 618 placere
677 550 730 600 se
757 552 816 600 in
845 551 1075 601 dicendo
1111 551 1278 618 polle,
1319 555 1519 619 quibus

153 631 239 680 illi
261 631 545 697 placerent,
567 628 842 679 diffideret.
909 630 1169 679 Amabant
1191 641 1367 680 autem
1391 649 1520 680 eum

152 710 344 773 magis,
396 724 557 773 quam
586 707 961 756 imitabantur:
1001 717 1322 772 tantumque
1357 709 1420 756 ab
1453 726 1519 758 eo

155 784 478 840 defluebant,
518 796 783 851 quantum
823 786 928 850 ille]
948 785 1010 834 ab
1049 787 1283 852 antiquis
1307 784 1522 834 descen-

154 862 314 912 derat.
341 865 501 912 Foret
524 864 669 911 enim
696 863 1010 928 optandum,
1029 881 1200 930 pares,
1221 873 1313 912 aut
1334 861 1515 912 saltem
1534 890 1612 925 127

153 942 445 1008 proximos,
483 941 568 989 illi
587 942 708 990 viro
734 938 866 991 fieri.
916 941 1019 992 Sed
1041 942 1277 1008 placebat
1301 951 1523 1010 propter

244 1096 374 1148 Quem.
409 1095 513 1132 Flor.
536 1099 574 1142 (a
593 1109 652 1145 pr.
678 1097 751 1141 m.)
784 1096 918 1146 Camp.
950 1097 1152 1133 omittunt.

238 1154 411 1188 conabar.
435 1154 569 1189 Turic.
591 1153 695 1189 Flor.
719 1153 837 1190 Goth.
864 1155 1098 1199 (tae.Gesn.;
1132 1152 1396 1201 posteriorum
1416 1165 1522 1191 uter·

154 1223 230 1261 que
252 1223 270 1244 a
288 1223 347 1258 pr.
370 1211 442 1255 m.)
473 1212 607 1259 Camp.
640 1210 815 1246 conabor.
1042 1209 1238 1258 praeferri.
1273 1210 1409 1247 Turic.
1439 1227 1523 1260 per-

148 1267 264 1317 ferre.
310 1267 414 1302 Flor.
457 1270 496 1311 (a
531 1280 588 1315 pr.
626 1268 765 1312 manu)
799 1265 1002 1315 praeferre.
1260 1281 1338 1301 cum
1375 1268 1522 1320 divefi·

156 1324 290 1362 Turio.
317 1322 422 1358 Flor.
455 1323 540 1368 (hie
563 1337 582 1357 a
603 1337 662 1372 pr.
684 1324 757 1368 m.)
791 1323 981 1358 omittunt
1015 1337 1092 1358 cum
1124 1335 1214 1358 cum
1232 1322 1335 1359 Alm.

243 1378 358 1430 poffe,
374 1381 515 1429 quibus.
548 1380 611 1415 Sic
625 1380 760 1416 Turio.
777 1381 909 1428 Camp.
926 1380 1016 1424 (nifi
1040 1380 1145 1428 quod
1166 1380 1231 1414 hic
1251 1378 1410 1429 poffem)
1434 1384 1525 1417 cum

155 1438 258 1476 Alm.
299 1436 407 1472 Bafil.
443 1436 595 1486 Gryph.
627 1437 808 1486 (1536.)
853 1436 1032 1472 luserunt
1071 1438 1108 1470 in
1142 1436 1246 1472 Flor.
1283 1438 1362 1480 (cf.
1401 1441 1527 1487 121.)

156 1494 286 1532 Guelf.
319 1506 406 1528 cum
431 1494 551 1530 Goth.
573 1493 679 1532 Voff.
710 1507 743 1528 1.
766 1504 802 1529 2.
834 1491 938 1530 Vall.
960 1493 1060 1531 Jens.
1086 1504 1122 1528 et
1142 1493 1227 1529 edd.
1251 1493 1412 1542 posterr.
1439 1508 1531 1532 ante·

157 1551 309 1601 Gryph.
331 1549 492 1598 Reliqui
511 1551 687 1586 inserunt
707 1551 762 1591 iis,
792 1550 951 1596 jubente
973 1550 1113 1598 Regio.
1295 1551 1364 1585 illi.
1389 1552 1525 1588 Turio.

158 1613 196 1655 (a
219 1609 288 1644 sec.
309 1609 381 1653 m.)
411 1608 486 1648 ille,
519 1607 627 1656 quoti
657 1618 693 1642 et
717 1620 763 1642 ex
785 1606 888 1642 Alm.
920 1605 1094 1641 affertur.
1319 1607 1525 1656 placerent.

156 1666 291 1703 Turio.
320 1665 467 1714 placere
498 1677 587 1700 cum
615 1663 717 1700 Airn.
957 1660 1159 1711 diffideret.
1198 1663 1305 1702 Flor.
1339 1666 1384 1711 (fi
1422 1677 1526 1702 recte

155 1724 396 1771 interpretor
418 1723 707 1770 excerpentem)
735 1717 964 1768 dffclerent.
1191 1720 1385 1757 Amabant
1403 1731 1527 1758 autem

158 1794 252 1816 eum.
286 1779 420 1815 Turie.
455 1793 533 1822 ατη..
558 1792 650 1813 eum.
687 1778 816 1813 Guelf.
853 1787 889 1812 et
922 1791 993 1812 am.
1025 1786 1101 1813 aut.
1134 1791 1163 1813 e.
1389 1780 1437 1814 ab
1469 1793 1524 1816 eo.

159 1837 224 1872 Sic
255 1835 389 1872 Turio.
420 1835 525 1871 Flor.
560 1834 680 1871 Goth.
710 1838 799 1880 (tac.
831 1834 962 1878 Gefn.)
993 1834 1127 1884 Camp.
1163 1834 1253 1871 Ald.
1285 1835 1379 1872 Bad.
1415 1836 1526 1875 Bafil.

158 1892 322 1942 Reliqui
350 1891 396 1927 ab
417 1893 496 1928 illo.

249 1983 339 2017 127.
372 1973 469 2006 enim
492 1971 711 2019 optandum.
745 1970 879 2006 Turic.
903 1969 1010 2010 Flor.
1029 1984 1058 2007 e.
1081 1970 1228 2020 aliquid
1252 1985 1285 2007 o.
1309 1984 1398 2007 cum
1421 1972 1526 2012 Alm,

159 2030 342 2080 Suspicor
359 2028 471 2064 fuiffe
494 2029 648 2078 alioqui.
710 2028 784 2064 Sed
805 2041 878 2076 pro
901 2027 1009 2076 foret
1028 2028 1160 2063 Turio.
1179 2027 1292 2076 fore,
1323 2028 1426 2066 Alm.
1443 2029 1531 2078 fere

159 2087 226 2134 (cf.
257 2083 384 2133 126.).
621 2095 688 2121 aut
710 2084 859 2134 saltem.
912 2084 1050 2120 Turic-
1088 2084 1194 2121 Flor.
1230 2085 1357 2121 Guelf.
1395 2088 1530 2137 Camp.

159 2143 279 2181 Goth.
305 2144 404 2182 Jens.
440 2145 529 2186 (tac.
566 2143 698 2191 Gesn.)
728 2157 770 2178 ac
795 2140 830 2191 s.
866 2155 955 2178 cum
987 2141 1092 2179 Voff.
1120 2152 1156 2178 2.
1182 2151 1218 2185 5.
1255 2153 1293 2177 et
1326 2143 1411 2180 edd.
1443 2156 1531 2180 ante

157 2202 252 2238 Bad.
275 2199 472 2236 acc.Bafil.
699 2201 904 2248 proximos,
928 2199 987 2235 illi
1004 2199 1247 2235 viro.T1u·ic.
1263 2198 1367 2235 Flos.
1391 2202 1532 2248 primos

160 2261 185 2297 i.
219 2259 332 2295 viros.
364 2256 492 2294 Guelf.
526 2256 593 2292 illo
627 2269 701 2306 pro
735 2257 804 2291 illi.
1062 2256 1136 2290 Sed
1174 2255 1358 2304 placebat.
1393 2257 1527 2294 Turic.

223 2390 314 2429 126.
355 2390 570 2438 defluebant
595 2388 814 2440 —descen-
872 2403 955 2425 ram
1015 2390 1267 2426 Francianam
1329 2389 1532 2440 desciverat

161 2450 280 2486 derat.
312 2449 370 2485 Cf.
400 2463 434 2488 1,
467 2455 515 2493 8,
548 2460 585 2496 9.
644 2449 815 2497 Egregia
871 2459 946 2496 pro
982 2445 1230 2495 descenderat.
1290 2449 1341 2482 Et
1377 2462 1445 2490 en,
1476 2449 1531 2484 ita

158 2505 378 2558 proprietas
423 2504 672 2541 elocutionis.
735 2506 816 2553 Qui
874 2503 1028 2540 dantem
1043 2505 1532 2555 Campanum!(cf.§.94.)

160 2564 293 2613 cupiat
319 2562 435 2604 nosse,
468 2562 565 2610 quid
596 2563 641 2598 fit
672 2563 755 2598 sana
779 2573 815 2598 et

162 2620 353 2669 elegantia
400 2619 590 2654 mutando
638 2632 816 2654 corrum-
938 2627 1031 2662 127.
1079 2620 1175 2654 enim
1210 2619 1430 2666 optandum.
1481 2619 1556 2657 cf..

159 2691 263 2728 pere,
289 2678 323 2713 is
345 2677 479 2714 videat
498 2676 599 2711 mihi
615 2677 814 2723 conjectu·
871 2686 950 2711 not.
985 2675 1072 2712 crit.
