1779 3062
403 149 569 193 INST.
608 148 889 194 ORATOR.
929 150 1050 195 LIB.
1088 149 1161 207 X,
1205 163 1252 196 2.
1407 160 1505 205 115

145 276 325 325 amore
368 275 818 342 comprobaretur.
936 279 1135 326 Verum
1177 276 1243 326 fic
1285 293 1592 342 quoque151

141 358 248 417 jam
272 352 518 411 robustis,
559 364 610 401 et
629 352 894 402 severiore
922 370 1114 418 genere
1141 354 1259 405 satis
1278 353 1503 405 firmatis

143 431 430 497 legendus,
502 432 589 479 vel
633 431 785 488 ideo,
859 431 1010 496 quod
1051 449 1291 481 exercere
1335 431 1505 498 potest

56 512 405 573 922utrinque
449 508 729 570 judicium.
824 508 1003 556 Multa
1047 510 1216 567 enim,
1274 521 1334 558 ut
1375 510 1504 569 dixi,

144 587 419 652 probanda
441 589 500 635 in
525 603 605 643 eo,
645 586 814 634 multa
835 585 1322 635 etiam-admiranda
1349 586 1499 636 sunt:

146 665 342 729 eligere
387 663 553 713 modo
600 680 756 711 curae
791 661 880 720 fit,
945 663 1095 727 quod
1143 664 1352 712 utinam
1391 663 1502 729 ipse

144 739 353 789 fecisset.
434 742 612 806 Digna
645 741 791 789 enim
823 738 931 788 fuit
967 741 1058 788 illa
1091 751 1302 798 natura,
1367 758 1503 805 quae

143 820 367 868 meliora
390 819 569 877 vellet,
609 835 760 883 quae,
802 817 954 883 quod
974 819 1170 876 voluit,
1215 815 1403 866 effecit.

256 932 318 978 ΙΙ.
395 933 472 978 Ex
523 929 610 978 his
684 930 980 993 ceterisque
1035 930 1266 979 lectione
1323 927 1502 992 dignis

143 1007 451 1056 auctoribus
488 1018 540 1056 et
570 1007 866 1056 verborum
898 1005 1155 1056 sumenda
1182 1007 1335 1073 copia
1359 1004 1432 1053 est
1455 1015 1506 1053 et

139 1088 362 1134 varietas
384 1083 701 1151 figurarum,
725 1095 776 1133 et
801 1085 1164 1150 componendi
1187 1085 1348 1134 ratio:
1388 1094 1507 1132 tum

143 1162 210 1211 ad
247 1164 551 1230 exemplum
585 1164 853 1211 Virtutum
889 1163 1132 1211 omnium
1184 1180 1336 1211 mens
1375 1161 1507 1209 diri-

144 1240 328 1306 genda.
420 1241 616 1304 Neque
651 1242 796 1289 enini
829 1238 1066 1287 dubitari
1107 1238 1307 1306 potest,
1370 1239 1505 1303 quin

145 1319 270 1366 artis
292 1335 413 1384 pars
443 1334 631 1382 magna
652 1317 990 1365 contineatur
1015 1320 1308 1364 imitatione.
1362 1317 1506 1363 Nam

143 1406 207 1443 ut
226 1396 474 1444 invenire
495 1395 735 1460 primum
758 1392 881 1451 fuit,
920 1392 1502 1460 estque'praecipuum:

233 1549 324 1583 151.
347 1539 536 1587 legendus.
558 1537 686 1574 Guelf.
710 1537 920 1585 legendum.
1148 1538 1342 1582 judicium.
1368 1537 1501 1572 Turio.

140 1596 244 1633 Flor.
269 1596 592 1644 Camp.judice1:z,
620 1608 710 1629 cum
730 1593 832 1631 Vall.
852 1608 871 1628 a
894 1595 962 1628 fec.
985 1605 1039 1627 m.
1264 1608 1367 1642 quae,
1392 1593 1501 1641 quod.

140 1655 276 1690 Turic-
297 1652 402 1688 Flor.
427 1651 554 1687 Guelf.
582 1652 773 1687 omittunt
795 1665 888 1700 quae
911 1663 998 1685 cum
1018 1649 1120 1684 Alm.
1138 1650 1243 1686 Voff.
1276 1666 1308 1686 1.
1337 1660 1372 1693 3.
1403 1651 1501 1688 Jens.

140 1711 256 1746 Tarv.
287 1709 444 1745 Habent
463 1709 602 1761 ‘Goth.
633 1719 671 1744 et
699 1707 800 1745 Vall.
849 1708 882 1741 E
915 1707 1019 1744 Voff.
1050 1716 1087 1749 5.
1140 1707 1308 1741 refertur
1339 1718 1375 1742 et
1406 1707 1503 1755 quod

141 1768 312 1807 meliora.
550 1765 683 1814 effecit.
715 1765 848 1800 Turic.
872 1765 1005 1813 Camp.
1027 1760 1146 1813 efficit
1167 1776 1255 1798 cum
1278 1763 1380 1800 Alm.
1403 1764 1502 1803 Jens.

140 1824 259 1860 Tarv-

235 1917 270 1938 1.
322 1905 431 1952 copia
463 1899 513 1951 eft
543 1911 590 1937 ec.
623 1902 755 1938 Turio.
788 1900 894 1937 Flor.
927 1900 1059 1949 Camp.
1092 1900 1282 1935 omittunt
1313 1896 1362 1947 est
1412 1913 1502 1934 cum

142 1959 262 1997 Goth.
297 1960 395 1998 Jens.
438 1972 476 1996 et
516 1959 601 1995 edd.
642 1969 727 1993 ante
759 1958 847 1996 Ald.
887 1958 1027 1993 Malim
1059 1971 1181 2006 paene
1220 1970 1293 2005 pro
1338 1966 1373 1991 et
1402 1957 1500 1992 verb.

141 2016 259 2052 scribi
281 2014 331 2064 efi
349 2030 396 2056 v.‚
428 2016 495 2052 hic
515 2026 644 2051 autem
671 2015 803 2051 omitti
823 2015 1004 2052 verbum.
1064 2014 1295 2050 lusci-ibitur
1321 2023 1435 2061 caput
1456 2013 1501 2048 de

141 2076 354 2117 imitatione
373 2074 416 2107 in
439 2073 568 2108 Guelf.
595 2071 712 2108 Goth.
737 2084 825 2108 cum
848 2072 933 2107 edd.
959 2070 1143 2107 omnibus
1179 2081 1264 2105 ante
1286 2071 1394 2107 Gefn.
1418 2082 1498 2104 exc.

141 2129 239 2167 Obr.
300 2129 418 2166 Nihil
447 2129 714 2178 inscriptionis
756 2129 799 2164 in
831 2129 965 2165 Turio.
997 2127 1100 2163 Flor.
1134 2128 1267 2176 Camp.

229 2189 403 2224 invenire.
437 2186 566 2224 Guelf.
601 2186 752 2222 omittit
782 2199 872 2222 cum
896 2185 998 2223 Voff.
1029 2197 1062 2220 ι.
1083 2193 1119 2228 3.
1151 2186 1265 2220 Rem.

227 2242 348 2294 estque
377 2245 628 2292 praecipuum.
662 2242 791 2280 Guelf.
823 2231 881 2287 est.
906 2256 1000 2293 quae
1031 2243 1230 2290 praecipue
1266 2255 1356 2278 cum
1391 2240 1496 2280 Voff.

140 2358 402 2396 Almeloveno
428 2371 599 2407 quoque,
625 2357 798 2393 doctiori
914 2366 1005 2400 151.
1088 2357 1257 2404 utrinque
1305 2355 1497 2400 judicium.

144 2417 306 2465 quidem
341 2414 417 2456 illi,
447 2414 588 2450 accidit
614 2414 658 2449 in
696 2428 795 2451 voce
853 2414 978 2455 „Tam
1001 2412 1240 2448 laudantium
1260 2425 1375 2461 quam
1396 2412 1498 2446 vitu-

144 2472 214 2508 illa
271 2471 469 2520 Caligulae
525 2471 658 2506 calcem
711 2471 795 2520 sine
852 2471 1141 2519 „perantium“.
1211 2469 1366 2504 Badius.
1437 2469 1500 2504 sic,

139 2544 253 2566 arena
324 2528 553 2583 appellantis
630 2531 793 2563 Senecae
853 2530 1031 2561 utrumvis
1087 2536 1124 2561 et
1172 2525 1296 2561 facere
1346 2536 1383 2560 ct
1419 2538 1499 2561 non

140 2586 359 2622 orationem
391 2587 513 2627 (Suet.
537 2584 616 2620 Cal.
638 2599 669 2621 c.
693 2586 791 2630 53.),
851 2583 974 2619 facere
1017 2582 1118 2632 apud
1153 2582 1233 2618 Cic.
1279 2595 1352 2631 pro
1392 2582 1498 2617 Rosc.

136 2644 275 2679 itidem
307 2656 326 2676 a
349 2641 534 2678 Turnebo
565 2652 790 2677 memorata.
849 2642 980 2677 Amer.
1014 2650 1080 2684 50.

140 2700 250 2743 [Vid.
273 2699 492 2741 Addenda]

941 2755 980 2789 H
1016 2764 1038 2789 2
