1779 3062
297 198 393 244 503
599 185 674 231 M.
723 187 859 231 FAB.
909 157 1325 246 QmN‘nLIANl

294 313 442 371 sunt,
491 322 765 361 notamus:
817 321 903 369 ut,
951 310 1225 377 quomodo
1263 311 1449 359 Cicero
1489 306 1639 367 dicit,

300 392 422 441 locis
454 407 553 454 pro
586 406 730 448 cera,
758 384 1058 460 simulacris
1081 405 1182 453 pro
1209 386 1392 435 litteris
1414 396 1637 435 utamur.

224 483 278 510 22
301 467 443 516 lllud
481 483 698 531 quoque
737 466 803 514 ad.
840 466 1066 515 verbum
1104 480 1329 530 ponere,
1369 464 1641 529 optimum¹

299 543 493 593 fuerit:
534 545 690 593 Locis
725 539 804 612 est
833 544 1072 591 utendum
1099 541 1295 598 multis,
1335 535 1639 607 illustribus,

301 621 588 686 explicatis,
618 622 827 669 modicis
851 619 1165 670 intervallis:
1207 613 1520 685 imaginihus
1543 633 1641 663 au-

298 710 400 746 tem
421 695 711 767 agentibus,
748 695 966 755 acribus,
1011 692 1284 767 insignitis,
1313 708 1448 758 quae
1467 708 1663 764 occur-s

299 793 444 832 rere,
486 776 815 840 celeriterque
850 785 1123 839 percutere
1169 775 1392 820 animum
1426 765 1641 841 possint.v

299 857 421 921 Quo
451 853 618 916 magis
652 853 844 909 miror,
886 850 1163 916 quomodo
1198 846 1550 899 Metrodorus
1579 846 1641 895 in

299 945 384 979 ΧΠ
419 928 611 995 signis,
660 945 756 994 per
801 946 936 994 quae
974 929 1065 978 Sol
1103 937 1266 986 meat,
1316 936 1555 974 trecenos
1587 933 1642 972 et

297 1096 390 1143 quae
419 1095 546 1142 utique
559 1092 746 1141 fingenda
761 1091 862 1142 sunt.
895 1093 956 1128 Sic
973 1105 1095 1128 nexus
1116 1103 1273 1140 quoque
1292 1087 1530 1125 manifestior
1550 1099 1642 1122 con·

295 1150 510 1197 junctionis
532 1159 572 1184 uc
600 1160 746 1183 utamur
768 1162 855 1184 cum
878 1163 970 1197 opus
991 1146 1052 1196 eft.
1077 1166 1079 1169 ·
1111 1148 1276 1183 Fortasse
1299 1146 1413 1181 etiam
1442 1158 1531 1180 cum
1551 1144 1645 1180 Ges·

295 1218 392 1241 nero
413 1206 658 1240 inserendum
681 1216 715 1239 et
736 1216 822 1240 ante
846 1206 1079 1252 imaginibus.
1111 1206 1211 1239 Nlox
1231 1201 1403 1251 discenda
1425 1203 1559 1250 Camp-

383 1270 447 1298 22.
475 1260 605 1309 fuerit.
637 1261 770 1296 Turic.
791 1261 895 1297 FIor.
920 1261 1046 1296 Guelf.
1069 1263 1162 1295 Exc.
1188 1262 1340 1294 Samen.
1357 1257 1500 1305 fuerat.

437 1318 602 1352 modicis.
634 1317 766 1352 Turic.
789 1317 892 1353 Flor.
917 1317 1045 1353 Guelf.
1064 1318 1192 1353 modis
1215 1328 1302 1350 cum
1320 1314 1423 1350 Alm.

434 1383 632 1422 percutere.
669 1373 797 1409 Guelf.
818 1375 911 1408 Exc.
937 1377 1089 1410 Samen.
1109 1375 1242 1420 Camp.
1262 1371 1360 1410 Jens.
1384 1374 1482 1416 (tac.
1503 1368 1644 1416 Gern.)

294 1444 503 1480 percurrere
533 1443 622 1478 cum
662 1430 748 1465 edd.
780 1442 866 1466 ante
897 1431 1047 1479 Gryph.
1078 1444 1158 1466 exc.
1180 1429 1272 1464 Bad.
1298 1428 1367 1476 qui
1399 1442 1418 1463 e
1441 1427 1542 1465 Vall.
1571 1440 1643 1463 no·

295 1489 429 1522 strum.
475 1487 601 1522 Modo
625 1499 699 1535 pro
720 1496 843 1522 autem
864 1488 961 1526 Jens.
985 1487 1065 1532 (fed
1084 1487 1150 1521 hie
1172 1500 1241 1534 per
1260 1485 1341 1534 [ph.
1371 1486 1504 1534 aliqui)
1525 1486 1644 1520 Tarv.

297 1556 336 1579 et
356 1545 441 1579 edd.
462 1543 620 1593 posterr.
647 1553 732 1578 ante
756 1543 851 1579 Obr.
875 1557 950 1578 acc.
975 1543 1079 1579 noll.
1105 1544 1261 1593 aliquid.
1293 1553 1376 1577 tum
1399 1544 1530 1591 Camp.
1551 1541 1643 1575 cele-

294 1602 386 1635 riter
408 1613 596 1649 quemque.
626 1599 730 1634 Flor.
755 1601 928 1646 imaginis
949 1613 1020 1648 pro
1041 1600 1277 1646 imaginihus.
1530 1607 1642 1632 trece-

295 1669 375 1692 nos.
408 1656 540 1691 Turic.
565 1655 668 1690 Flor.
688 1655 814 1690 Guelf.
839 1658 971 1704 Camp.
994 1657 1092 1694 Jens.
1117 1655 1207 1701 (tac.
1231 1655 1359 1699 Gesn.)
1383 1657 1538 1689 tricenos
1550 1667 1642 1688 cum

295 1711 417 1748 Goth.
433 1723 469 1748 et
498 1712 582 1748 edd.
606 1722 691 1747 ante
704 1712 813 1747 Basil.
835 1712 1033 1760 frequenti
1053 1712 1297 1748 confusione:
1315 1710 1572 1747 cf.D1·akenb.
1595 1710 1643 1744 ad

291 1770 382 1806 Liv.
404 1776 472 1816 40,
495 1775 560 1815 54,
583 1775 620 1812 8.
658 1767 736 1802 Hic
760 1769 920 1816 quidem
939 1769 1020 1818 ipsa
1041 1771 1262 1804 tricenorum
1282 1767 1508 1817 processerit
1525 1767 1641 1808 ratio,

346 1917 471 1952 Cicero
483 1915 583 1951 dicit.
595 1915 703 1950 Loco
716 1906 941 1963 supraindi·

1000 1915 1107 1964 quod
1144 1914 1278 1955 sciam,
1319 1915 1404 1951 MS.
1437 1913 1643 1950 Gothanus

293 1983 378 2008 cato
392 1972 437 2007 de
450 1972 560 2013 Or.2‚
575 1972 639 2016 36.
661 1972 754 2007 item
769 1985 862 2007 mox
875 1979 940 2016 87.
991 1971 1064 2021 sua
1095 1972 1158 2007 dat
1178 1984 1251 2020 pro
1270 1969 1403 2019 suam,·
1433 1971 1539 2019 quod
1557 1972 1642 2006 sane

294 2028 366 2064 Isti
387 2029 432 2063 de
455 2042 535 2062 cera
557 2039 593 2063 et
613 2028 744 2062 litteris
771 2029 941 2064 mirifice

291 2084 498 2132 respondet
520 2084 761 2120 Herenniani
790 2086 940 2121 dictum

295 2150 333 2184 3,
362 2147 421 2184 ¹8·
445 2142 645 2187 imagines,
665 2139 762 2187 sicut
781 2142 939 2182 litterae,

295 2198 476 2236 delentur,
499 2197 560 2230 ubi
579 2197 671 2230 nihil
693 2197 767 2233 illis
780 2201 938 2234 utimur:

293 2255 390 2294 loci,
423 2265 599 2302 tunquam
623 2266 722 2294 cera,
754 2268 939 2290 remanere

294 2310 439 2346 debent.

351 2399 416 2425 22.
431 2389 687 2425 Metrodorus.
709 2388 754 2424 cf.
773 2402 787 2422 ι
798 2402 832 2428 o,
847 2388 882 2428 6,
900 2400 935 2433 4.

293 2447 375 2493 Qui
389 2445 464 2481 hoc
475 2456 669 2494 praeterea
683 2445 842 2480 referret
855 2447 938 2480 Me-

292 2503 447 2538 trodori
482 2502 695 2536 artificium
735 2502 778 2537 in
812 2513 938 2537 artum

292 2557 424 2594 locum
465 2557 655 2606 plurimas
696 2559 937 2594 infercientis

293 2615 484 2662 imagines
497 2640 507 2654 ,
546 2626 626 2648 non
657 2615 787 2663 reperi
819 2627 937 2662 quen·

295 2683 422 2718 quam.
490 2669 629 2704 Malim
670 2682 797 2705 autem
838 2671 938 2719 quod

292 2737 382 2774 prae
394 2726 466 2762 ino
481 2727 680 2776 quomodo.
711 2729 813 2764 Mox
823 2740 935 2769 unus,

998 2028 1144 2077 placet,
1194 2039 1239 2065 ut
1268 2029 1311 2063 ad
1344 2039 1423 2064 arte
1452 2027 1642 2065 referatur

996 2098 1239 2132 pronomen,
1297 2099 1379 2121 non
1416 2084 1464 2119 ad
1502 2095 1642 2118 memo-

996 2143 1115 2180 riam,·
1145 2143 1274 2188 positu
1296 2142 1410 2176 etiam
1440 2140 1550 2175 vocis
1571 2152 1640 2186 po-

997 2199 1067 2232 tius
1087 2197 1163 2233 hoe
1182 2198 1372 2233 suadente.
1414 2196 1586 2235 Jactabat
1605 2197 1642 2232 se

996 2255 1250 2291 Metrodorus
1283 2253 1529 2289 mnemonica
1560 2265 1641 2288 ma-

995 2311 1055 2357 gis
1087 2312 1146 2346 sua
1181 2325 1296 2360 quam
1326 2309 1537 2350 memoria3
1567 2309 1642 2345 ubi

995 2366 1093 2402 alius
1110 2369 1189 2414 ejus
1202 2368 1354 2416 generis
1365 2367 1504 2402 artifex
1516 2378 1640 2401 unum

998 2433 1035 2457 et
1053 2424 1216 2459 alterum
1231 2426 1272 2459 in
1288 2425 1429 2472 quovis
1441 2424 1548 2471 [igno
1562 2423 1640 2458 Zo-

997 2479 1099 2514 diaei
1118 2481 1268 2516 fortasse
1290 2481 1423 2517 locum
1443 2477 1639 2528 posujss‘et',

994 2535 1054 2570 ibi
1100 2538 1260 2586 triginta
1303 2537 1506 2573 definiens.
1572 2527 1638 2571 Dis

994 2595 1163 2630 vanitate
1208 2585 1363 2631 consule
1399 2605 1473 2629 nos
1506 2591 1554 2628 ad
1582 2597 1636 2639 4.

999 2661 1033 2690 ²2
1051 2658 1118 2694 55·
