1789 3068
649 162 1115 211 PRAEFAT10.·
1474 170 1534 202 xx

179 303 309 353 libri
341 299 611 365 eiusmodi
631 299 761 360 fere,
799 317 936 366 quos
969 299 1110 350 nihil
1132 296 1382 364 primitus
1409 290 1536 347 dare

180 389 301 440 satis
356 389 569 448 constat,
611 400 673 439 ut
721 387 871 439 Basil.
923 394 1084 452 1541.
1123 385 1328 452 Gryph.
1369 385 1536 434 Stoer.

181 481 343 530 Hunc
397 477 667 530 defectum
712 479 925 544 explere
976 492 1076 542 ego
1122 491 1298 540 neque
1322 531 1325 532 ⁷
1351 472 1539 541 potui,

181 585 386 633 neque,
445 565 488 615 si
526 563 834 633 potuissem,
881 566 942 614 in
982 574 1100 635 tam·
1129 564 1345 629 exigua,
1401 576 1538 627 quae

181 657 321 706 mihi
355 654 666 704 demandata
702 653 902 711 fuerat,
941 653 1180 701 muneris
1222 662 1368 718 parte
1412 667 1540 717 ope-

181 761 271 794 rae
311 745 544 810 pretium
575 740 765 792 fuisset.
848 742 1026 794 Tenui
1054 742 1236 805 itaque
1270 739 1337 788 ad
1365 737 1539 789 finem

181 849 353 898 usque
394 830 670 883 decefforis
712 847 936 884 morem.
1012 830 1145 879 Non
1179 840 1355 881 tamen
1395 828 1541 889 iniu-

181 921 261 970 ria
315 939 343 969 a
402 920 903 989 supplementorum
956 919 1182 968 illorum
1235 915 1541 969 confectore

180 1011 516 1074 requiretur,
572 1020 636 1059 ut
674 1011 921 1068 illarum,
976 1006 1176 1073 quibus
1214 1006 1307 1055 ille
1348 1006 1545 1064 caruit,

179 1097 505 1157 editionum,
545 1098 613 1148 de
650 1100 850 1165 quibus
883 1113 1008 1164 prae
1031 1096 1217 1146 ceteris
1244 1093 1429 1145 indico
1450 1097 1547 1143 Ba·-

179 1184 257 1235 fil.
298 1189 337 1235 Ι.
396 1185 659 1256 (1527.),
700 1188 781 1237 ed.
822 1186 1084 1236 Vidovaei
1137 1182 1324 1248 (Paris.
1384 1196 1546 1246 1527,

188 1277 390 1339 1553),
420 1274 688 1325 Vascosani
711 1275 890 1342 (Paris.
921 1287 1080 1332 1558.
1116 1270 1319 1339 1549),
1351 1271 1546 1326 Ascen-

180 1359 381 1411 sianam
400 1381 421 1409 1
435 1376 500 1421 53
516 1381 558 1412 1.
588 1381 713 1413 cum
733 1365 879 1412 notis
901 1361 1195 1419 Philandri,
1218 1371 1269 1409 et
1294 1362 1544 1410 omnium

180 1453 410 1500 maxime
458 1450 842 1501 Gallandianas
882 1450 1011 1499 inde
1052 1450 1115 1498 ab
1156 1467 1197 1498 a.
1237 1461 1415 1508 1553„
1455 1468 1544 1501 co·-
1617 1471 1621 1474 ‘

183 1539 330 1606 piam
368 1536 469 1586 fibi
509 1555 538 1586 e
583 1540 895 1587 Germaniae
946 1538 1288 1587 bibliothecis
1333 1553 1551 1604 compa-

185 1637 280 1678 ret.
371 1629 455 1676 De
499 1627 685 1676 Codice
734 1637 914 1677 autem
972 1627 1024 1675 T
1020 1621 1263 1697 uricensi,
1322 1625 1473 1690 quod
1516 1643 1550 1676 e

183 1715 484 1783 Spaldingii
525 1714 592 1768 ad
614 1716 730 1767 Vol.
753 1718 790 1764 Ι.
835 1714 1163 1782 praefatione
1205 1712 1420 1773 constat,
1448 1717 1549 1765 ite·-

184 1823 309 1856 rum
349 1821 579 1862 monem
636 1805 979 1854 collationem
1021 1804 1084 1853 ab
1126 1804 1314 1854 Ulrico
1354 1802 1548 1854 factam

184 1895 423 1960 incipere
463 1911 492 1942 a
532 1895 691 1945 tertio
734 1893 956 1943 demum
984 1893 1146 1941 libro.
1221 1893 1392 1957 Igitur
1422 1912 1548 1945 cum

185 1983 523 2049 Sulzbergeri
569 1983 786 2032 libellus
836 1982 1041 2032 ibidem
1081 1990 1407 2031 memoratus
1455 1999 1548 2032 va·

115 2061 117 2064 ⁴
185 2072 429 2123 rietatem
462 2073 730 2122 librorum
777 2089 801 2118 1
848 2081 901 2119 et
939 2086 967 2120 2
1005 2088 1126 2136 Vnon
1163 2070 1401 2136 plenam,
1452 2069 1545 2121 sed

184 2160 277 2212 hic
310 2162 424 2210 illic
465 2171 672 2211 tantum
707 2171 1004 2226 excerptam
1034 2159 1295 2226 praebeat,
1318 2158 1545 2210 illorum

186 2250 348 2298 etiam
387 2250 545 2316 plena
586 2251 759 2315 parari
799 2248 1015 2298 debebit
1058 2248 1286 2300 collatio.

300 2341 428 2397 Jam,
471 2340 718 2403 quamvis
749 2339 947 2397 omnia,
986 2353 1123 2404 quae
1144 2334 1268 2403 ,sive
1292 2338 1549 2404 augendis

188 2424 299 2475 l'ive
349 2427 678 2492 corrigendis
713 2427 1012 2494 Spaldingii
1046 2425 1112 2474 ad
1144 2424 1349 2490 priores
1381 2428 1551 2479 libros

189 2517 583 2587 commentariis
613 2514 940 2574 inserviunt,
975 2513 1346 2581 supplemento
1365 2517 1448 2565 illi
1468 2534 1552 2566 re·-

170 2600 468 2653 -serventur
497 2604 864 2654 commodius:
891 2614 1196 2654 nontamen
1218 2603 1454 2655 alienum
1470 2608 1551 2655 vi-

192 2689 367 2752 detur,
377 2691 468 2744 hic
494 2693 753 2762 quaedam
774 2692 1033 2762 proferre,
1052 2708 1187 2758 quae
1206 2691 1325 2761 post
1338 2680 1550 2749 obitum
