1779 3062
291 195 317 238 5
326 193 351 237 3
362 195 385 227 ς’.
603 180 678 225 Μ.
714 180 849 225 FAB.
891 180 1302 242 QUINTILIANI

290 319 403 356 tum
444 307 503 355 in
544 307 730 354 animis
767 306 970 365 valent;
1019 323 1136 354 cum
1170 308 1400 371 pictura,
1449 314 1623 353 tacens

290 402 447 449 opus,
491 393 541 431 et
565 383 776 430 habitus
801 380 1001 447 semper
1023 384 1257 443 ejusdem
1273 420 1286 440 ,
1323 382 1395 431 sic
1419 383 1478 430 in
1496 382 1621 430 inti-

288 477 404 510 mos
428 470 666 525 penetret
698 454 936 516 aflectus,
983 470 1043 507 ut
1077 459 1239 523 ipsam
1264 461 1376 508 v‘im
1407 457 1713 508 dicendi1o15
1739 496 1741 502 2

286 553 678 601 nonnunquam
720 533 958 600 superare
1008 535 1264 584 videatur.
1345 537 1544 593 Contra
1581 531 1623 580 si

289 613 460 678 gestus
481 630 536 660 ac
559 613 741 660 vultus
765 613 826 659 ab
850 613 1086 660 oratione
1110 609 1420 668 dissentiant,
1456 608 1628 657 tristia.

290 690 526 738 dicamus
560 689 777 746 hilares,
827 687 1145 736 affirmemus
1186 689 1361 753 aliqua
1390 703 1621 736 renuen-

289 777 392 815 tes:
447 784 560 815 non
592 767 867 814 auctoritas
904 764 1305 822 modo'verbis,
1350 763 1440 812 sed.
1470 765 1622 810 etiam

289 841 426 891 fides
474 841 634 903 desit„
707 844 884 891 Decor
922 857 1136 904 quoque
1175 859 1202 888 a
1233 840 1379 906 gestu
1413 851 1567 904 atque
1599 855 1627 884 a

211 929 269 976 63
293 930 447 969 motu
487 919 647 967 venit.
736 919 966 983 Ideoque
1009 917 1393 967 Demosthenes
1429 914 1627 981 grande

290 996 558 1060 quoddam
583 997 796 1044 intuens
815 994 1102 1060 speculum,
1123 1010 1441 1059 componere
1463 993 1624 1041 actio-

289 1090 414 1122 nem
437 1071 645 1121 solebat.
708 1072 880 1128 Adeo,
914 1072 1154 1134 quamvis
1177 1071 1357 1136 fulgor
1380 1070 1470 1118 ille
1498 1067 1624 1116 sini-

289 1149 415 1198 stras
446 1149 698 1212 imagines
719 1148 917 1203 reddat,
957 1147 1065 1195 suis
1088 1147 1306 1194 demum
1326 1147 1494 1195 oculis
1514 1162 1624 1192 cre-

286 1223 450 1282 didit,
503 1223 651 1288 quod
686 1222 934 1271 efficeret.
1013 1225 1363 1287 Praecipuum
1385 1222 1622 1270 ‘veroin

284 1302 507 1358 actione,
546 1298 678 1348 sicut
697 1301 755 1347 in
780 1315 1002 1365 corpore
1026 1298 1157 1363 ipso,
1201 1309 1357 1364 caput
1381 1295 1468 1356 est,
1501 1314 1623 1346 cum

285 1377 350 1426 ad
381 1378 563 1434 illum,
603 1375 668 1424 de
703 1394 812 1442 quo
836 1376 972 1434 dixi,
1013 1375 1288 1435 decorem,
1326 1385 1443 1424 tum
1465 1375 1623 1442 etiam

283 1531 389 1569 Plor.
413 1530 546 1579 Camp.
570 1532 605 1564 1'12
625 1531 751 1565 habitu
770 1543 842 1578 pro
864 1530 1011 1566 habitus
1031 1531 1253 1572 cumAlm.;
1283 1541 1321 1565 et
1339 1530 1470 1578 Camp.
1495 1529 1623 1564 eodem

285 1601 455 1636 quoque.
499 1589 536 1620 in
573 1597 658 1621 ante
694 1588 842 1621 intimos
871 1588 1058 1622 omittunt
1086 1587 1203 1623 Goth.
1239 1587 1337 1625 Jens.
1372 1589 1460 1629 (tac.
1493 1585 1621 1628 Gesn.)

285 1645 418 1690 Camp.
441 1656 527 1677 cum
549 1641 649 1679 Vall.
673 1642 775 1678 Voss'.
795 1651 831 1684 3.
856 1643 965 1678 Colb.
990 1643 1105 1678 Tarv.
1125 1643 1171 1677 ab
1195 1652 1341 1678 oratore
1363 1642 1494 1677 Turio.
1515 1640 1620 1675 Flor-

283 1699 417 1746 Camp,
446 1711 533 1732 cum
563 1697 663 1733 Alm.
687 1698 804 1732 Goth.
829 1699 894 1741 (cf.
915 1698 1010 1744 65.)
1043 1699 1115 1733 Sed
1134 1699 1265 1734 Turic-
1298 1697 1401 1733 Flor.
1425 1697 1560 1733 Afnbr.
1582 1705 1620 1730 2.

282 1753 475 1803 dissentiat
493 1753 600 1800 (cum
622 1755 723 1788 Voss.
751 1769 784 1789 1.
807 1756 877 1799 5.),
907 1755 1026 1788 iidem
1047 1766 1196 1802 praeter
1223 1756 1354 1801 Camp.
1385 1755 1474 1801 (qui.
1498 1753 1619 1788 modo

285 1822 349 1847 aut
378 1823 448 1857 pro
484 1813 543 1852 ac)
578 1807 738 1856 tristitia.
798 1811 896 1845 issox
924 1820 1007 1844 ante
1032 1819 1134 1844 mota
1156 1810 1476 1859 praepositionem
1504 1809 1620 1845 omit-

285 1877 372 1902 tunt
391 1867 522 1900 Turic.
538 1865 640 1900 Flor.
660 1866 794 1901 Ambr.
810 1875 845 1902 2.
875 1865 1021 1906 Guelf.;
1050 1867 1304 1902 inserentibus
1331 1868 1463 1901 Burm.
1488 1878 1618 1909 accen-

285 1923 337 1957 set
367 1921 466 1957 Alm.
499 1922 606 1968 quod
636 1922 771 1956 miror.
831 1923 940 1969 Ego,
974 1923 1150 1968 quamvis
1181 1923 1379 1970 operosior
1400 1921 1466 1956 hic
1489 1920 1619 1957 videri

285 1978 400 2027 possit
417 1977 595 2024 repetitio
619 1979 925 2025 praepositionis,
949 1979 1112 2012 summae
1132 1979 1368 2013 auctoritatis
1390 1978 1496 2015 testes
1512 1977 1619 2026 sequi

284 2045 366 2068 non
389 2034 532 2073 audeo,
566 2045 654 2066 cum
684 2043 795 2081 atque
823 2045 982 2083 propter
1005 2035 1222 2082 sequentem
1251 2033 1426 2071 vocalem
1448 2035 1618 2082 positum

283 2089 489 2126 videatur:
529 2089 574 2123 cf.
600 2101 636 2136 9,
663 2096 697 2132 4,
726 2099 815 2131 157·

371 2168 434 2211 63.
465 2167 663 2216 quoddam.
696 2168 826 2204 Turic.
842 2168 935 2203 huic
957 2169 1049 2204 voci
1068 2168 1282 2215 praemittit
1295 2169 1462 2204 condam.
1484 2169 1616 2217 Camp.

285 2237 358 2272 pro
393 2223 522 2257 eadem
556 2236 709 2271 quoque.
758 2226 832 2259 Pro
860 2224 993 2272 fulgor
1020 2224 1122 2258 Flor.
1154 2224 1287 2270 vulgor
1316 2224 1388 2268 (cf.
1414 2225 1452 2264 6,
1474 2234 1510 2268 5,
1540 2229 1616 2272 9.)-

285 2280 373 2314 Post
402 2280 464 2313 ille
498 2279 667 2313 inserunt
699 2280 735 2312 in
764 2280 897 2315 Ambr.
923 2291 958 2314 2.
996 2279 1122 2315 Guelf.
1158 2293 1244 2314 cum
1271 2281 1368 2317 Jens.
1401 2292 1437 2316 et
1456 2281 1613 2329 posterr.

287 2335 372 2370 edd.
396 2346 478 2369 ante
492 2334 578 2369 Ald.
598 2334 656 2368 sed
681 2336 807 2369 excusi
821 2335 883 2370 ilii
904 2336 1018 2371 etiam
1042 2337 1167 2381 redeat
1189 2337 1360 2381 (chens.
1384 2350 1455 2372 err.
1471 2337 1611 2382 Gesn.).

284 2393 361 2426 P1o
391 2390 471 2439 ipso
496 2390 599 2426 Flor.
626 2389 713 2439 ipse.

342 2523 408 2567 67.
436 2526 510 2559 vim
524 2525 668 2558 dicendi
678 2522 921 2572 —superare.
969 2525 1171 2575 speculum.
1203 2527 1292 2565 Vid.
1313 2533 1462 2575 praeter
1484 2523 1614 2561 lauda-

283 2581 465 2615 Remittit
537 2581 921 2617 Pseudo-Turnebus
980 2595 1038 2618 tos
1054 2586 1100 2619 ad
1127 2597 1187 2625 10,
1214 2593 1251 2627 5,
1277 2592 1340 2626 25.
1370 2580 1484 2628 Ap'ul.
1500 2581 1612 2630 Apol.

284 2634 469 2671 lectorem
491 2636 537 2670 ad
559 2637 595 2676 6,
621 2650 652 2676 ι,
678 2647 742 2680 52.
978 2652 1015 2687 p.
1050 2649 1115 2684 87.
1145 2641 1215 2677 Ed.
1240 2639 1382 2677 Gentil.
1413 2646 1504 2682 285.
1547 2639 1613 2674 El-

344 2692 408 2736 68.
439 2692 698 2740 Demosthenes
718 2694 923 2741 grande—
978 2697 1108 2733 menh.
