1789 3068
614 104 1074 154 PRAEFATIO.
1433 118 1505 153 xv

151 244 369 316 probari
424 243 613 294 lectori
655 243 922 305 judicium
973 242 1218 294 nostrum
1256 239 1509 303 debebat,

155 334 428 398 ejusmodi
465 342 556 383 aut
602 349 795 399 parum
834 342 926 381 aut
965 333 1105 382 nihil
1146 334 1207 382 in
1250 342 1509 398 promptu

156 423 291 485 fuit;
328 426 464 490 quin
492 424 650 472 etiam
670 421 950 473 nonnullis
973 419 1038 470 de
1067 423 1201 472 locis
1224 419 1510 472 tacendum

159 513 385 565 omnino
413 511 620 581 putavi,
661 527 786 561 cum
814 509 946 558 certi
973 509 1115 559 nihil
1147 527 1210 559 ex
1235 527 1351 559 mea
1380 510 1515 558 alio·-

155 619 350 661 tumve
387 600 753 652 observatione
782 596 1094 665 suppeteret.
1177 603 1327 648 Hanc
1348 616 1513 666 porro

155 689 419 742 inscitiam
444 688 562 739 satis
591 688 680 738 vel
712 686 877 738 dictio
911 685 1088 736 nostra
1113 699 1299 755 arguet
1322 690 1395 738 ita
1419 706 1514 739 ne-

157 780 364 846 gligens
388 777 680 835 interdum,
707 785 770 825 ut
792 775 882 825 hic
916 775 1031 825 illic
1055 778 1262 826 incuria
1290 775 1513 837 fuderit,

156 885 294 934 quae
329 866 587 917 sermonis
625 880 816 915 norma
858 873 911 912 et
944 863 1069 915 usus
1104 864 1339 932 respuat:
1418 867 1513 915 illa

156 967 335 1006 tamen
359 972 467 1005 una
493 973 618 1005 cum
638 952 949 1021 typothetae
973 953 1183 1005 mendis
1208 955 1397 1017 ejicere
1419 971 1516 1021 per

153 1044 403 1096 locorum
437 1042 736 1094 distantiam
770 1059 886 1092 non
911 1043 1082 1092 licuit.
1164 1048 1305 1093 Haec
1333 1045 1515 1110 itaque

154 1150 456 1200 aequorum
485 1133 750 1183 lectorum
770 1130 975 1194 judicio
996 1134 1276 1199 permitto,
1313 1149 1376 1182 ex
1399 1150 1515 1199 gra-

153 1222 298 1272 viori
326 1233 533 1272 tantum
562 1222 664 1271 illo
692 1237 886 1288 genere
924 1221 1186 1286 quaedam
1214 1223 1306 1272 hic
1338 1222 1512 1273 statim

154 1311 443 1376 corrigens,
481 1320 533 1358 et
574 1310 674 1357 alia
703 1307 866 1358 simul
892 1309 982 1358 vel
1012 1328 1040 1358 a
1063 1327 1151 1359 me
1180 1312 1270 1362 vel
1291 1313 1354 1360 ab
1380 1313 1513 1361 ami-

155 1399 230 1448 cis
270 1397 337 1447 de
376 1398 509 1448 locis
555 1396 880 1463 quibusdam
924 1396 1198 1448 observata
1243 1399 1510 1463 adjiciens.

152 1486 298 1536 Nam
314 1550 317 1551 ⁷
336 1485 584 1551 longiora
624 1484 887 1551 quaedam
909 1485 1285 1538 *additamenta
1298 1525 1313 1548 ‚
1374 1507 1512 1555 quae

153 1573 222 1624 ad
250 1573 549 1643 Spaldingii
581 1583 792 1624 tantum
829 1574 1316 1627 animadversiones
1348 1579 1516 1645 perti-

153 1673 302 1723 nent,
340 1663 725 1719 Addendorum
755 1665 979 1714 nomine
1003 1664 1254 1732 inscripta
1274 1677 1513 1718 extremo

154 1750 409 1815 subjunxi
443 1752 741 1813 volumini,
814 1769 989 1822 eoque
1018 1754 1079 1803 in
1113 1756 1244 1806 locis
1275 1754 1404 1826 ipsis
1437 1758 1513 1812 le,-

156 1850 326 1895 ctores
357 1841 607 1908 relegavi.

275 1960 343 2002 12,
380 1948 424 2001 5,
459 1962 526 1994 12.
555 1953 627 2005 qui
642 1951 798 2007 ficbito.
856 1950 1050 2000 Monere
1080 1952 1294 1998 debebam
1325 1956 1381 2000 de
1411 1972 1513 2000 aua-

116 2064 118 2068 ,
155 2028 339 2073 colutho
368 2029 490 2087 quod
521 2030 581 2073 est
610 2030 659 2074 in
688 2030 775 2074 hoc
802 2037 897 2087 qui,
949 2034 1073 2077 velut
1108 2035 1158 2078 in
1194 2035 1340 2095 priori
1380 2036 1515 2080 etiam

155 2126 281 2173 parte
316 2113 455 2157 fuerit
488 2117 569 2157 alii
590 2112 727 2179 sunt,
781 2119 857 2175 qui
879 2113 1372 2185 soff-transtulerunt:
1411 2125 1516 2166 lene

155 2215 308 2249 tamen
342 2205 458 2249 illud
490 2205 686 2265 videtur,
724 2220 776 2252 ut
809 2212 1018 2254 voculam
1047 2215 1125 2269 qui
1160 2212 1318 2256 tentari
1354 2214 1513 2265 nolim,

154 2296 236 2355 per
270 2313 405 2356 quam
441 2297 610 2349 oratio,
666 2298 744 2359 qui
779 2315 903 2345 nunc
938 2306 1031 2355 ejus
1069 2304 1125 2346 est
1157 2315 1308 2354 tenor,
1362 2305 1512 2350 nescio

155 2390 384 2448 quomodo
420 2390 584 2434 melius
619 2389 800 2434 videtur
833 2395 1090 2450 procedere.

266 2490 343 2530 12,
373 2489 422 2536 4,
459 2494 505 2526 2.
539 2482 594 2524 in·
622 2494 718 2527 not.
754 2496 878 2541 exeg.
914 2485 1009 2542 post
1044 2487 1177 2528 verba
1203 2483 1513 2554 infleti-'finum

146 2567 291 2634 fimus
327 2573 463 2616 adde:
498 2572 638 2617 immo
674 2574 899 2619 doctiores
936 2576 1089 2625 etiam,
1126 2593 1230 2621 cum
1265 2583 1395 2638 plura
1425 2583 1511 2625 sae-

158 2665 257 2707 cula
280 2661 463 2709 historia
495 2668 831 2726 complectatur,
865 2667 958 2713 vita
993 2669 1107 2714 senis
1141 2671 1320 2716 nonnisz
1346 2671 1509 2719 vunum.
