1820 3062
320 163 485 209 1NsT.
535 161 816 208 ORATOR.
864 162 988 209 ΜΒ.
1035 163 1112 220 Χ;
1153 174 1196 208 1.
1382 174 1455 226 ‘27-

55 294 58 295 ‘
93 307 316 357 quoque
349 291 486 339 alere
509 286 812 339 orationem'
827 290 1061 353 quodam
1090 286 1248 340 uberi
1264 295 1455 354 jucun-

99 369 280 434 doque
324 366 480 417 succo
518 365 702 432 potest.
801 368 999 415 Verum
1045 379 1096 416 et
1133 367 1242 434 ipsa
1276 367 1344 416 fic
1380 367 1455 416 est

97 445 351 512 legenda,
403 455 464 493 ut
491 442 742 501 sciamus,
779 444 1059 508 plerasque
1090 449 1202 505 ejus
1227 444 1454 494 virtutes

99 524 299 572 oratori
326 518 425 570 effe
459 520 712 570 vitandas.
789 519 877 567 Est
901 522 1046 568 enim
1068 523 1312 586 proxima
1328 526 1455 588 poe-

96 601 191 657 tis,
228 609 279 647 et
300 596 701 664 quodammodo
725 614 935 645 carmen
954 595 1218 648 solutum:
1262 609 1313 648 et
1335 598 1459 658 scri-

96 675 247 725 bitur
300 674 367 723 ad
412 674 764 731 narrandum,
814 690 928 722 non
971 673 1038 722 ad
1085 676 1457 740 probandum:

96 763 382 817 totumque
409 769 544 817 opus
565 768 677 800 non
696 750 762 798 ad
782 762 958 799 actum
980 752 1074 809 rei,
1113 769 1458 818 pugnamque

97 828 449 895 praesentem,
479 827 570 876 sed
594 827 660 876 ad
681 828 998 877 memoriam
1020 827 1336 893 posteritatis
1352 867 1367 889 ‚
1406 838 1458 877 et

97 906 305 970 ingenii
329 904 523 953 famam
545 906 912 970 componitur:
954 903 1188 970 ideoque
1211 917 1262 954 et
1280 906 1459 955 verbis

96 983 506 1041 remotioribus,
546 994 599 1031 et
629 982 973 1031 liberioribus
999 980 1184 1047 figuris
1206 982 1459 1031 narrandi

98 1058 343 1108 taedium
378 1062 553 1110 evitat.
631 1062 842 1124 Itaque,
882 1067 945 1107 ut
975 1059 1114 1119 dixi,
1153 1077 1330 1125 neque
1361 1061 1455 1109 illa

186 1223 251 1257 31.
283 1213 446 1263 quodam
469 1214 583 1249 uberi.
626 1213 759 1249 Turie.
780 1212 884 1248 Flor.
905 1212 1034 1248 Guelfi
1059 1227 1092 1262 q.
1113 1217 1263 1250 moveri.
1298 1214 1461 1264 Reliqui

99 1283 135 1319 q.
178 1271 296 1305 molli.
373 1271 560 1310 Nostrum
603 1284 622 1305 e
665 1269 899 1315 conjectura.
976 1270 1039 1304 Sic
1077 1283 1173 1305 mox
1212 1280 1278 1314 55.
1326 1272 1460 1307 Turic.

97 1327 247 1362 mutiles
272 1326 357 1374 post
388 1327 691 1374 Xenophontem.
915 1324 1038 1374 succo.
1076 1326 1180 1361 Flor.
1214 1327 1342 1362 Guelf.
1367 1327 1460 1376 suco

100 1395 191 1418 mun
227 1381 347 1417 Goth.
418 1381 638 1417 Praefertur
681 1394 701 1415 a
742 1378 966 1419 nonnullis,
1018 1382 1351 1418 animadvertente
1383 1384 1461 1430 jam

97 1440 216 1474 Gesn.
262 1438 308 1474 cf.
340 1437 505 1473 Porcell.
536 1439 578 1472 iu
607 1451 646 1473 v.
883 1446 918 1471 et
941 1437 1128 1486 scribitur.
1189 1440 1323 1475 Turio.
1355 1440 1461 1476 Flor.

96 1494 149 1540 (a
169 1507 227 1543 pr.
247 1508 301 1529 m.
324 1496 469 1541 uterq.)
504 1491 554 1541 est
577 1502 613 1528 et
625 1493 834 1542 scribantur
863 1494 983 1536 (cum
1005 1494 1107 1529 Alm.
1144 1508 1225 1530 non
1245 1507 1463 1531 memorato

96 1562 229 1587 tamen
259 1547 334 1598 effi)
376 1564 394 1584 a
426 1551 495 1585 fec.
527 1547 576 1598 est
605 1559 642 1584 et
663 1548 887 1597 scribuntur,
921 1560 958 1584 et
984 1551 1032 1585 fic
1063 1551 1190 1586 Guelf.
1225 1565 1315 1586 cum
1342 1552 1463 1588 Goth.

96 1607 204 1644 Voss'.
241 1616 278 1642 2.
311 1617 349 1642 et
378 1606 463 1641 edd.
494 1617 580 1641 ante
610 1604 718 1641 Baffl.
751 1618 831 1640 exc.
865 1607 998 1655 Camp.
1032 1607 1102 1655 qui
1132 1605 1182 1654 eft
1215 1617 1253 1643 ec
1275 1607 1464 1657 scribitur.

99 1663 209 1711 Quid
238 1663 354 1699 lateat
372 1663 507 1698 frustra
530 1676 688 1711 quaero.
747 1663 851 1697 Nam
874 1664 901 1697 fi
920 1663 1090 1698 maxime
1111 1664 1330 1712 reposueris
1352 1674 1388 1700 ec
1408 1677 1466 1700 res

91 1719 316 1771 scribuntur,
338 1720 383 1755 ad
403 1720 592 1755 vetustam
613 1719 840 1768 scripturam
862 1733 910 1754 ne
931 1721 980 1754 fic
1000 1719 1160 1768 quidem
1181 1722 1348 1757 accedes.

186 1778 238 1812 ad
257 1784 390 1813 actum.
452 1776 586 1812 Tui-ic.
608 1776 659 1812 ad
680 1785 807 1811 tutum.
867 1775 972 1812 Flor.
995 1792 1019 1812 a
1045 1785 1193 1812 tactum.
1255 1777 1328 1813 Ille
1354 1792 1372 1813 a
1393 1778 1463 1815 sec.

97 1845 153 1870 m.
186 1834 236 1869 ad
267 1835 452 1874 intuitum,
485 1844 523 1869 et
553 1833 600 1867 [ic
637 1831 764 1868 Guelf.
800 1833 933 1881 Camp.
965 1847 1052 1868 cum
1076 1833 1195 1870 Goth.
1228 1834 1332 1872 Voff.
1355 1844 1392 1871 2.
1426 1845 1465 1870 et

100 1891 188 1926 edd.
213 1901 298 1924 ante
316 1889 425 1924 Bafil.
444 1903 518 1925 acc.
546 1888 643 1925 Obr.
855 1890 1126 1931 remotioribus,
1161 1899 1197 1925 ec
1217 1891 1462 1928 liberioribus.

101 1947 167 1983 Sic
189 1945 292 1982 Flor.
317 1942 455 1992 (a'sec.
476 1949 555 1991 m.)
588 1947 722 1995 Camp.
745 1946 864 1983 Goth.
895 1948 994 1992 (tac.
1018 1947 1152 1992 Gesn.)
1186 1960 1276 1983 cum
1300 1949 1404 1987 Vols.
1426 1959 1463 1985 2.

161 2091 229 2126 51.
262 2073 556 2130 uberi-succo.
585 2081 631 2117 cf.
653 2081 755 2117 Plin.
813 2081 923 2123 loca,
954 2095 1045 2119 cum
1071 2081 1207 2118 multis
1227 2082 1360 2123 nostri,
1392 2082 1466 2118 ubi

100 2132 154 2176 Ἠ.
177 2139 231 2174 N.
257 2148 318 2182 13,
341 2145 379 2185 4.
410 2139 434 2174 s.
460 2150 496 2186 9.
525 2152 612 2187 pag.
633 2139 756 2175 Hasd.
813 2153 963 2188 pugnae
983 2139 1148 2189 forensts
1175 2139 1348 2179 mentio,
1388 2139 1468 2174 huc

107 2196 203 2240 685.
231 2207 439 2243 „caryotae
452 2215 505 2221 —-
515 2196 626 2231 succo
644 2196 758 2231 uber·
814 2197 938 2244 magis
953 2197 1129 2232 existimo
1142 2196 1337 2245 pertinere
1351 2209 1468 2244 quam

103 2252 292 2293 „1·imae“.
361 2251 580 2301 Saepiffime
607 2254 760 2300 pinguis
815 2252 920 2287 illud
940 2257 1063 2299 κτῆμα
1090 2264 1126 2288 et
1144 2252 1337 2301 ἀγώνισμα
1357 2251 1468 2287 Thu-

95 2300 228 2358 succus
264 2309 421 2344 dicitur.
817 2309 984 2358 eydidis,
1009 2323 1087 2359 quo
1113 2309 1206 2344 hinc
1227 2308 1470 2343 dixnittimut

160 2367 293 2413 poetis.
334 2365 516 2415 Suspicor
544 2365 758 2415 legendum
816 2380 838 2401 a
869 2367 1064 2408 Gesnem,
1104 2365 1302 2414 Pliniique
1333 2364 1469 2400 locum

102 2420 218 2471 Poiefi.
814 2423 936 2473 Epist.
960 2430 995 2467 5,
1017 2430 1054 2468 8,
1085 2435 1148 2459 ιι.

162 2486 200 2512 et
216 2477 404 2527 scribitur.
437 2479 484 2515 cf.
506 2491 589 2517 not.
612 2480 698 2516 crit.

109 2540 114 2543 “
161 2534 212 2568 ad
241 2544 363 2570 actum
380 2550 628 2585 —pugnam.
686 2539 760 2574 Fo-

104 2601 199 2627 :rum
230 2591 471 2640 defiguntur,
503 2592 616 2629 velut
643 2605 692 2639 7,
724 2605 761 2635 2,

102 2652 177 2694 '41.
212 2654 248 2692 5,
287 2659 348 2687 12,
377 2659 440 2693 17.
471 2649 552 2686 Cic.
585 2649 632 2685 de
654 2650 763 2687 Orat.

116 2717 154 2746 1,
176 2709 242 2749 54.
284 2706 393 2742 Brut.
416 2717 452 2754 9.
484 2719 581 2756 quae
603 2707 766 2757 quidem
881 2716 948 2751 52.
979 2714 1020 2742 ut
1041 2705 1132 2743 dixi.
1163 2710 1202 2751 4,
1225 2715 1263 2749 2,
1289 2712 1353 2752 45.

875 2503 996 2538 verbis
1017 2501 1284 2537 remotioribus.
1315 2499 1362 2537 ab
1386 2500 1468 2541 usu,

819 2570 865 2595 ut
887 2565 923 2603 4,
947 2568 983 2599 2,
1007 2558 1073 2602 56·
1102 2564 1139 2603 3,
1164 2569 1202 2600 2,
1227 2568 1302 2594 12:
1333 2564 1357 2603 8
1379 2560 1469 2597 Pro.

826 2622 890 2661 ²8·
