1779 3062
267 187 365 219 212
583 173 657 220 Μ.
692 175 829 221 FAB.
866 176 1284 237 QUlN'rILIANt

265 316 371 364 que
412 300 651 349 materias
689 302 778 350 vel
806 300 1014 353 silentio
1055 304 1212 367 <dum
1256 315 1430 354 tamen
1462 305 1609 371 quasi

263 377 402 426 dicat
429 379 566 425 intra
589 376 640 424 se
658 376 858 445 ipsum)
879 380 1256 446 persequendi,
1297 400 1431 446 quae
1452 386 1607 433 nullo

260 472 377 503 non
412 465 463 502 et
496 465 736 520 tempore
768 467 818 504 et
848 457 994 516 loco,
1057 458 1271 521 quando
1314 477 1425 508 non
1461 460 1609 510 aliud

261 534 482 597 agimus,
497 533 744 597 explicari
764 533 958 599 potest:
991 545 1041 582 et
1064 534 1135 582 est
1158 536 1215 583 in
1241 546 1385 599 parte
1406 537 1608 596 utilior,

186 619 237 656 26
261 626 423 674 quam
448 609 575 657 haec
607 612 858 675 proxima.
936 613 1263 677 Diligentius
1295 613 1438 659 enim
1464 630 1607 661 com-

254 687 492 753 ponitur,
526 704 688 752 quam
709 688 817 746 illa,
848 690 907 737 in
931 706 1035 754 qua
1062 699 1371 738 contextum
1391 689 1607 738 dicendi
1629 711 1633 717 ·

253 877 433 927 (Cappen
464 877 568 913 idem
590 876 768 920 volebat,
801 878 864 919 fed
888 892 1025 927 operae
1050 892 1129 915 non
1150 879 1395 928 paruerunt.)
1422 879 1603 930 Nostram

252 935 317 971 dat
355 945 392 969 et
424 935 558 970 Turic.
849 937 946 970 intra
972 935 1016 984 se
1047 935 1173 984 ipsum.
1218 934 1322 971 Flor.
1364 939 1403 979 (a
1436 949 1493 984 pr.
1528 939 1601 983 m.)

253 994 386 1039 Camp.
426 992 614 1026 omittunt
650 990 695 1039 se
733 1005 822 1027 cum
854 991 954 1029 Vall.
996 994 1129 1028 Locat.
1171 993 1269 1030 Ven.
1313 993 1422 1028 Ruso.
1473 1003 1601 1028 contra

250 1048 369 1097 ipsum
399 1047 527 1082 Guelf.
560 1061 648 1081 cum
670 1048 772 1086 Vols.
802 1063 834 1085 1.
862 1058 899 1092 5.
931 1049 1030 1087 Jens.
1061 1050 1176 1083 Tarv.
1364 1060 1399 1084 ec
1422 1059 1598 1094 tempore.

248 1105 354 1141 Flor.
387 1104 514 1139 Gueif.
548 1101 598 1151 est
617 1116 643 1139 t.
675 1118 763 1139 cum
785 1106 891 1142 Voff.
919 1118 951 1140 1.
975 1115 1011 1149 5.
1053 1106 1150 1144 Jens.
1184 1103 1300 1140 Tarv.
1342 1116 1377 1140 et
1413 1107 1602 1142 omittunt

247 1163 383 1197 Locat.
436 1171 472 1195 et
497 1161 655 1209 posterr.
716 1172 801 1196 ante
830 1161 981 1209 Gryph.
1031 1176 1075 1197 ex
1103 1172 1128 1196 t.
1162 1163 1294 1209 Camp.
1347 1175 1435 1198 cum
1478 1161 1597 1199 Goth.

247 1218 348 1255 Vols
376 1228 412 1252 2.
645 1227 681 1252 et
702 1217 796 1251 loco.
827 1218 930 1253 Flor.
966 1217 1004 1266 (a
1030 1232 1087 1266 pr.
1110 1219 1181 1262 m.)
1228 1219 1378 1253 omittit
1414 1229 1449 1253 et
1491 1223 1600 1263 (cum

245 1273 353 1314 Voss'.
378 1283 415 1308 2.
446 1286 527 1309 uon
555 1273 674 1309 Goth.
716 1272 761 1307 cf.
797 1278 830 1321 ᾗ.
855 1276 952 1320 25.).
986 1283 1021 1309 te
1040 1275 1065 1310 l.
1097 1273 1225 1310 Guelf.
1265 1287 1352 1309 cum
1373 1275 1479 1312 Vols.
1507 1290 1540 1310 1.
1562 1283 1598 1318 5.

244 1330 400 1378 locoque
432 1331 564 1378 Camp.
599 1344 687 1365 cum
716 1327 803 1363 Ald.
824 1329 935 1368 Baffl.
968 1345 1005 1366 re
1030 1332 1054 1366 l.
1084 1331 1182 1368 Je'ns.
1215 1344 1303 1365 cum
1326 1330 1484 1379 posterr.
1514 1341 1602 1366 ante

243 1386 333 1423 Ald.
570 1388 732 1436 quando.
776 1387 908 1422 Turio.
955 1388 1059 1424 Flor.
1100 1387 1183 1433 (hie
1220 1388 1377 1435 quidem
1406 1401 1425 1422 a
1456 1389 1598 1424 feam.

240 1443 428 1485 nostrum,
459 1443 522 1479 fed
543 1444 746 1493 praemiffo
777 1443 854 1486 vel)
887 1444 1014 1481 Guelf.
1047 1444 1229 1493 quomodo
1261 1457 1350 1480 cum
1371 1443 1475 1482 Voff.
1505 1459 1537 1480 1.
1562 1453 1600 1488 5.

238 1499 356 1537 Bern.
542 1501 730 1547 explicari.
763 1501 897 1538 Turio.
930 1501 1034 1537 Flor.
1066 1500 1150 1543 (hic
1174 1514 1191 1534 a
1212 1515 1269 1549 pr.
1293 1502 1365 1545 m.)
1398 1501 1595 1550 explicare.

325 1558 463 1593 utilior.
503 1557 634 1592 Turio.
678 1556 780 1591 Flor.
823 1556 950 1593 Guelf.
992 1559 1164 1592 utilitatis
1209 1571 1299 1592 cum
1329 1556 1432 1594 Alm.
1480 1559 1596 1594 Bern.

238 1613 314 1647 Sed
335 1614 435 1652 Voss'.
462 1626 495 1649 1.
521 1622 558 1656 5.
596 1610 780 1661 potestate
801 1614 974 1649 utilitatis
1002 1627 1075 1663 pro
1096 1623 1206 1661 parte
1227 1628 1263 1650 u.

326 1714 393 1752 26.
424 1716 670 1765 componitur.
701 1714 805 1751 Flor.
837 1714 887 1762 (a
908 1729 967 1766 pr.
990 1717 1072 1761 m.)
1104 1724 1381 1764 componuntur.

292 1874 395 1910 dicat
427 1876 525 1910 intra
550 1873 604 1924 se.
653 1873 768 1910 Malis
800 1874 884 1909 sane

235 1947 253 1967 e
300 1932 504 1967 communi
564 1930 732 1968 formula
781 1931 884 1965 dicas

233 1992 329 2024 incra
351 1996 410 2026 te‚·
436 1988 498 2024 sed
525 1988 741 2038 respondet,
774 1989 882 2035 quod

228 2046 339 2094 supra
377 2056 457 2080 erat
488 2048 521 2093 §.
555 2054 620 2089 25.
670 2057 812 2092 „quam
836 2043 881 2092 se

224 2102 375 2142 ‚‚da1·e“
426 2114 499 2149 pro
530 2114 675 2150 „quam
708 2106 783 2134 te.“
830 2100 877 2136 cf.

226 2169 265 2192 et
320 2156 436 2192 illum
499 2159 634 2194 tertiae
699 2158 881 2204 personae

225 2215 348 2254 usum,
380 2214 426 2249 de
464 2228 542 2263 quo
577 2213 726 2261 egimus
758 2213 805 2247 ad
840 2223 877 2254 2,

230 2278 304 2314 15,
342 2280 402 2304 12.
434 2272 530 2305 item
559 2282 621 2309 12,
653 2280 690 2320 7,
725 2269 761 2305 6.

282 2328 472 2374 explicari.
517 2327 616 2362 Inest
648 2325 770 2372 etymi
797 2327 873 2367 vis,

222 2394 266 2419 ut
287 2384 392 2431 quasi
414 2394 493 2418 tota
520 2382 646 2431 aliqua
669 2395 730 2418 res
752 2381 872 2417 nullis

220 2439 287 2476 vel
326 2441 515 2488 temporis
556 2438 621 2475 vel
660 2438 769 2486 spatii
808 2452 872 2473 an·

221 2496 354 2543 gustiis
380 2506 545 2532 coartata
578 2495 758 2544 expromi
786 2495 869 2543 pos-

220 2552 278 2586 sit.
310 2552 356 2588 cf.
385 2565 455 2593 ιο,
493 2568 528 2593 ι,
564 2563 655 2588 121.

272 2663 339 2700 26.
387 2665 615 2712 Diligentius
637 2684 692 2691 —
717 2677 866 2711 compo-

215 2721 328 2760 nitur.
387 2722 487 2757 Cum
532 2723 748 2757 exercitatio
786 2720 869 2769 ipsa

943 1874 1089 1909 dicitur
1130 1877 1322 1922 componi,
1367 1873 1592 1924 intelligen-

942 1931 1014 1966 dus
1052 1932 1102 1966 est
1132 1932 1283 1968 animus
1315 1933 1418 1979 ejus,
1450 1934 1520 1981 qui
1554 1935 1590 1970 fe

941 1999 1104 2024 exercet.
1165 1990 1202 2023 Is
1236 1989 1339 2023 enim
1373 1990 1588 2026 accuratius

937 2045 1187 2093 severiusque
1241 2045 1287 2079 ad
1355 2046 1589 2094 prudentem

936 2113 1068 2135 rerum
1108 2101 1360 2136 dicendarum
1393 2100 1588 2138 delectum

939 2159 1169 2203 componitur
1232 2168 1269 2191 et
1327 2169 1584 2205 temperatur;

938 2227 1025 2247 cum
1044 2224 1188 2254 contra,
1203 2213 1431 2261 [imulatque
1449 2213 1586 2262 eloqui

935 2269 1054 2304 verba
1083 2270 1309 2318 coepimus,
1359 2270 1387 2304 [i
1418 2269 1484 2305 vel
1513 2270 1586 2306 soli

932 2325 1072 2365 simus,
1124 2336 1251 2360 tamen
1298 2326 1584 2374 interrumpere

931 2380 1045 2415 illum
1087 2383 1238 2417 cursum
1282 2392 1320 2417 et
1360 2383 1580 2430 quaerendo

930 2437 1076 2472 saniora
1121 2439 1281 2473 interim
1318 2438 1580 2475 obmutescere

927 2493 1239 2534 reformidemus,
1271 2494 1422 2531 leviora
1441 2495 1576 2544 potius

928 2561 966 2585 et
992 2551 1126 2597 putida
1156 2551 1416 2587 infercientes.
1476 2551 1578 2586 Mox

926 2605 1044 2654 rutsus
1091 2608 1252 2655 proprie
1307 2608 1453 2642 dicitur
1498 2620 1572 2654 pro

925 2672 1066 2703 contra,
1096 2663 1320 2712 exadverso:
1349 2664 1440 2699 vide
1460 2666 1567 2699 Serv.

924 2719 972 2755 ad
997 2721 1106 2767 Virg.
1134 2721 1276 2770 Georg.
1300 2729 1346 2763 5,
1390 2727 1480 2765 ι58.
