1779 3062
378 160 546 206 1Ns‘r.
595 160 877 207 ORATOR.
924 164 1047 208 ΜΒ.
1092 164 1164 220 Χ,
1210 175 1251 208 1.
1426 165 1489 221 65

127 288 356 337 dixerim
382 288 587 357 utilior,
627 288 794 351 magis
821 305 926 352 par.
986 292 1083 339 His
1111 300 1272 338 aetate
1297 289 1490 362 Lysias
1512 309 1564 347 78

125 369 320 425 major,
384 364 589 413 subtilis
625 374 781 428 atque
814 365 1048 430 elegans,
1100 377 1150 414 et
1186 385 1294 431 quo
1332 368 1488 428 nihil,

126 441 164 490 fi
188 444 386 491 oratori
407 440 524 490 fatis
551 438 671 488 elset
696 441 901 499 docere,
928 459 1146 506 quaeras
1170 443 1484 507 perfectius:

124 520 265 568 nihil
299 520 443 566 enim
482 517 554 565 est
589 519 772 576 inane,
810 519 949 566 nihil
983 518 1302 579 arceffitum;
1344 539 1485 586 puro

125 608 302 645 tamen
344 596 510 651 fonti,
569 612 730 658 quam
769 613 962 660 magno
994 595 1210 645 flumini
1246 601 1481 663 propior.

125 669 386 744 Isocrates
414 674 472 720 in
506 671 715 719 diverso
752 689 944 737 genere
970 673 1183 721 dicendi
1206 675 1408 724 nitidus
1435 687 1487 725 et
1506 697 1559 734 79

125 761 357 807 comtus,
419 759 470 797 et
508 747 817 813 palaestrae,
869 767 1027 814 quam
1074 767 1283 815 pugnae
1321 755 1486 818 magis

124 825 549 875 accommodatus
566 863 580 883 ,
622 843 807 875 omnes
836 827 1052 875 dicendi
1078 831 1304 876 Veneres
1327 826 1487 877 secta-

123 913 209 952 tus
250 903 345 961 est;
412 920 509 951 nec
558 905 857 952 immerito:
923 904 1203 953 auditoriis
1240 907 1383 953 enim
1416 905 1485 965 se,

122 997 234 1029 non
259 980 847 1045 judiciissseompararat:
881 982 937 1028 in
961 983 1277 1030 inventione
1299 981 1484 1042 facilis,

121 1056 333 1106 honesti
370 1056 661 1106 studiosus:
701 1059 758 1106 in
794 1059 1177 1124 compositione
1201 1059 1333 1108 adeo
1363 1060 1486 1108 dili-

122 1151 273 1199 gens,
333 1145 393 1183 ut
435 1152 559 1183 cura
604 1139 716 1195 ejus
758 1136 1194 1200 reprehendatur.
1288 1138 1483 1202 Neque
1504 1155 1556 1194 80

122 1228 220 1276 ego
251 1213 310 1259 in
341 1212 454 1269 his,
498 1212 564 1259 de
595 1213 790 1276 quibus
825 1214 1035 1262 locutus
1061 1213 1201 1270 sum,
1235 1212 1328 1262 has
1351 1213 1482 1264 solas

121 1290 361 1345 virtutes,
400 1287 487 1336 sed
516 1289 606 1336 has
633 1290 937 1353 praecipuas
959 1301 1122 1354 puto:
1163 1306 1262 1337 nec-
1283 1302 1482 1341 ceteros

121 1381 311 1431 parurn
346 1362 499 1413 fuiss'e
536 1381 771 1430 magnos.
850 1368 995 1434 Quin
1031 1368 1189 1415 etiam
1219 1365 1482 1418 Phalerea

124 1511 127 1514 Ι
180 1537 244 1576 78.
295 1528 397 1579 effet.
470 1529 603 1565 Turio.
659 1529 791 1577 Camp.
843 1525 906 1576 est.
966 1526 1127 1576 Reliqui
1156 1527 1223 1579 fit.
1292 1532 1480 1568 Nostrum

121 1601 142 1624 e
163 1588 408 1633 conjectura:
443 1586 487 1621 cf.
518 1601 534 1621 i
553 1612 562 1625 ,
586 1592 623 1630 8,
651 1592 686 1628 5.

207 1688 272 1725 79.
307 1679 344 1711 in
366 1675 521 1725 diverso.
582 1676 717 1710 Tui-ic.
740 1673 844 1710 Flor.
876 1674 971 1719 (hic
994 1688 1012 1709 a
1033 1688 1090 1723 pr.
1113 1676 1195 1718 m.)
1224 1677 1344 1720 judici
1364 1678 1478 1727 verso.

207 1735 415 1769 auditoriis.
477 1733 610 1769 Tui-ic.
633 1731 737 1767 Flor.
761 1731 847 1779 (hic
868 1746 887 1766 a
908 1745 966 1781 pr.
990 1735 1061 1774 m.)
1093 1732 1285 1767 audituris.
1348 1734 1477 1772 Guelf.

118 1791 374 1830 Amlicoribus.
409 1791 512 1829 Vols.
548 1799 584 1833 5.
619 1789 814 1824 auditoris.
953 1787 1019 1838 se,
1052 1801 1138 1824 non.
1200 1789 1332 1827 Turio.
1359 1793 1476 1828 venit.

116 1849 223 1885 Flor.
247 1860 400 1887 venum,
435 1861 455 1881 a
475 1848 543 1881 sec.
566 1859 616 1880 m.
643 1844 701 1879 nil
721 1844 790 1879 nisi
811 1859 898 1881 non.
1117 1845 1280 1897 judiciis.
1340 1848 1478 1885 Turio.

118 1905 223 1941 Flor.
255 1902 349 1947 (hic
380 1916 399 1936 a
439 1916 496 1951 pr.
529 1903 612 1946 m.)
640 1901 787 1946 judicis.
1021 1911 1270 1948 compararat.
1342 1904 1476 1941 Tul-ic.

117 1959 222 1996 Flor.
247 1958 372 1995 Guelf.
397 1960 529 2006 Camp.
554 1967 747 2006 comparat
769 1970 856 1992 cum
880 1956 999 1992 Goth.
1022 1957 1127 1994 Voff.
1155 1967 1191 1994 2.
1227 1968 1262 1993 et
1282 1958 1367 1994 edd.
1390 1970 1477 1996 ante

117 2016 206 2053 Ald.
236 2016 346 2063 (exc.
369 2016 463 2050 Loc.
485 2014 615 2063 Ven.)
645 2027 718 2048 acc.
742 2014 854 2050 Leid.
881 2013 984 2049 Gibs.
1009 2013 1104 2049 Obr.

206 2115 270 2152 80.
302 2107 441 2141 locutus
460 2103 555 2153 sum.
616 2105 678 2139 Sic
710 2104 842 2140 Turio.
872 2105 1005 2152 Camp.
1068 2103 1285 2153 Reliquis.
1317 2106 1343 2142 l.

202 2162 383 2200 Phalerea
395 2162 509 2197 illum.
540 2162 602 2196 Sic
614 2161 717 2199 Voss'.
737 2161 1171 2210 1.5.'plzalereat1:1'llum
1201 2162 1348 2204 Turic„
1373 2164 1473 2200 asec.

116 2234 171 2258 m.
193 2235 230 2271 p.
251 2219 365 2259 acilii,
394 2218 490 2254 item
509 2219 689 2256 demetrii.
749 2218 910 2267 Reliqui
932 2218 1148 2253 Phalereum
1167 2217 1281 2253 illum.
1343 2219 1476 2257 Guelf.·

178 2362 242 2399 73.
268 2352 367 2402 satis
386 2350 485 2401 effet.
524 2353 576 2389 At
593 2365 673 2388 non
694 2352 766 2388 est:
826 2353 909 2402 ipso
941 2351 1080 2391 nostri,
1112 2364 1191 2386 non
1223 2362 1350 2386 tamen
1378 2352 1475 2388 adeo

119 2412 168 2447 cf.
191 2422 237 2455 4,
262 2419 305 2455 5,
331 2410 366 2446 6.
827 2409 1031 2456 congruit,
1062 2419 1105 2444 ut
1126 2407 1239 2455 possit
1263 2408 1474 2454 Quintilia-

826 2478 922 2500 neus
959 2465 1051 2500 inde
1094 2463 1286 2512 expreffus
1331 2461 1479 2501 videri.x

179 2533 243 2571 79.
285 2521 472 2571 Isocrates.
542 2523 635 2558 Non
668 2535 767 2571 opus
827 2522 889 2556 Est
946 2521 1137 2569 copiosius
1185 2531 1376 2567 praeterea
1427 2522 1473 2556 de

120 2591 200 2616 erat
222 2593 309 2614 eum
323 2579 636 2628 Capperonnerio
649 2591 768 2627 appo·
827 2578 990 2612 Isocrate
1035 2575 1219 2623 Dionyfii
1275 2577 1474 2622 judicium

118 2649 210 2673 uere
234 2635 556 2682 locumDionyfii
576 2634 768 2683 (p.452.),
829 2640 893 2683 (p.
934 2640 1011 2677 534
1037 2651 1089 2660 ——
1112 2633 1242 2676 585),
1283 2633 1405 2669 multa
1438 2643 1476 2670 et

120 2694 190 2742 qui
222 2695 286 2729 etsi
325 2706 406 2728 non
435 2691 583 2727 alienus
614 2691 661 2728 ab
692 2690 777 2732 hoc,
826 2691 954 2740 ipsum
976 2689 1178 2725 continens
1195 2688 1473 2726 hucfacieutia.

182 2750 288 2786 Tom.
319 2749 388 2786 IV.
978 2748 1010 2781 E
