1779 3062
261 163 361 213 414
529 164 547 169 '⁴
583 154 654 199 M.
692 154 826 200 FAB.
863 152 1277 211 QUINTILIANI

260 279 360 329 stra
393 279 788 345 parteincipit,
839 280 898 328 in
928 280 1104 330 dextra
1151 283 1465 349 deponitur:
1506 281 1597 331 sed.

258 367 321 405 ut
344 357 493 423 poni,
518 373 628 407 11011
650 367 709 406 ut
729 355 887 405 ferire
907 358 1174 408 videatur:
1217 377 1522 425 quanquam
1543 369 1595 408 et

259 435 319 482 in
347 432 459 481 fine
494 434 710 482 interim
750 433 915 493 cadit,
955 447 1017 484 ut
1041 438 1144 485 cito
1178 447 1353 485 tamen
1389 437 1592 486 redeat:

183 525 187 529 ’
259 520 311 558 et
341 526 734 574 nonnunquam
767 510 929 560 resilit
965 514 1054 561 vel
1087 514 1399 577 negantibus
1422 515 1594 572 nobis,

257 586 346 635 vel
375 586 767 636 admirantibus.
846 589 946 651 Hic
970 600 1173 637 veteres
1204 587 1428 638 artifices
1452 589 1594 637 illud

257 674 398 713 recte
421 663 737 726 adjecerunt,
775 676 831 713 ut
858 683 1038 714 manus
1071 683 1181 713 cum
1196 661 1359 737 sensu
1393 677 1443 713 et
1475 668 1684 714 inci-1022

252 751 426 805 peret,
459 752 509 789 et
543 742 892 807 deponeretur.
946 743 1167 807 Alioqui
1189 744 1333 790 enim
1360 753 1450 791 aut
1475 753 1593 791 ante

256 834 444 868 vocem
471 820 570 867 erit
599 817 794 884 gestus,
832 829 922 867 aut
947 818 1063 884 post
1090 834 1303 868 vocem:
1344 819 1497 883 quod.-
1520 818 1594 867 est

180 916 248 951 107
258 906 551 960 utrumque
571 894 824 944 deforme.
881 899 942 944 In
967 897 1063 944 illo
1090 895 1217 960 lapsi
1241 897 1408 956 nimia
1427 895 1592 945 subti-

254 972 401 1020 litate
420 970 557 1030 sunt,
578 972 727 1036 quod.
750 973 1095 1021 intervallum
1117 984 1293 1022 motus
1314 975 1410 1020 tria
1431 973 1592 1021 verba

254 1046 353 1096 effe
385 1049 701 1097 voluerunt:
744 1048 892 1111 quod
923 1065 1098 1113 neque
1130 1048 1462 1108 observatur,
1499 1067 1592 1098 ne-

252 1141 356 1189 que
382 1123 505 1173 fieri
533 1123 728 1190 potest:
770 1123 860 1172 sed
887 1125 969 1171 illi
994 1123 1140 1188 quasi
1167 1124 1465 1175 mensuram
1490 1136 1592 1174 tar·

248 1201 426 1250 ditatis
460 1200 845 1263 celeritatisque
876 1201 1108 1263 aliquam
1139 1199 1238 1249 effe
1272 1203 1588 1263 voluerunt;

245 1293 422 1340 neque
452 1277 749 1333 immerito,
786 1292 855 1323 ne
885 1286 972 1324 aut
1007 1275 1103 1325 diu
1136 1276 1301 1326 otiosa
1331 1276 1453 1326 effet
1480 1293 1589 1328 ma-'

244 1371 364 1412 nus,
405 1365 511 1411 aut,
551 1352 702 1417 quod
724 1353 884 1401 multi
900 1351 1129 1412 faciunt,
1170 1355 1431 1404 actionem
1465 1374 1591 1409 con-

246 1506 473 1545 dormitavi.
512 1510 599 1545 Post
620 1507 707 1557 fine
734 1518 821 1544 ante
851 1507 997 1542 interim
1019 1506 1163 1543 iterum
1191 1517 1227 1544 et
1245 1508 1380 1546 Ambr.
1395 1519 1432 1548 2.
1457 1509 1585 1549 Guelf.

245 1579 335 1600 cum
358 1565 462 1602 Vols.
484 1575 521 1608 5.
546 1567 643 1603 Jens.
670 1569 759 1610 (tac.
782 1564 907 1606 Gesn.)
929 1574 966 1598 et
987 1564 1071 1599 edd.
1097 1565 1255 1614 posterr.
1287 1577 1373 1601 ante
1396 1567 1487 1603 Bad.
1513 1571 1585 1604 cito

245 1630 322 1656 tum
337 1621 469 1669 Camp.
491 1635 752 1669 nonnunquam
775 1624 811 1655 et
831 1618 948 1667 resilit
960 1621 1092 1669 Camp.
1111 1622 1170 1656 vel
1191 1622 1241 1656 ad
1262 1621 1427 1669 artifices
1448 1625 1583 1661 Turic.

243 1676 348 1712 Flor.
366 1677 510 1712 omiffis
524 1678 754 1712 mirantibus.
774 1678 843 1711 Hic
854 1686 1001 1712 vetere&
1037 1677 1136 1712 Mox
1146 1677 1344 1726 deponeret
1355 1679 1471 1714 Goth.
1485 1681 1584 1718 Jenf.

243 1745 332 1768 cum
355 1733 440 1768 edd.
459 1734 618 1781 posteri.
638 1744 723 1769 ante
736 1733 886 1782 Gryph.
920 1732 1043 1768 Modo
1057 1747 1183 1768 manus
1203 1733 1487 1783 consensuVoff.
1504 1746 1586 1780 105.

333 1844 425 1877 107.
459 1835 503 1869 In
524 1835 602 1870 illo.
635 1834 738 1870 Voss'.
757 1847 791 1870 1.
817 1842 855 1877 5.
886 1836 931 1869 In
950 1834 1028 1870 illa.
1059 1833 1158 1870 Mox
1178 1835 1279 1884 quod
1299 1835 1449 1872 omittit
1467 1837 1587 1881 Goth,

244 1900 358 1932 metus
381 1902 453 1938 pro
485 1900 607 1932 motus
638 1891 772 1934 Tul-ie.
802 1891 905 1927 Flor.
939 1891 1071 1939 Camp.
1093 1905 1207 1939 neque
1228 1892 1301 1941 obs.
1323 1906 1437 1941 neque
1453 1893 1588 1930 nobis·

244 1961 335 1983 cum
367 1946 500 1983 Turio.
531 1946 634 1981 Flor.
673 1947 800 1984 Guelf.
833 1947 951 1983 Goth.
984 1951 1071 1990 (tac.
1105 1949 1234 1991 Gesn.)
1254 1951 1386 1997 Camp.
1416 1964 1480 1985 nec
1506 1950 1582 1999 obs.

242 2017 359 2052 neque
381 2003 514 2038 Ambr.
540 2013 576 2038 2.
600 2004 697 2041 Jenf.
717 2003 806 2048 (tac.
832 2005 958 2047 Gesn.)
981 2016 1070 2038 cum
1102 2005 1186 2039 edd.
1207 2005 1362 2052 posterr.
1383 2017 1470 2041 ante
1490 2007 1583 2043 Bad.

241 2059 404 2107 Reliqui
423 2073 488 2093 nec
509 2072 542 2093 0.
567 2073 641 2093 nee.
677 2061 772 2094 Item
796 2060 929 2095 Turio.
951 2060 1084 2095 Ambr.
1110 2071 1146 2096 2.
1169 2061 1296 2095 Guelf.
1315 2062 1447 2110 Camp.
1469 2076 1586 2112 neque

243 2110 450 2151 immnerito(
469 2114 629 2163 Reliqui
657 2129 721 2150 nec
751 2119 773 2152 ι’.
814 2119 888 2151 Pro
916 2115 1022 2166 quasi
1050 2117 1170 2151 modo
1193 2117 1311 2152 Goth.
1341 2119 1430 2161 (tac.
1453 2119 1581 2165 Gesn.)

241 2180 434 2220 tanquam.
467 2171 704 2218 Transponit
725 2173 857 2220 Camp.
877 2173 1073 2207 celeritatis
1097 2173 1367 2221 tarditatisque.
1392 2174 1526 2209 Ambr.
1543 2166 1581 2209 2}

241 2230 319 2264 alia
350 2242 471 2278 quam.
503 2226 628 2263 Guelf.
653 2229 790 2277 aliqua.
817 2230 913 2266 Jens.
939 2233 1026 2272 (tac.
1057 2229 1189 2277 Gelu.)
1211 2229 1358 2263 omittit
1382 2241 1469 2264 cum
1494 2231 1579 2267 edd.

240 2285 400 2334 postem,
429 2294 512 2318 ante
539 2282 624 2318 ΑΜ.
659 2285 745 2318 divo
774 2284 834 2319 bis
861 2286 986 2333 posito
1011 2284 1046 2319 O
1072 2284 1173 2320 solus
1198 2286 1295 2323 Jens.
1318 2298 1387 2334 per
1409 2285 1489 2334 [ph.
1510 2285 1581 2336 effe

240 2342 339 2380 Jenst
363 2344 451 2387 (tac.
474 2340 605 2384 Gesn.)
629 2341 744 2376 Tarv.
770 2341 951 2376 Correxit
971 2342 1127 2390 Regius.

260 2467 262 2469 ’
304 2463 396 2499 106.
425 2472 564 2498 veteres
579 2462 754 2511 artifices.
777 2464 824 2498 cf.
843 2469 882 2511 4,
943 2464 1107 2513 diusque
1140 2466 1174 2512 ᾗ.
1200 2468 1287 2511 145.
1310 2465 1405 2501 item
1427 2464 1578 2502 Plinius

244 2532 279 2560 1,
313 2531 350 2566 9.
395 2526 428 2563 4,
461 2530 497 2560 2,
526 2526 615 2563 ¹¹3·
667 2520 740 2554 Sed
761 2521 884 2570 artifi-
941 2524 974 2567 §.
1000 2528 1088 2566 145.
1115 2527 1204 2566 148.
1260 2522 1406 2557 Laenas
1430 2522 1461 2566 ᾖ.
1486 2528 1576 2565 185.
1640 2521 1642 2523 ’

241 2590 296 2611 ces
318 2576 404 2610 sunt
422 2586 687 2624 praeceptores
707 2588 881 2624 pronun·
940 2589 1110 2624 quorum
1144 2587 1270 2612 tamen
1300 2578 1378 2612 duo
1397 2576 1578 2625 postremi

241 2632 442 2672 ciationis,
507 2642 551 2667 ut
579 2645 676 2667 mox
717 2632 750 2675 ὖ.
790 2643 880 2668 112.
937 2632 1120 2669 veteribus
1142 2646 1221 2669 non
1246 2634 1499 2670 accensentur.
1530 2668 1532 2670 ,
1567 2647 1569 2649 ·

241 2688 372 2736 quales
417 2688 526 2725 fuere
555 2687 725 2737 ‘Plotius
765 2689 879 2738 Nigi-
