1794 3057
233 161 263 205 8
468 200 472 205 ,
528 151 604 196 Μ.
650 150 784 195 FAB.
834 151 1250 213 QUINTILIANI

231 274 500 326 sumerent
548 275 721 334 aliud,
782 294 891 342 quo
936 276 1079 326 idem
1126 279 1354 343 intelligi
1397 277 1575 344 posset.

232 353 396 422 Quod
441 371 565 402 cum
600 352 672 401 est
705 355 908 419 puerile
945 364 997 402 et
1035 354 1312 416 cujusdffm
1345 355 1576 404 infelicis

233 447 439 495 operae,
472 441 589 489 tum
613 431 766 484 etiam
795 431 924 480 utile
947 448 1162 496 parum:
1203 431 1411 479 turbam
1435 434 1580 481 enim

228 507 392 556 modo
414 519 718 573 congregati,
754 525 816 556 ex
839 525 943 572 qua
963 507 1069 556 fine
1095 508 1399 556 discrimine
1424 524 1581 557 occu-

178 592 203 631 8
228 593 319 649 pet
340 585 644 649 proximum
674 585 943 649 quodque.
1017 585 1191 634 Nobis
1217 594 1392 632 autem
1420 582 1581 658 copia

229 677 356 710 cum
389 655 607 734 judicio
643 661 871 728 paranda
911 660 1008 719 est,
1061 662 1171 709 vim
1215 660 1427 719 orandi,
1467 679 1580 711 non

228 739 618 787 circulatoriam
653 739 1047 788 volubilitatem
1074 737 1438 802 spectantibus.
1517 738 1581 787 Id

221 825 406 863 *autem
449 814 838 880 consequemur
879 812 1095 886 optima
1136 808 1368 884 legendo
1411 824 1579 888 atque
1634 880 1645 884 s

151 910 167 919 ⁵
227 887 528 942 audiendo.
618 894 748 941 Non
798 894 942 940 enim
984 891 1158 941 solum
1203 894 1421 942 nomina
1470 892 1580 959 ipsa

225 985 408 1019 rerum
447 969 822 1034 cognoscemus
851 969 948 1018 hac
985 986 1136 1027 cura,
1176 967 1266 1017 sed
1299 971 1387 1019 cui
1407 970 1581 1036 quod-

309 1157 380 1193 quo
416 1145 525 1179 idem.
569 1146 703 1181 Turie-
732 1143 836 1181 Hor.
871 1146 999 1181 Guelf.
1039 1146 1138 1195 quod
1169 1148 1191 1181 ι’.
1228 1159 1315 1181 cum
1350 1145 1449 1184 Jens.
1481 1142 1582 1194 quod

224 1199 388 1248 (absque
414 1203 457 1245 i.)
483 1203 616 1249 Camp.
789 1201 921 1252 paffet.
982 1204 1113 1251 Camp.
1135 1201 1279 1250 potest:
1314 1203 1407 1238 item
1429 1200 1582 1250 sumunt:

223 1256 344 1291 modo
368 1270 440 1305 pro
454 1257 653 1305 sumerent.
886 1260 1028 1293 turbam
1050 1261 1156 1293 enim.
1218 1259 1350 1294 Turie.
1371 1257 1472 1293 Flor.
1496 1259 1582 1303 (hic

223 1326 243 1346 a
273 1313 341 1347 sec.
373 1316 500 1355 man.)
530 1313 658 1348 Guelf.
690 1314 948 1362 (posteriores
981 1315 1162 1359 divisim)
1193 1315 1461 1350 turbamentum
1491 1327 1581 1349 cum

224 1367 340 1403 Palat.
364 1369 584 1409 Gebhardi,
612 1370 714 1404 unde
744 1371 778 1405 is
799 1371 900 1405 eruit
924 1380 1226 1418 purgamentum,
1259 1382 1407 1406 amator
1429 1369 1579 1412 talium,

223 1434 326 1459 recte
359 1436 515 1461 notante
540 1428 790 1468 Burmanno,
822 1427 886 1462 cui
914 1427 1043 1462 eadem
1066 1427 1111 1462 de
1135 1427 1296 1462 homine
1316 1428 1428 1462 sentit
1452 1427 1580 1462 fratris

224 1478 330 1516 filius
354 1481 400 1515 ad
419 1484 534 1531 Prop.
561 1496 590 1521 ι,
622 1496 655 1522 1,
688 1496 702 1515 1
719 1498 749 1518 1.
813 1485 871 1519 Cf.
900 1496 959 1523 10,
984 1494 1020 1526 7,
1045 1484 1109 1519 26.
1168 1484 1265 1518 Inde
1287 1494 1394 1523 erant
1415 1485 1579 1518 cenario-

223 1549 287 1571 κω
306 1536 371 1572 illi
388 1543 433 1583 4,
459 1549 504 1579 2,
534 1545 625 1580 124.
685 1539 789 1574 flor.
823 1540 929 1574 turba
950 1553 1067 1575 amen.

313 1599 350 1635 3.
380 1594 665 1629 volubilitatem.
733 1595 864 1630 Turic.
898 1595 1026 1629 Guelf.
1059 1597 1192 1645 Camp.
1221 1596 1454 1642 voluptatem
1490 1609 1580 1632 cum

223 1648 335 1684 Bodl.
356 1649 447 1684 Bal.
481 1661 516 1685 et
548 1650 633 1684 edd.
662 1661 746 1685 aute
769 1650 876 1686 Bafil.
936 1651 1121 1687 Nostrum
1147 1654 1242 1699 huic
1264 1654 1305 1687 in
1328 1651 1428 1689 Vall.
1452 1653 1580 1701 super-

222 1705 408 1754 scriptum
439 1717 567 1741 narrat
599 1705 763 1747 Badius,
800 1708 860 1741 sed
894 1707 1096 1744 vindicant
1116 1709 1218 1745 Flor.
1243 1709 1361 1744 Goth.
1382 1709 1501 1755 item,
1536 1721 1582 1745 ut

226 1761 412 1810 suspicor,
442 1763 543 1798 Asm.
662 1783 674 1786 «
719 1762 988 1814 consequemur·
1047 1765 1150 1801 Flor.
1177 1766 1304 1801 Guelf.
1329 1767 1462 1814 Camp.
1494 1780 1580 1801 con·

216 1816 407 1866 sequimur
444 1831 533 1854 cum
574 1819 678 1858 Alm.
723 1819 835 1856 Colb.
880 1821 984 1857 Voff.
1014 1832 1051 1857 2.
1099 1822 1189 1866 (sed
1220 1822 1338 1858 Goth.
1362 1821 1577 1870 sequimur)

225 1873 326 1910 Vall.
349 1876 448 1912 Jens.
473 1876 588 1912 Tarv.
763 1879 858 1911 enim
880 1877 1017 1925 solum.
1078 1879 1140 1914 Sic
1167 1879 1298 1914 Turic.
1321 1878 1425 1915 Flor.
1450 1879 1578 1915 Guelf-

226 1931 359 1980 Camp.
393 1932 510 1967 Goth.
539 1934 636 1971 Jens.
668 1932 769 1978 (err.
806 1944 842 1968 et
871 1944 939 1969 tac.
971 1935 1085 1970 Gesn.
1115 1937 1178 1971 etsi
1212 1934 1329 1971 Goth.
1342 1933 1456 1984 sola)
1489 1949 1579 1971 cum

227 1987 312 2022 edd.
348 1998 433 2023 ante
465 1988 575 2024 Bafil.
607 1989 768 2038 Reliqui
792 1989 828 2039 s.
861 2004 892 2026 e.
1138 1994 1196 2027 cui
1229 1992 1398 2042 quodque
1426 1992 1507 2028 loco
1532 1991 1581 2041 fit:

286 2121 321 2154 7.
355 2111 514 2159 infelicis
547 2127 692 2164 operae.
747 2115 793 2151 cf.
835 2122 871 2160 3.

229 2171 317 2203 Pro.
342 2176 407 2211 28.
431 2180 468 2205 et
493 2184 537 2204 ιι
554 2197 564 2211 ,
587 2182 630 2212 2,
657 2178 720 2220 49.
752 2172 873 2213 „haec

229 2238 312 2259 rara
334 2224 583 2262 infelicitas.“

288 2291 449 2328 occupet.
538 2286 664 2321 Potest
727 2286 873 2334 quaeri,

232 2338 338 2386 quod
380 2339 421 2373 fit
462 2341 576 2376 verbi
623 2342 873 2390 subjectum?

231 2393 439 2429 Oratorem
481 2396 631 2436 fortasse
673 2399 874 2434 rectissime

227 2449 444 2498 intelliges,
493 2465 535 2488 ut
576 2456 620 2490 fit
657 2453 726 2490 ἇπδ
755 2459 874 2490 κοινοῦ

230 2506 378 2540 dictum
412 2517 448 2542 et
481 2513 582 2557 quasi
612 2524 684 2560 pro
711 2525 873 2558 occupeS.

227 2563 331 2598 Nam
364 2574 406 2597 ut
443 2566 651 2603 artificium
683 2567 783 2603 illud
814 2569 873 2617 ip·

229 2618 334 2658 sum,
385 2621 489 2667 quod
531 2624 682 2672 puerile
724 2625 876 2659 dixerat

230 2687 446 2724 parumque
476 2680 592 2722 utile,
623 2682 689 2718 hic
712 2681 875 2727 subjecti

931 2115 1057 2153 adhuc
1089 2116 1179 2153 loco
1207 2118 1268 2156 fit,
1301 2128 1417 2151 nemo
1438 2117 1578 2164 proba-

930 2173 1015 2215 bit3
1068 2186 1286 2222 quanquam
1326 2173 1376 2208 est
1413 2173 1496 2208 sane
1536 2174 1579 2210 in

932 2238 1143 2279 congregat.
1208 2229 1302 2264 Fuit
1331 2242 1419 2264 cum
1451 2233 1578 2277 proxi-

933 2299 1030 2321 mum
1070 2286 1237 2334 quodque
1287 2285 1580 2323 nominativum

931 2343 1223 2390 interpretarer,
1263 2351 1301 2377 et
1329 2350 1479 2389 occupet
1506 2355 1578 2389 pro

935 2407 1110 2438 occurrat,
1139 2400 1366 2445 praeveniat.
1409 2397 1481 2432 Sed
1502 2397 1580 2436 hoo

932 2454 1097 2490 insolens
1125 2467 1196 2489 nec
1215 2454 1474 2502 perspicuum.

992 2518 1028 2555 8.
1053 2509 1318 2558 spectizntibus.
1361 2509 1579 2559 Ansectan-

933 2565 1058 2603 tibus?
1100 2567 1147 2601 cf.
1172 2572 1218 2610 8,
1244 2574 1288 2609 5,
1315 2574 1378 2610 25.
1418 2566 1491 2602 Sed
1514 2567 1579 2604 hic

932 2625 1061 2659 minus
1085 2623 1287 2658 necessaria
1312 2623 1473 2658 videtur
1493 2636 1578 2659 mu-

931 2681 1050 2720 taum
1079 2678 1201 2715 simile
1223 2679 1352 2715 nostro
1374 2686 1409 2723 5.
1435 2690 1496 2721 12.
1514 2678 1578 2717 2⁴2.
