1779 3062
287 167 387 228 466

290 294 364 343 cis
384 292 646 341 humanae
680 293 859 341 acerba
875 309 889 341 :

600 167 676 212 M.
713 165 851 213 FAB.
891 165 1312 228 QUINTILIANI

936 292 1074 366 Quin
1108 288 1424 364 compescitis
1457 308 1636 342 vocem

291 374 471 426 itam,
519 369 729 416 indicem
761 365 1046 438 stultitiae,
1095 366 1276 438 testem
1311 372 1593 433 paucitatis
1609 371 1658 416 θ’

290 446 396 496 Sed
424 444 508 502 id,
547 445 696 511 qtiod
733 445 981 494 excedere
1018 446 1244 495 modum
1279 445 1416 503 dixi,
1451 447 1511 495 in
1543 445 1638 493 illa

215 533 438 590 nopai-te
463 523 634 587 prima
657 520 745 580 est,
790 523 928 596 Quin
953 517 1282 592 compescitis.
1361 522 1636 587 Epilogus,

286 599 331 648 si
343 599 798 649 enumerationem
818 617 997 648 rerum
1009 600 1180 655 habet,
1197 596 1457 645 desiderat
1468 613 1636 662 quan-

286 676 410 726 dam
445 674 779 725 concisorum
813 676 1302 732 continuationem;
1342 672 1383 721 si
1417 672 1484 721 ad
1507 690 1635 722 con-

288 751 527 802 citandos
569 752 770 814 judices
808 752 880 801 est
915 750 1373 808 accommodatus,
1426 748 1726 814 aliquidnoss

285 846 352 880 ex
384 830 480 889 iis,
515 846 650 894 quae
682 828 837 897 supra
869 828 1006 888 dixi;
1046 827 1087 877 si
1129 826 1441 895 placandos,
1479 826 1642 877 incli-

374 993 467 1026 170.
498 980 736 1030 concisionem
763 983 898 1018 Ambr.
923 991 960 1018 2.
998 993 1086 1017 cum
1117 981 1232 1018 Bern.
1258 977 1508 1029 conciffiorem
1525 979 1632 1018 Voss'.

290 1054 324 1076 ι.
350 1049 388 1084 5.
411 1039 488 1074 Hic
508 1051 646 1073 vocem
669 1040 818 1074 omittit
830 1041 960 1086 Camp.
976 1048 1012 1073 et
1032 1048 1126 1071 mox
1145 1037 1279 1072 inserit
1297 1036 1379 1085 post
1399 1037 1491 1076 dixi,
1520 1036 1634 1071 omis·

285 1097 335 1133 fis
358 1095 395 1145 si
426 1095 652 1143 placand05‚
686 1108 783 1142 quae
813 1094 953 1129 deinde
986 1104 1232 1142 reponuntur
1256 1094 1359 1128 inter
1393 1092 1578 1140 quandam
1599 1101 1638 1128 et

285 1154 504 1189 lenitatem,
536 1151 646 1184 omni
675 1150 858 1185 sententia
883 1150 1034 1185 obruta.
1059 1162 1103 1183 ex
1135 1150 1165 1182 is
1195 1149 1326 1184 Turio.
1354 1148 1487 1184 Ambr.
1521 1157 1557 1184 2.
1590 1160 1635 1183 ex

282 1210 342 1244 'liis
364 1209 496 1254 Camp.
518 1206 635 1241 Goth.
668 1206 755 1251 (tae.
781 1206 921 1251 Geta).
957 1206 1037 1239 dixi
1066 1204 1246 1251 plagatos
1273 1204 1406 1239 Turic.
1428 1203 1532 1240 Flor.
1551 1205 1634 1252 pla·

284 1273 391 1300 catos
415 1274 463 1297 ex
481 1261 582 1296 Alm.
604 1260 772 1296 affertur.
808 1262 993 1308 quandam
1007 1260 1044 1308 si
1059 1260 1249 1294 lenitatem
1272 1260 1404 1294 Turic.
1427 1258 1529 1294 Flor.
1545 1272 1635 1295 cum

281 1319 386 1355 Alm.
428 1319 621 1352 lenitatem
662 1316 911 1364 misericordia
950 1316 1084 1352 Ambr.
1119 1325 1154 1349 2.
1190 1314 1318 1351 Guelf.
1345 1314 1473 1361 flexus
1502 1315 1635 1350 Turio,

281 1375 390 1411 Flor.
422 1373 632 1419 flexibilem
666 1372 793 1408 Guelf.
837 1374 968 1422 Camp.
1014 1385 1107 1421 quae
1134 1374 1331 1420 praecipue
1362 1371 1494 1406 Turic.
1528 1369 1636 1407 Flor-

285 1432 374 1479 quia
403 1445 460 1478 pr.
499 1428 627 1465 Guelf.
673 1442 816 1478 quoque
853 1427 905 1477 est
948 1430 1082 1464 Turio.
1113 1427 1216 1463 Flor.
1249 1427 1404 1464 videbas
1427 1427 1561 1464 Ambr.
1595 1435 1638 1465 2.

283 1486 415 1523 Guelf.
436 1499 527 1521 cum
550 1485 653 1523 Voff.
686 1498 719 1519 1.
747 1487 858 1520 etiam
880 1486 1028 1522 morbos
1047 1484 1150 1519 flor.

279 1621 419 1659 Latina
436 1632 473 1668 p.
501 1626 537 1663 5.
563 1618 676 1654 valde
693 1617 772 1653 huc
789 1618 931 1654 facien-

280 1687 363 1714 tem
396 1675 626 1712 demonstrat
664 1675 811 1712 Valerii
846 1677 930 1710 Ma-

280 1734 383 1769 ximi
410 1732 543 1768 locum
576 1739 620 1775 3,
654 1741 690 1774 7.
719 1742 863 1767 extem.
897 1746 927 1767 1.

279 1788 640 1833 „(Demosthenes)
676 1798 836 1835 propter
871 1788 929 1823 ni-

280 1845 429 1887 „miam
450 1843 662 1878 exilitatem
682 1843 850 1878 acerbam
864 1858 929 1878 au-

281 1901 400 1943 „ditu
429 1912 568 1936 vocem
604 1900 708 1934 suam
749 1900 931 1934 exercita·

282 1957 422 1999 „tione
456 1956 640 1991 continua
672 1955 719 1989 ad
748 1964 931 1991 maturum

282 2023 351 2055 „et
398 2023 553 2061 gratum
603 2011 762 2047 auribus
792 2012 930 2048 sonum

283 2069 538 2118 ‚,perduxit.“

344 2126 445 2176 Quin
465 2123 702 2174 compescitis.
743 2124 824 2161 Cic.
856 2137 928 2172 pro

283 2181 418 2217 Rabir.
453 2181 562 2229 perd.
601 2194 632 2215 c.
665 2180 701 2216 6.
745 2181 816 2216 ubi
846 2182 930 2216 sane

283 2239 480 2273 continetis
511 2236 677 2285 legitur,
708 2238 769 2273 sed
790 2237 833 2272 in
859 2249 928 2272 no-

282 2292 358 2328 stro
399 2293 558 2342 quidem
596 2294 780 2340 scriptore
815 2294 924 2328 MSS.

283 2348 334 2385 ad
352 2363 476 2384 unum
490 2363 623 2385 omnes
637 2350 727 2385 dant
743 2348 927 2389 nostrum,

284 2405 429 2454 quibus
451 2406 597 2441 accedit
613 2406 844 2441 Barberinus
854 2405 924 2440 Ga-

284 2461 439 2498 ratonio
453 2473 688 2498 memoratus
701 2462 746 2497 ad
758 2461 831 2497 loc.
845 2461 926 2496 Cic.

347 2527 439 2561 170.
478 2517 704 2563 concisorum
737 2519 925 2554 continua-

286 2576 435 2610 tionem.
493 2575 634 2610 Brevia
673 2574 741 2610 illa
784 2571 926 2620 concisa

989 1617 1112 1666 incisa,
1133 1618 1244 1654 velut
1266 1630 1300 1666 9,
1324 1625 1360 1662 4,
1384 1630 1418 1654 2-
1437 1625 1502 1651 22.
1520 1621 1572 1664 44
1595 1627 1633 1653 et

986 1675 1134 1723 passim,
1167 1689 1384 1722 quanquam
1407 1673 1559 1708 decimo
1582 1673 1631 1708 li·

987 1732 1059 1767 bro
1090 1731 1274 1777 adjectivi
1309 1731 1431 1778 magis
1465 1729 1515 1764 est
1550 1729 1631 1770 usu,

986 1786 1053 1822 hic
1075 1787 1316 1830 substantivi)
1329 1787 1446 1821 celeri
1458 1797 1632 1834 pronun·
1681 1798 1685 1801 ’

987 1843 1156 1878 ciatione
1176 1843 1263 1878 sunt
1284 1840 1557 1882 continuanda,
1588 1851 1635 1877 ut

988 1899 1179 1940 velocem,
1211 1913 1307 1947 quae
1329 1898 1503 1934 audienti
1526 1910 1632 1945 prae·

987 1955 1124 1996 statuit,
1152 1969 1284 1991 rerum
1322 1952 1634 1997 ἂνακεφαλαίωσιν

988 2012 1068 2047 cito
1089 2023 1285 2061 peragant.
1311 2012 1360 2048 cf.
1375 2011 1413 2052 6.
1433 2025 1465 2050 ι,
1483 2011 1632 2058 ι.[ει]ς.

1044 2082 1138 2117 quae
1149 2067 1267 2116 supra
1288 2069 1379 2104 dixi.
1411 2067 1459 2104 cf.
1480 2066 1512 2111 ὖ.
1538 2065 1630 2105 166.

991 2124 1081 2171 169.
1107 2124 1259 2158 fortaffe
1284 2135 1322 2160 et
1343 2123 1433 2160 162.

1036 2179 1076 2228 si
1106 2180 1312 2227 placandos
1333 2199 1386 2208 --
1400 2192 1629 2216 commoven-

987 2237 1065 2272 dos.
1105 2236 1245 2271 Rarior
1267 2237 1316 2272 est
1339 2236 1433 2272 haec
1453 2246 1630 2286 repeten-

987 2292 1055 2328 dae
1089 2302 1175 2327 ante
1203 2293 1435 2328 accusativos
1465 2304 1630 2342 praepo-

982 2349 1134 2384 sitionis
1158 2349 1324 2384 omissio.
1347 2349 1469 2395 Quam
1488 2350 1518 2384 fi
1537 2361 1630 2384 con-

984 2414 1042 2439 tra
1059 2404 1183 2441 libros
1206 2404 1371 2440 inserere
1396 2415 1528 2446 tentes,
1547 2416 1629 2440 non

984 2473 1197 2509 congruere
1218 2462 1353 2497 sentias
1379 2472 1464 2497 ante
1486 2473 1627 2496 vocem

982 2517 1241 2566 misericordia.
1309 2519 1414 2565 Quae
1447 2517 1525 2566 ipsa
1556 2528 1628 2552 no-

983 2572 1053 2608 stro
1087 2575 1203 2609 etiam
1234 2574 1339 2609 haud
1366 2573 1484 2609 dubie
1517 2573 1623 2609 causa

285 2631 381 2678 (qua
404 2642 501 2666 voce
528 2631 653 2667 utitur
671 2642 709 2667 et
733 2642 791 2671 10,
806 2640 842 2673 7,
860 2640 923 2663 ιο.
979 2629 1078 2671 fuit,
1110 2643 1179 2665 cur
1211 2629 1502 2666 insolentiorem
1533 2629 1623 2677 jun-

285 2697 375 2721 cum
419 2686 650 2737 plerumque
683 2685 924 2738 appellentur
979 2695 1127 2722 cturam
1146 2686 1379 2722 admitteret.
