1779 3062
223 168 318 226 369.
486 178 491 181 “
537 165 612 213 Μ.
648 169 687 214 F
691 169 786 213 AB.
821 168 1234 229 QUINTILIANI

217 293 268 343 se
300 302 448 358 putet
480 292 845 357 aequalitatem
874 303 925 341 et
953 294 1254 342 varietatem
1263 311 1277 352 ;
1318 310 1440 343 cum
1463 293 1548 342 illi

215 370 406 418 virtuti
462 370 785 419 contrarium
838 371 1033 419 vitium
1084 369 1148 418 sit
1191 371 1546 436 inaequalitas,

215 448 370 503 huic,
429 447 525 511 qui
566 446 763 495 dicitur
802 448 1082 511 μονοειδὴς,
1148 445 1296 511 quasi
1329 447 1547 512 quidam
1589 446 1596 452 ⁴

215 540 357 574 unus
384 522 628 588 aspectus.
696 525 792 573 Ars
818 541 976 588 porro
1008 522 1248 572 variandi
1279 541 1401 571 cum
1433 536 1638 588 gra-1007
1693 513 1696 515 ’

215 602 342 648 tiam
364 600 592 665 praebet,
633 617 689 648 ac
709 611 927 648 renovat
945 616 1111 657 aures,
1143 610 1259 647 tum
1284 599 1548 647 dicentem

212 677 320 744 ipsa
350 678 544 727 laboris
567 678 860 728 mutatione
880 676 1080 726 reficit:
1115 686 1176 724 ut
1203 675 1400 734 standi,
1438 692 1548 723 am-

211 855 316 893 Flor.
348 856 482 892 Ambr.
504 865 541 893 2.
571 854 697 891 Guelf.
730 856 864 904 Gamp.
899 853 1017 889 Goth.
1047 855 1144 892 Jens.
1178 857 1267 898 (tac.
1298 853 1427 900 Gesn.)
1459 865 1548 888 cum
1599 905 1601 907 Ι

212 913 299 949 edd.
330 924 413 947 ante
444 913 536 949 Bad.
570 912 639 960 qui
670 926 689 947 e
718 912 817 948 Vall.
851 911 1032 952 inseruit,
1063 924 1201 959 parum
1234 909 1446 958 eleganter,
1476 922 1548 945 nec

211 969 350 1009 eredo,
383 969 490 1017 quod
518 980 694 1009 narrant,
725 969 795 1003 effe
828 968 871 1001 in
903 968 1000 1002 Alm.
1048 970 1109 1002 Ex
1131 965 1203 1001 illo
1225 969 1416 1003 varietatis
1435 976 1546 1003 vetu-

209 1024 454 1061 fiiffimorum
477 1025 621 1061 efficio:
652 1027 826 1064 varietas,
857 1025 896 1061 id
916 1024 1015 1076 quod
1039 1034 1108 1060 cet.

296 1144 358 1182 44.
388 1140 518 1173 vicium
537 1138 602 1186 sit.
643 1138 706 1173 Sic
728 1137 860 1172 Tui-ic.
889 1135 991 1170 Flor.
1016 1135 1142 1173 Guelf.
1162 1136 1280 1172 Goth.
1306 1137 1393 1181 (tac.
1416 1134 1545 1179 Gesn.)

207 1193 340 1242 Camp.
375 1194 590 1243 Reliquis.
621 1208 655 1229 v.
714 1193 837 1229 Mssodo
864 1200 975 1240 putat
1004 1193 1136 1226 Turic.
1173 1202 1211 1227 et
1241 1193 1316 1228 sola
1348 1190 1546 1226 Leidensis

208 1250 358 1285 omittit
376 1251 429 1285 Ac
451 1262 535 1285 ante
556 1263 600 1284 ne
620 1251 711 1298 quis.
963 1250 1024 1296 qui
1046 1247 1360 1297 dicitur—quasi
1379 1247 1541 1295 quidam.

205 1305 337 1341 Turio.
373 1320 465 1355 quae
485 1307 519 1340 cl.
542 1320 582 1351 μ.
613 1303 771 1350 (saltem
803 1303 907 1338 nihil
928 1304 1126 1339 varietatis
1149 1315 1306 1340 notatur
1323 1304 1366 1338 in
1389 1302 1543 1350 graeco)

207 1376 241 1410 q.
265 1377 301 1411 q.
323 1361 426 1397 Flor.
449 1376 541 1411 quae
563 1362 606 1404 (1.,
623 1359 784 1405 εινομοιία
807 1361 1015 1404 (Graecum
1044 1359 1156 1395 valde
1175 1360 1300 1396 simile
1320 1359 1415 1394 huic
1435 1371 1544 1406 praef

205 1418 281 1454 fert
294 1419 409 1452 Tarv.
430 1419 500 1453 sic:
528 1418 685 1463 ανομια)
709 1432 742 1467 q.
766 1432 799 1466 q.
835 1416 964 1452 Ambr.
992 1426 1025 1451 2.
1048 1419 1111 1467 qui
1125 1413 1555 1464 (sice11im1-efe1·tu1·)cl.

205 1474 472 1512 MONOIAIa
513 1474 606 1523 quisi
635 1488 669 1524 q.
703 1473 830 1516 Guelf.
871 1486 964 1521 quae
995 1473 1030 1508 d.
1061 1473 1216 1517 μονωὸιά
1260 1487 1293 1521 q.
1311 1487 1344 1522 q.
1387 1470 1558 1516 Femini-⁴

204 1545 300 1566 num
332 1545 425 1580 qnae
450 1544 497 1565 ex
527 1532 632 1567 Voff.
661 1543 694 1566 1.
720 1540 756 1564 2.
782 1541 941 1577 quoque
974 1529 1150 1569 affertur,
1190 1531 1285 1565 item
1307 1543 1375 1578 que
1397 1539 1470 1575 pro
1491 1527 1554 1574 qui

205 1589 256 1622 est
284 1588 325 1621 in
356 1586 489 1622 Goth.'
508 1590 595 1632 (tac.
617 1586 744 1634 Gesn.)
792 1586 865 1621 Sed
899 1586 1012 1620 Bern.
1046 1599 1138 1632 quae
1165 1586 1201 1621 d.
1228 1582 1410 1630 μονοειὸιὰ
1441 1580 1555 1632 quisi

204 1645 361 1692 quidem.
394 1642 491 1678 Obr.
517 1657 609 1691 quae
641 1643 676 1677 d.
711 1642 892 1686 μουοειδίοι
922 1654 954 1687 q.
989 1656 1022 1690 q.
1063 1641 1160 1677 Edd.
1185 1652 1269 1676 ante
1294 1640 1470 1676 Ald.hc.=e
1491 1651 1554 1673 01·-

203 1702 293 1736 dine
324 1713 417 1750 quae
450 1700 487 1737 d.
523 1698 625 1747 quasi
655 1699 805 1747 quidam
834 1697 1016 1743 μονοειδὴς
1047 1709 1197 1744 praeter
1227 1699 1358 1744 Camp.
1392 1695 1461 1743 qui
1493 1694 1542 1729 ad

202 1756 378 1792 amuffim
410 1756 584 1791 nostrum
612 1756 695 1795 dat,
727 1767 771 1791 ut
800 1755 911 1803 poffit
938 1754 1029 1788 inde
1057 1754 1259 1801 profeciffe
1289 1752 1417 1787 videri
1455 1763 1540 1785 cor-

201 1825 329 1848 rectoi-
349 1811 417 1847 ille
439 1812 607 1859 Regium
639 1812 701 1846 sed
727 1812 903 1847 ordinem
923 1809 1041 1854 hujus
1064 1821 1195 1844 tenent
1216 1822 1348 1844 omnes
1372 1809 1481 1842 MSS.

362 1867 538 1916 aspectus,
568 1869 638 1903 Ars
658 1881 769 1915 porro
790 1882 823 1903 v.
847 1882 935 1901 cum.
968 1866 1098 1900 Turic-
1117 1864 1282 1914 aspectos
1300 1877 1414 1912 porro
1438 1879 1472 1899 v.
1494 1864 1540 1900 ei.

196 1927 323 1962 Etiam
342 1924 444 1960 Alm.
462 1935 638 1960 narratur
660 1926 839 1959 omittere
861 1938 929 1959 ars.
1163 1930 1326 1957 renovat.
1348 1920 1484 1957 Ambr.
1498 1931 1537 1957 2.

199 1983 324 2019 Guelf.
352 1990 512 2017 renovet.
543 1981 619 2015 Hic
641 1991 677 2016 et
701 1995 811 2017 unum
832 1981 983 2017 omittit
1001 1989 1085 2017 ante
1108 1979 1184 2016 diu.

196 2145 306 2192 supra
326 2155 374 2177 ne
394 2139 511 2175 dicere
532 2139 689 2188 quidem
715 2152 834 2186 quen·
892 2138 1091 2184 deceptus,
1129 2147 1292 2185 propter
1317 2135 1534 2175 discordiae,

197 2213 310 2247 quam
325 2196 560 2245 agnoscebat,
583 2196 655 2230 nisi
670 2196 739 2244 qui
758 2195 834 2230 dis·
892 2193 999 2240 quod
1047 2194 1106 2228 ibi
1157 2192 1226 2232 est,
1283 2190 1534 2227 vocabulum.

195 2256 317 2305 pofite
341 2264 411 2289 cet.
444 2266 502 2293 zo,
527 2263 562 2295 7,
588 2263 648 2287 12.
891 2250 996 2283 Idem
1029 2249 1070 2283 in
1107 2245 1294 2294 μονοτοιῖᾳ
1331 2248 1535 2283 Ciceronis

257 2319 319 2358 124.
341 2317 406 2357 45.
436 2310 491 2345 Ac
513 2323 558 2344 ne
578 2310 658 2357 quis
679 2327 732 2334 —
747 2307 836 2357 soni
890 2305 1014 2340 utitur
1039 2305 1126 2340 loco
1148 2306 1255 2340 Brut.
1279 2317 1309 2339 c.
1337 2303 1399 2338 66.
1435 2304 1535 2338 vocis

198 2370 367 2403 intentio.
424 2368 471 2401 In
502 2365 564 2401 his
594 2366 664 2413 qui
694 2365 835 2399 oratio-
889 2375 1003 2410 parva
1029 2363 1226 2402 contentio,
1254 2357 1478 2405 omniafere
1494 2366 1534 2393 ut

197 2438 286 2461 nem
325 2422 506 2470 expedire
549 2422 698 2469 cupiat,
749 2434 838 2456 eum
886 2416 1060 2466 similiter
1083 2428 1194 2467 atque
1215 2430 1286 2452 uno
1308 2415 1417 2450 modo
1442 2415 1537 2450 dice-

198 2493 306 2516 notas
336 2480 486 2514 criticas
514 2478 698 2526 inspicere
721 2489 836 2524 opor·
894 2484 1027 2510 rentur.
1064 2473 1179 2521 Quod
1202 2474 1255 2509 ait
1273 2472 1399 2508 noster
1417 2471 1535 2519 paulo

198 2547 263 2571 tet.
303 2535 587 2571 Discordantem
609 2535 654 2569 ab
670 2535 837 2568 oratione
892 2528 974 2576 post
997 2529 1039 2579 se
1064 2538 1326 2569 tractaturum,
1357 2526 1399 2560 id
1423 2527 1472 2561 est
1491 2526 1536 2560 in

198 2606 321 2626 vocem
341 2591 569 2625 demonstrat
589 2588 836 2625 Almelov.in
891 2585 981 2620 loco
1014 2587 1060 2621 de
1089 2595 1181 2633 apta
1207 2582 1535 2634 pronunciatione

199 2647 288 2682 loco
304 2647 480 2681 Pliniano
494 2647 627 2695 Epistt.
648 2655 685 2686 2,
710 2657 771 2692 19,
798 2645 834 2684 6,
892 2655 911 2676 a
927 2643 1059 2689 §.inde
1075 2643 1096 2678 6
1109 2656 1138 2679 ι.
1151 2643 1209 2678 Ad
1221 2639 1534 2682 „nihil—uuum

199 2703 262 2738 fed
292 2703 373 2738 levi
413 2702 676 2739 similitudinis
716 2701 839 2751 specie
896 2700 1029 2739 ‚‚diu“
1054 2699 1100 2736 cf.
1128 2711 1163 2740 1,
1190 2708 1254 2739 12,
1277 2706 1314 2742 7.
