1779 3062
259 155 357 214 566
579 158 654 202 Μ.
690 159 823 204 ΕΑΒ.
861 159 1278 220 QUINTILIANI

258 282 366 330 iam
395 283 578 347 piratis
612 282 912 349 patefaciet,
965 285 1295 350 duceturque
1335 286 1396 335 in
1437 283 1603 334 advo-

205 385 230 422 5
263 359 524 409 cationenl
573 364 799 422 maxime
848 362 1009 415 causa.
1109 365 1377 433 Quoniam
1423 372 1602 413 tamen

264 453 473 496 omnes,
514 441 609 504 qui
630 458 742 490 non
769 442 1013 509 improbe
1036 442 1337 506 litigabunt,
1365 457 1604 507 quorum

261 525 401 563 certe
426 516 565 565 bona
590 536 708 584 pars
733 518 823 578 est,
842 518 1094 569 sustinere
1119 535 1234 569 non
1253 517 1423 585 potest
1439 535 1606 576 unus,

261 592 550 656 aliquidbet
577 597 1068 649 commendantium
1097 594 1335 662 personis
1360 595 1521 653 dabit,
1550 605 1604 644 et

261 668 525 735 ipsorum,
573 675 671 739 qui
708 675 908 738 judicio
950 673 1263 733 decernent,
1314 683 1378 722 ut
1414 664 1633 738 optimi

260 835 311 875 tis
350 837 396 875 ab
435 837 508 875 hac
544 852 695 891 recepta
732 842 829 879 olim
870 851 1028 877 notatur
1067 852 1114 876 ex
1144 838 1248 875 Alm.
1279 837 1388 876 Voss‘.
1425 853 1461 875 1.
1496 848 1534 873 2.
1565 847 1605 887 5

261 892 438 942 aliisque·
497 899 543 932 In
574 899 645 934 hac
676 910 799 936 autem
830 899 910 935 loci
941 897 1230 934 constitutione,
1261 896 1329 931 etfi
1357 895 1502 944 singuli
1524 895 1605 931 sen·

261 950 321 985 sus
354 951 513 987 tolera1i
543 961 734 1002 pote1·,ant
766 969 886 992 nexus
919 965 1047 989 tamen
1076 952 1276 988 manifesto
1308 951 1471 988 vitiosus
1502 963 1603 988 erat:

261 1003 494 1057 lepidusque
521 1011 571 1045 est
600 1011 973 1058 Pseudo-Turnebus
1003 1012 1056 1047 ita
1087 1010 1182 1045 haec
1211 1021 1422 1057 exponens,
1454 1019 1498 1044 ut
1516 1021 1604 1057 par·

260 1063 398 1114 ticulas
438 1066 579 1104 alienas
616 1069 834 1117 aptioribus
872 1078 1007 1104 mutet.
1071 1067 1178 1101 Idem
1218 1076 1346 1110 tamen
1388 1079 1439 1101 ex
1475 1065 1603 1102 nescio

261 1127 339 1167 q‘uo
382 1122 516 1158 codice
558 1125 690 1171 attulit
728 1140 843 1174 neque
879 1137 951 1173 pro
995 1137 1173 1173 namque.-
1222 1121 1392 1169 indeque
1425 1121 1604 1158 certatim

262 1178 516 1215 emendarunt
544 1182 628 1230 VV.
658 1183 750 1218 DD.
785 1195 900 1230 neque
930 1179 1105 1228 defendet
1136 1190 1263 1216 omnes
1293 1188 1444 1219 orator,
1494 1177 1605 1229 quod

260 1234 302 1275 in
345 1244 496 1270 textum
538 1238 725 1274 Gesnerns
764 1239 921 1273 demum
961 1236 1118 1283 recepit.
1189 1235 1348 1270 Merito.
1405 1235 1508 1270 Nam
1539 1233 1609 1270 etsi

240 1290 308 1339 ¹de
336 1291 470 1326 codice
500 1292 573 1328 isso
601 1293 756 1330 fortasse
786 1293 965 1333 dubites,
1011 1291 1232 1328 emendatio
1263 1301 1391 1326 tamen
1421 1289 1470 1326 est
1498 1290 1608 1326 facil·

259 1345 364 1409 {ima
399 1360 595 1397 quamque
624 1350 831 1401 imperiose
863 1348 1058 1398 flagitabat¹
1094 1348 1230 1383 sensns.
1304 1349 1512 1396 Sequentia
1552 1357 1608 1382 et-

259 1402 338 1437 iam
370 1405 538 1454 idemque
569 1417 639 1441 etc.
674 1406 906 1442 sollicitabat
935 1407 1182 1443 Burmannus
1198 1418 1215 1438 :›
1256 1416 1479 1453 perperam:
1521 1403 1605 1440 vid.

258 1470 342 1498 not.
376 1473 485 1510 exeg.
537 1462 631 1511 suae
672 1464 766 1512 eloq.
807 1464 941 1510 Camp.
1005 1463 1119 1497 etiam
1159 1474 1233 1495 non
1263 1459 1409 1497 Guelf.‘
1442 1458 1611 1510 spiratus

259 1515 364 1552 Flor.
485 1520 767 1556 advocationem
803 1521 952 1559 nomine
993 1516 1102 1568 causa
1131 1517 1264 1554 Turic-
1304 1516 1411 1553 Flor.
1443 1531 1474 1553 c.
1505 1516 1610 1554 Alm.

377 1615 412 1652 5.
459 1611 578 1644 omnis
619 1610 753 1646 Turio.
792 1608 896 1644 Flor.
929 1609 1062 1656 Camp.
1136 1607 1304 1655 litigabit
1333 1607 1468 1644 Turie.
1499 1608 1606 1644 Flor.

260 1673 354 1699 certe
383 1679 470 1712 pars
499 1667 632 1702 Turic.
664 1665 793 1702 Guelf.
826 1667 958 1714 Camp.
993 1677 1025 1699 c.
1057 1663 1159 1699 Alm.
1196 1663 1301 1700 Voff.
1336 1673 1373 1698 2.
1405 1672 1441 1707 5.
1487 1665 1607 1701 Goth.

260 1722 358 1760 Jens.
397 1733 433 1756 et
473 1721 557 1758 edd.
601 1733 686 1758 ante
719 1722 869 1771 Gryph.
931 1721 1181 1759 Vocabulum
1222 1720 1331 1760 bona,
1371 1720 1480 1768 quod
1510 1721 1610 1757 boni

262 1777 374 1813 codd.
416 1777 506 1813 dant
543 1778 647 1814 Flor.
690 1790 727 1815 et
753 1778 859 1816 Voff.
898 1792 931 1814 1.
969 1789 1006 1813 et
1035 1777 1104 1812 alii
1132 1777 1286 1812 fortaffe
1317 1789 1466 1816 eorum,
1513 1791 1611 1826 quo-

261 1848 349 1870 rum
389 1848 468 1870 non
509 1836 694 1871 continua
731 1836 905 1875 mentio,
954 1848 1023 1883 per
1051 1834 1194 1869 sensum
1227 1834 1343 1869 etiam
1375 1832 1496 1872 abeffe
1527 1847 1611 1870 non

260 1891 391 1940 potest.
452 1892 743 1928 subabsurdum
775 1892 880 1927 enim
911 1891 1012 1927 illud
1043 1899 1137 1926 certe
1165 1903 1275 1940 pan-,¹
1305 1889 1414 1939 quod
1445 1901 1535 1925 cum
1561 1891 1609 1926 de

260 1948 428 1984 minimo
460 1949 573 1984 etiam
604 1963 769 1985 numero
802 1949 882 1983 dici
906 1948 1042 1998 poffit.
1100 1946 1252 1995 aliquid
1291 1947 1426 1994 utique
1467 1948 1609 1983 adden-

262 2005 354 2039 dum
388 2016 478 2040 erat.
714 2015 749 2041 et
789 2006 990 2040 commend.
1027 2000 1114 2048 ‚Sic
1155 2004 1288 2049 Turic-
1330 2003 1438 2049 Flmp
1477 2003 1607 2040 Guelf-

262 2061 380 2097 Goth.
413 2064 501 2106 (tac.
526 2063 659 2108 Gefn.)
689 2064 821 2111 Camp.
883 2064 996 2098 etiam
1019 2075 1047 2095 c.
1069 2060 1155 2096 edd.
1177 2060 1269 2095 inde
1293 2073 1312 2094 a
1332 2060 1431 2098 Jens.
1458 2072 1606 2096 omnes.

262 2117 336 2153 Sed
362 2118 536 2154 nostrum
566 2119 725 2155 videtur
757 2120 828 2154 effe
857 2120 899 2155 in
930 2117 1079 2167 [criptis
1109 2116 1175 2151 vel
1207 2115 1390 2152 omnibus
1423 2113 1488 2151 vel
1517 2115 1607 2165 plu:

260 2174 392 2215 ribus,
440 2176 627 2223 quoniam
660 2185 696 2210 et
728 2177 770 2211 in
808 2174 990 2211 lemmate
1028 2185 1175 2221 ponens
1205 2171 1361 2206 nonnisi
1389 2171 1607 2220 impreffos,

263 2232 332 2279 qui
372 2234 483 2267 etiam
525 2233 637 2273 dant,
677 2231 809 2267 laudat
839 2234 1096 2267 Burmannus.
1159 2227 1453 2265 commendatum
1482 2227 1603 2275 Goth.

261 2286 350 2336 (tac.
385 2289 513 2334 Gesn.)
631 2297 698 2325 aut
738 2290 876 2337 optime
915 2287 1048 2324 Turio.
1081 2284 1187 2322 Flor.
1246 2295 1286 2321 uc
1326 2286 1467 2332 optime
1502 2283 1606 2321 Alm.

320 2441 355 2478 5.
398 2436 462 2486 qui
479 2435 621 2480 judicio
641 2434 844 2470 decernent.
869 2433 899 2469 i.
960 2431 1110 2482 „peche
1133 2444 1208 2479 que
1230 2428 1414 2467 l'orateur
1434 2445 1482 2467 ne
1509 2430 1605 2466 don—

260 2489 516 2540 Iitigantium,
549 2503 593 2528 ut
616 2502 719 2538 recte
741 2492 903 2540 Cappet·
960 2502 1035 2530 „ne
1052 2487 1221 2535 quelque
1242 2488 1354 2523 chose
1372 2501 1448 2531 anx
1458 2500 1606 2523 recom-

263 2548 308 2583 cf.
340 2562 401 2588 ιο,
437 2562 470 2588 1,
507 2560 571 2596 29.
629 2548 709 2586 Vix
734 2547 904 2583 monuis-
960 2544 1251 2587 „mandatious‚
1281 2543 1431 2593 sut-tout
1453 2546 1476 2578 ὰ
1499 2543 1607 2578 celles

262 2604 356 2644 scm,
388 2606 460 2640 nisi
492 2605 635 2640 mirum
669 2604 709 2638 in
739 2603 905 2639 modum
957 2603 1055 2643 „des
1071 2602 1222 2647 juges.“
1252 2600 1325 2637 Sed
1348 2613 1476 2648 neque
1496 2599 1606 2634 Pseu-

260 2663 473 2706 perversam
503 2661 682 2697 vidissem
717 2661 906 2709 interpre·
965 2657 1259 2697 ‹lo-Turnebus
1282 2657 1345 2692 dat
1366 2656 1523 2693 saniora.

261 2717 447 2752 tationem
466 2717 647 2767 Gedoyni
660 2717 770 2757 „rien
787 2718 906 2752 n'cm·
1018 2723 1126 2750 ιιι-
1139 2723 1337 2750 moveatur.
1370 2712 1436 2754 „Si
1466 2721 1608 2750 orator,
