1779 3062
279 190 345 240 94
518 219 521 221 .
595 179 670 224 Μ.
717 180 851 224 FAss.
901 179 1315 240 QUlNTlLIANI

277 320 413 369 quae
453 313 683 352 manent.
774 304 907 352 Sunt.
942 314 991 352 et
1031 305 1120 352 alii
1155 303 1430 369 scriptores
1461 305 1624 355 boni:

276 379 365 428 sed
397 397 493 429 nos
534 396 723 445 genera
754 379 1112 444 degustamus,
1151 398 1260 429 non
1282 382 1624 431 bibliothecas

190 473 266 509 205
282 457 587 504 excutimus.
667 460 908 505 Oratores
929 474 1055 506 vero
1080 458 1164 504 vel
1185 458 1464 522 praecipue
1484 459 1643 505 Lati-.

274 548 398 580 nam
424 533 781 596 eloquentiam
800 548 977 598 parem
1005 532 1173 580 facere
1189 535 1411 580 Graecae
1423 532 1621 598 poffint.

272 609 413 657 Nam
477 610 765 657 Ciceronem
823 611 1123 673 cuicunque
1173 626 1361 657 eorum
1413 607 1622 658 fortiter
1683 607 1685 609 ’

274 683 627 749 opposuerim.
723 687 838 733 Nec
899 686 1117 750 ignoro,
1179 695 1431 749 quantam
1481 685 1619 733 mihi

271 762 531 810 concitem
577 779 839 826 pugnam,
899 779 1020 810 cum
1065 760 1368 826 praesertim
1403 779 1514 810 non
1558 760 1619 809 fit

266 837 326 884 id.
365 836 644 903 propositi,
695 849 754 886 ut
787 855 909 886 eum
944 833 1283 904 Demostheni
1319 853 1619 903 comparem

266 914 370 961 hoc
395 923 658 977 tempore:
693 931 867 979 neque
888 914 1028 961 enim
1053 915 1249 969 attinet,
1281 931 1402 961 cum
1416 916 1619 962 Demo-

269 987 508 1038 sthenem
526 991 789 1055 imprimis
814 989 1094 1055 legendum
1111 1027 1124 1047 ,
1164 990 1252 1038 vel
1275 989 1617 1039 ediscendum

262 1131 366 1168 solus
393 1134 516 1173 etiam,
549 1130 642 1167 alter
663 1132 723 1167 ibi
742 1132 932 1181 relinquit
950 1132 1135 1181 priorem.
1369 1133 1460 1168 Sunt
1480 1142 1516 1168 et
1531 1133 1612 1170 alii.

261 1188 394 1222 Turic.
419 1191 457 1232 (a
480 1202 538 1236 pr.
562 1190 633 1231 nx.)
666 1187 733 1235 sue
759 1198 794 1222 ec
814 1191 897 1225 al1'e.
1132 1202 1205 1223 non
1231 1188 1480 1224 bibliothecas.
1511 1190 1611 1226 Jens.

262 1246 360 1285 (non
374 1244 526 1292 Camp.)
550 1244 696 1278 omittit
716 1257 789 1278 non
812 1258 899 1279 cum
925 1244 1008 1279 edd.
1034 1255 1118 1278 ante
1141 1243 1225 1279 ΑΜ.
1241 1245 1421 1279 Correxit
1438 1245 1610 1291 Regius;

261 1298 310 1333 cf.
340 1310 375 1345 9,
410 1308 445 1340 2,
482 1308 572 1341 105.
606 1310 641 1346 9,
674 1307 711 1341 5,
748 1310 808 1334 12.
866 1299 991 1334 Iidem
1010 1313 1103 1334 mox
1126 1297 1224 1334 male
1254 1300 1508 1347 interponunt
1525 1299 1612 1348 ‚post

259 1367 401 1402 parem.

349 1416 439 1452 105.
469 1409 616 1459 poffint.
650 1410 712 1445 Sic
732 1411 866 1446 Turio.
899 1410 1002 1447 Flor.
1036 1411 1118 1456 (hic
1147 1425 1166 1445 a
1194 1424 1251 1459 pr.
1283 1413 1355 1454 m.)
1385 1423 1472 1445 cum
1503 1409 1607 1446 Alm.

254 1464 417 1513 Reliqui
443 1465 601 1514 poffunt.
835 1481 970 1502 eorum.
1002 1468 1133 1502 Turio.
1156 1466 1261 1502 Flor.
1300 1466 1386 1511 (liic
1409 1480 1429 1500 a
1454 1479 1512 1514 pr.
1535 1467 1609 1509 m.)

248 1519 402 1568 forum,
434 1535 522 1556 cum
547 1521 648 1557 ALm.
710 1522 780 1557 Ille
813 1536 833 1557 a
865 1524 931 1557 sec.
965 1537 1015 1558 m.
1044 1522 1148 1570 foro.
1381 1535 1456 1556 non
1502 1530 1531 1555 ιε
1555 1522 1606 1557 id.

256 1577 346 1611 Hoc
382 1577 518 1611 ordine
547 1576 651 1612 Flor.
695 1593 730 1613 n.
766 1581 788 1614 i.
815 1577 848 1626 s.
900 1578 1026 1614 Guelf.
1061 1580 1192 1626 Camp.
1224 1577 1343 1613 Goth.
1380 1578 1477 1615 Jens.
1514 1575 1607 1625 (tac.

259 1632 388 1675 Gesn.)
419 1633 533 1667 Tarv.
564 1632 725 1681 Reliqui
749 1636 770 1668 i.
795 1649 829 1669 η.
846 1632 878 1682 s
912 1647 1082 1682 quorum
1116 1645 1153 1668 et
1171 1634 1302 1668 Turic.
1322 1632 1492 1669 videtur.

305 1742 518 1792 scriptores.
588 1745 675 1779 Hoc
743 1759 901 1786 nomen,
1018 1761 1096 1781 cum
1127 1745 1342 1793 praesertim
1372 1763 1428 1771 ——·
1459 1757 1608 1793 compa-

248 1802 344 1835 ficut
384 1800 616 1847 συγγραφεῖς
656 1803 758 1848 apud
789 1804 902 1838 Grae·
960 1816 1044 1836 rem.
1104 1803 1153 1835 H.
1187 1814 1217 1835 e.
1274 1800 1430 1841 „Gratis
1465 1800 1607 1836 videor

248 1869 327 1896 cos,
360 1855 568 1891 historicos
599 1857 767 1892 maxime
790 1859 901 1906 sigui-
959 1858 1169 1906 „suscipere
1190 1867 1309 1891 tantas
1330 1856 1441 1894 lites,
1473 1855 1604 1903 quales

247 1910 347 1947 ficat.
438 1911 716 1948 Vetustiffimos
771 1925 900 1949 autem
958 1924 1070 1954 „tum
1110 1914 1267 1947 demum
1308 1912 1486 1947 sustinere
1539 1925 1603 1947 co·

251 1966 451 2007 Caelium,
495 1968 707 2008 Sisennam,
750 1969 901 2017 alioqui
958 1982 1112 2016 „geren
1156 1971 1181 2003 fi
1209 1970 1452 2017 propofitum
1473 1967 1603 2015 operis

248 2024 319 2058 fibi
339 2035 590 2065 memoratos,
621 2023 687 2059 hic
707 2027 898 2061 recensere
955 2025 1087 2066 „mihi
1120 2026 1228 2064 effet,
1281 2023 1387 2071 quod
1416 2037 1437 2057 a
1465 2023 1602 2059 multis

248 2079 393 2114 noluit.
956 2080 1039 2121 ‚‚fit,
1073 2092 1114 2115 ut
1134 2082 1249 2115 Dem.
1274 2092 1361 2114 cum
1384 2079 1462 2114 Cic.
1495 2092 1600 2115 eom-

310 2143 399 2178 105.
439 2149 564 2183 parem
589 2134 725 2182 facere.
795 2139 894 2179 Hoc,
955 2149 1169 2184 „pararenn
1227 2137 1276 2169 Et
1316 2133 1468 2169 facilius
1515 2145 1598 2169 tum

244 2191 314 2226 nifi
337 2191 464 2231 fallor,
495 2191 667 2226 consulto
694 2194 857 2228 assumsit
878 2208 896 2228 e
954 2203 1176 2239 „petel-am,
1205 2190 1315 2225 velut
1348 2190 1388 2224 in
1424 2189 1599 2237 legitima

243 2247 446 2283 vocabulis
463 2248 658 2283 rationum
686 2249 896 2284 subducen-
953 2246 1280 2287 „concertatione,
1313 2246 1506 2293 impetum
1526 2245 1598 2281 ho·

245 2303 393 2339 darum.
449 2304 506 2339 Cf.
531 2317 602 2338 nos
624 2304 669 2337 ad
692 2304 727 2342 6,
759 2313 796 2347 5,
831 2313 893 2351 93.
953 2316 1091 2343 ‚,1·un1,
1134 2302 1201 2350 qui
1234 2302 1308 2337 hoc
1336 2314 1408 2350 pro
1441 2301 1597 2349 piaculo

295 2372 429 2395 eorum.
489 2358 614 2394 Facile
678 2358 754 2394 hoc
824 2373 894 2407 per
952 2358 1252 2398 „abominantur
1270 2384 1280 2398 ‚
1368 2356 1597 2406 repellere.“

237 2414 382 2460 synefin
404 2416 601 2464 promitur
634 2429 681 2450 ex
711 2429 755 2450 eo
784 2416 891 2464 quod
950 2415 1054 2449 Haec
1080 2414 1239 2453 monui,
1273 2424 1315 2449 ut
1343 2413 1596 2448 satisfacerem

243 2480 322 2504 erat
360 2471 564 2511 „Latinam
598 2472 642 2506 el.
672 2485 803 2519 parem
836 2471 889 2505 fa·
949 2469 1142 2511 Gesnero,
1183 2469 1339 2505 haerere
1377 2469 1411 2503 se
1446 2468 1594 2509 fatenti,

239 2538 351 2565 „cere
376 2527 579 2567 Graecae“,
612 2538 655 2562 ut
680 2540 759 2562 non
789 2540 884 2576 opus
948 2527 1016 2574 qui
1075 2526 1151 2561 hoc
1210 2527 1363 2561 minuat
1406 2535 1591 2572 augeatve

233 2581 280 2615 fit
331 2584 528 2632 corrigere
579 2596 666 2618 cum
721 2583 883 2618 Francio
944 2595 1126 2630 pugnam,
1150 2584 1175 2616 fi
1198 2595 1407 2631 compares,
1424 2579 1490 2614 vel
1510 2593 1591 2615 non

235 2637 460 2673 Graecorum
501 2639 565 2684 (cf.
599 2651 648 2686 9,
690 2650 740 2679 2,
787 2639 884 2687 79.).
946 2650 1156 2686 compares.
1227 2638 1458 2673 Genitivum
1504 2648 1591 2686 pro·

229 2692 292 2728 De
308 2692 464 2740 fortiter
484 2707 521 2730 v.
547 2707 590 2735 1,
620 2703 655 2738 5,
689 2704 754 2739 72.
943 2692 1055 2743 pofiti
1076 2694 1121 2729 cf.
1144 2693 1191 2728 ad
1213 2704 1249 2737 7,
1289 2708 1323 2733 ι,
1351 2703 1418 2737 50.
