1779 3062
380 165 542 215 ms‘r.
580 165 861 212 ORATOR.
899 168 1022 214 Lm.
1060 170 1148 225 XI,
1188 181 1237 213 2.

126 310 254 361 pora
278 291 384 342 fuis
416 289 714 342 reddidisse.

1384 184 1481 230 299

807 292 894 341 Est
920 304 1098 343 autem
1124 311 1316 361 magna
1340 297 1479 347 inter
1507 310 1557 353 ¹4

125 382 366 420 auctores
389 368 651 428 dissensio,
679 370 953 420 Glaucone
977 371 1238 438 Carystio,
1263 391 1329 422 an
1343 378 1480 426 Leo-

125 516 183 564 gii
219 516 469 564 conjectura)
499 515 640 551 ordinis
673 527 764 550 cum
807 513 894 552 edd.
924 515 1083 564 posterr.
1119 529 1206 554 ante
1237 519 1372 558 Burm.
1405 533 1483 558 acc.

127 574 294 623 capper.

213 672 276 710 14.
309 662 495 714 Carystio.
524 663 629 701 Flor.
662 663 792 699 Guelf.
823 663 919 699 Exe.
953 666 1107 701 Santen.
1144 663 1318 714 Carestio.

1381 669 1481 702 Mox

126 721 334 758 Leocranti
362 722 466 758 Flor.
488 735 577 757 cum
597 721 702 758 Voss.
729 731 764 757 2.
797 722 1033 769 anagataclzo
1058 722 1188 759 Guelf.
1209 725 1303 758 Exc.
1328 726 1483 762 Santen.

120 777 284 829 schopae
312 780 459 820 iidem,
501 778 686 814 omnibus
713 777 836 820 locis,
877 778 949 814 ubi
976 779 1093 815 semel
1123 780 1215 828 (15)
1242 780 1376 816 Turic.
1400 779 1482 828 sco-

125 905 264 941 huerat.
341 905 443 940 Nam
476 905 526 939 fic
564 915 601 939 et
631 903 770 946 Cicero

122 962 259 1010 „quod
278 962 522 999 meminisset,
540 974 618 1008 quo
631 974 769 995 eorum

122 1017 240 1057 „loco
271 1020 437 1067 quisque
471 1015 688 1067 cubusset.“
720 1017 767 1052 cf.

121 1077 156 1122 ᾖ.
183 1086 220 1110 2.
250 1076 380 1111 ordine
401 1074 572 1122 refutare.

183 1138 244 1179 14.
260 1129 658 1180 magna—(liffensio.
683 1132 770 1167 Nos

122 1190 282 1238 quidem
307 1190 457 1225 erudita
479 1188 585 1228 haec,
600 1189 768 1236 Jupiter,

123 1257 161 1282 et
188 1247 326 1296 ingens
349 1245 611 1281 controversia
641 1244 769 1285 latuit,

120 1302 448 1338 intercidentibus
494 1314 651 1341 eorum,
702 1301 772 1349 qui

123 1360 346 1408 agitaruut,
416 1359 771 1394 Grammaticorum

125 1416 323 1465 operibuS.
393 1417 500 1464 Quos
533 1428 622 1450 cum
655 1427 771 1463 agno-

125 1474 270 1509 scamus
311 1473 544 1521 plerosque,
603 1471 772 1507 Alexan-

125 1531 232 1565 drini
266 1529 376 1565 illius
412 1530 534 1564 musei
569 1528 770 1568 alumnos,

123 1587 328 1636 negotium
350 1598 476 1622 tamen
497 1586 681 1621 facessunt
695 1586 771 1619 Eu·

124 1643 290 1692 rypylus
331 1655 368 1678 et
399 1641 559 1691 Apollas
590 1641 771 1678 Callima-

124 1701 233 1737 chus.
296 1701 476 1748 Quorum
505 1699 649 1747 prioris
669 1699 772 1734 noti-

122 1757 175 1793 tia
215 1758 300 1793 erui
337 1757 440 1806 posse
473 1756 633 1791 videtur
663 1754 772 1790 nulla

125 1815 200 1859 (cf.
228 1828 297 1854 10,
322 1814 366 1854 6,
393 1818 476 1859 4.);
510 1811 669 1848 alterius
701 1825 772 1848 no-

123 1884 213 1906 men
254 1872 281 1906 si
313 1871 507 1906 diversum
542 1870 591 1904 est
622 1869 668 1903 ab
699 1868 772 1905 illo

125 1927 319 1963 clarissimi
348 1937 509 1976 poetae,
539 1925 654 1975 plane
673 1925 774 1960 ludi-

124 1982 265 2020 ficatur
287 1998 358 2019 nos
382 1984 496 2023 casus,
527 1996 615 2018 cum
639 1983 775 2018 Suidas

125 2043 190 2084 (v.
235 2039 466 2084 Σιμωνίδης)
520 2039 774 2080 Callimachi,

126 2112 243 2148 quem
274 2098 408 2133 diserte
441 2098 685 2145 Cyrenaeum
706 2109 776 2131 vo·

126 2167 195 2196 cat,
211 2156 448 2204 epigramma
470 2154 614 2196 afferat,
638 2154 680 2188 in
694 2166 774 2201 quo

124 2212 227 2248 illud
250 2213 373 2260 ipsum
397 2211 593 2259 proditur,
626 2211 672 2245 de
695 2224 774 2258 quo

124 2268 192 2304 hic
215 2270 296 2318 agit
316 2269 389 2315 Qu.
405 2268 495 2304 Vid.
510 2269 660 2317 fragm.
689 2268 777 2303 Cal-⁴

125 2324 209 2360 lim.
234 2336 299 2370 71.
330 2325 402 2361 ubi
432 2324 637 2360 rectissime
660 2327 774 2361 Bent-

127 2380 226 2427 lejus
258 2381 391 2417 locum
426 2380 541 2418 illum
565 2396 583 2417 a
607 2384 681 2430 Qu.
711 2382 775 2418 de-

127 2438 333 2473 monstrari
355 2449 500 2474 monet.
558 2440 699 2487 Neque
720 2450 775 2474 ta-

127 2508 224 2530 men-
255 2495 463 2542 quisquam
497 2496 681 2532 inventus
726 2497 778 2532 est

126 2562 319 2592 veterum,
343 2552 412 2600 qui
430 2551 506 2587 hoc
529 2554 777 2603 cognominis

128 2608 351 2657 imponeret
381 2608 635 2646 Callimacho.
685 2609 779 2647 Olet

130 2677 259 2702 autem
298 2664 399 2700 illud
437 2665 549 2714 plane
581 2668 778 2716 Syriacam

129 2722 342 2758 nominum
371 2733 549 2759 veterum
579 2735 779 2775 corrupte-

825 903 928 945 lam,
979 906 1204 951 cujusmodi
1249 905 1300 940 est
1339 905 1481 946 Lucas,

827 961 937 997 Silas.
1025 963 1222 1010 Equidem
1252 963 1399 997 saevam
1430 963 1480 996 sa-

826 1033 875 1055 ne
920 1020 982 1055 sed
1032 1020 1268 1067 praesentem
1319 1018 1482 1053 medici-

827 1090 916 1112 nam
949 1075 1211 1112 adhibendam
1244 1076 1398 1115 censeo,
1438 1085 1482 1109 ut

827 1133 1019 1169 resecetur
1041 1134 1223 1181 ApollaS,
1262 1132 1374 1169 velut
1394 1145 1481 1180 per-

828 1204 960 1239 peram
990 1191 1201 1238 repetitum
1229 1203 1276 1226 ex
1305 1203 1351 1224 eo
1372 1188 1481 1237 quod

828 1247 1301 1295 praeceditApolloclorus.
1321 1245 1482 1281 Schnei-

831 1303 945 1338 derus
971 1303 1131 1351 quidem
1153 1303 1195 1337 in
1215 1302 1414 1338 Addendis
1435 1302 1483 1337 ad

830 1359 945 1395 Polit.
969 1358 1188 1395 Aristotelis
1211 1359 1268 1409 (p.
1288 1347 1401 1406 491.)
1417 1359 1482 1394 de-

831 1416 1015 1452 monstrat
1046 1415 1228 1464 Apollam
1258 1417 1482 1464 scriptorem

832 1473 934 1521 apud
970 1473 1211 1508 Athenaeum
1250 1487 1286 1520 9.
1322 1487 1360 1522 p.
1385 1473 1481 1520 569,

831 1531 1030 1575 adjuncto,
1052 1529 1122 1576 qui
1144 1531 1386 1565 correctione
1400 1530 1484 1578 pos·

830 1587 876 1622 sit
909 1588 1046 1622 eodem
1076 1585 1226 1634 redigi,
1275 1585 1413 1634 Apella
1447 1597 1485 1622 2.

830 1657 867 1692 p.
891 1643 954 1685 65,
978 1644 1186 1690 suadetque
1217 1655 1282 1679 aut
1302 1643 1484 1689 Apellam

832 1700 1115 1737 Callimachium
1145 1701 1259 1737 scribi
1281 1711 1346 1734 aut
1366 1700 1484 1735 inseri

831 1767 879 1799 et,
904 1771 1000 1805 quae
1024 1759 1100 1804 jam
1114 1758 1284 1805 Bentleji
1302 1757 1379 1792 fuit
1402 1771 1483 1792 me·

833 1815 974 1850 dicina,
1057 1814 1315 1850 Posteriorem
1362 1815 1482 1850 ratio-

832 1885 922 1907 nem
940 1871 1152 1918 prohibere
1175 1872 1346 1912 videtur,
1377 1871 1486 1918 quod

833 1927 989 1964 nonnisi
1002 1941 1122 1962 unum
1143 1928 1346 1962 hominem
1361 1928 1485 1975 Quin-

836 1985 974 2020 tiliano
1031 1985 1277 2020 obversatum
1330 1984 1486 2020 testatur

833 2041 936 2077 illud
959 2042 1065 2089 quod
1090 2042 1244 2087 subjicit
1265 2054 1485 2089 pronomen

834 2113 950 2147 quem.
996 2097 1171 2135 Alteram
1202 2096 1485 2134 difficillimam

833 2156 1002 2191 reddunt
1043 2156 1173 2192 relicti
1215 2155 1331 2191 nobis
1363 2154 1485 2190 hodie

833 2214 964 2248 versus
985 2221 1123 2261 poetae
1144 2212 1355 2261 Cyrenaei,
1386 2225 1485 2260 quo-

831 2283 921 2305 rum
953 2283 1034 2305 non
1070 2270 1287 2306 meminisse
1317 2268 1388 2303 vix
1417 2281 1487 2316 po-

833 2327 911 2362 tuit
944 2329 1016 2374 Qu.
1053 2327 1184 2363 Doleo
1217 2325 1321 2361 nihil
1342 2325 1388 2359 de
1412 2325 1484 2360 hac

834 2383 1058 2419 difficultate
1079 2385 1283 2433 proditum
1303 2396 1322 2417 a
1346 2382 1484 2417 doctis·

833 2441 939 2476 simis
980 2441 1079 2477 viris
1124 2440 1289 2476 Dukero
1337 2450 1374 2474 et
1407 2453 1485 2476 van

834 2499 964 2533 Goens
997 2499 1039 2532 in
1074 2497 1339 2533 dissertatione
1372 2495 1484 2531 illius

833 2555 912 2589 hoc
942 2555 1112 2603 praeside
1147 2554 1316 2595 defensa,
1362 2554 1406 2589 tle
1429 2555 1484 2588 Si-

836 2613 983 2646 monide
1010 2612 1110 2656 Traj.
1135 2613 1183 2646 ad
1201 2611 1274 2646 Rlz.
1302 2610 1419 2654 1768.
1447 2621 1483 2653 4.

836 2667 1028 2703 Glaucum
1058 2668 1272 2716 Carystium
1313 2665 1482 2703 celeber-

838 2725 987 2761 rimum
1029 2725 1215 2762 athletam
1253 2724 1345 2761 vide
1382 2724 1484 2774 apud
