1779 3062
364 162 530 207 1NsT.
580 159 862 205 ORATOR.
913 161 1036 206 Lm.
1086 161 1160 218 x,
1205 173 1249 206 1.
1429 160 1505 216 ‚65

139 290 341 348 visum,
402 288 686 338 calcaribus
728 298 859 352 eget.
953 288 1203 338 Clitarchz‘
1244 289 1503 355 probatur

138 370 446 435 ingenium,
497 364 628 414 fides
670 364 972 414 infamatur.

139 447 366 495 tet-vallo
398 444 653 508 temporis
675 453 830 491 natus
862 444 1173 511 Timagenes
1196 445 1299 494 hoc
1322 444 1394 493 est
1413 445 1503 493 vel

137 523 252 590 ipso
297 522 619 591 pyobabilis,
689 519 838 583 quod
878 518 1221 569 intermiffam
1257 521 1504 572 historias

137 599 403 650 scribendi
462 596 778 646 industriam
822 615 967 646 nova
1013 598 1169 646 laude
1224 601 1503 665 reparavit.

137 677 427 741 „Xenophon
461 692 572 724 non
610 676 805 722 excidit
836 675 1003 733 mihi,
1043 673 1135 723 sed
1161 679 1302 723 inter
1326 677 1505 742 philo-

138 755 335 822 sophos
387 751 692 801 reddendus
747 751 833 801 est.

139 836 326 898 ingens
362 847 579 886 manus,
617 840 679 878 ut
716 847 842 878 curn
874 829 1059 878 decem
1096 830 1254 879 simul
1283 831 1505 881 Athenis

139 920 273 958 aetas
322 925 429 957 una
473 908 673 960 tulerit.
770 912 1019 976 Quorum
1061 909 1221 973 longe
1257 910 1506 974 princeps

138 988 313 1036 Demo
308 983 545 1055 sthenes,
588 1002 645 1031 ac
675 1002 842 1050 paene
870 986 954 1032 lex
982 985 1171 1034 orandi
1192 983 1325 1034 fuit:
1366 997 1507 1044 tanta

139 1066 222 1115 vis
254 1068 314 1114 in
344 1081 434 1121 eo,
484 1073 592 1110 'tam
630 1061 788 1111 denia
819 1064 1025 1122 omnia,
1075 1065 1147 1111 ita
1181 1063 1506 1128 quibusdam

199 1226 264 1262 75.
298 1218 530 1266 Timagenes.
591 1217 723 1253 Turio.
757 1217 861 1253 Flor.
892 1218 990 1262 (hic
1018 1231 1037 1252 a
1059 1218 1126 1254 sec.
1150 1231 1201 1253 m.
1237 1227 1253 1253 t
1275 1219 1507 1267 anteponit)

141 1278 333 1323 imagines.
537 1274 605 1309 hoc
627 1272 676 1322 est
696 1275 766 1310 vel.
829 1275 964 1310 Turio.
985 1275 1053 1309 hoc
1072 1288 1091 1308 e
1111 1275 1181 1309 vel.
1245 1276 1380 1323 Camp.
1414 1276 1447 1310 72.
1470 1290 1506 1312 v.

142 1332 271 1370 Guelf.
304 1330 423 1366 Goth.
460 1331 558 1369 Jens.
591 1330 689 1374 (tac.
723 1332 863 1375 Gesn.)
894 1345 929 1367 v.
968 1332 1002 1366 Iz.
1036 1344 1124 1365 cum
1152 1331 1259 1366 Voff.
1286 1340 1322 1366 2.
1356 1342 1393 1366 et
1419 1332 1506 1368 edd.

141 1401 227 1426 ante
259 1388 409 1437 Gryph.
471 1387 633 1436 Reliqui
664 1403 698 1423 v.
733 1388 766 1422 Ῐι.
799 1384 860 1434 est.
1087 1385 1158 1437 sed
1195 1389 1302 1423 inter.
1371 1389 1504 1426 Turio.

1055 371 1246 433 Longo
1281 367 1398 433 post
1420 369 1503 415 in·
1527 381 1579 420 75

924 754 1176 816 Sequitur
1226 765 1503 803 oratorum
1529 764 1581 809 76

139 1447 244 1482 Flor.
268 1446 441 1481 inserunt
471 1445 578 1484 mihi,
612 1444 753 1479 iterum
781 1445 960 1492 positum.

226 1503 291 1546 76.
325 1511 365 1536 ul:
397 1516 486 1536 cunt.

548 1501 610 1535 Sic
640 1501 773 1537 Turic.
810 1500 913 1536 Flor.
948 1500 1067 1539 Goth,
1099 1501 1197 1538 Jens.
1239 1500 1342 1546 (tac.
1364 1502 1511 1551 Gefn.)

140 1573 229 1596 cnm
253 1559 359 1596 Voss.
385 1568 420 1594 2.
445 1568 482 1602 5.
522 1568 558 1592 et
592 1557 676 1593 edd.
713 1568 798 1593 ante
822 1557 972 1606 Gryph.
995 1570 1075 1593 exc.
1110 1557 1243 1606 Camp.
1267 1559 1338 1606 qui
1358 1560 1509 1595 omittit

298 1614 371 1650 Sed
406 1614 536 1650 Guelf.
569 1623 610 1648 ut
636 1623 724 1651 tum.

348 1672 482 1708 Turio.
514 1672 682 1706 lexoran.

141 1632 231 1652 cum.

141 1674 287 1711 orandi.

201 1806 378 1844 clitarchi
389 1824 446 1833 -—-
460 1805 673 1854 infamatur.
717 1808 796 1842 Hic

142 1864 319 1912 (reliqui
345 1865 447 1899 enim
468 1863 534 1897 hie
555 1876 795 1899 commemo-

139 1922 216 1958 rati
245 1920 419 1956 notiores
453 1921 560 1960 funt,
605 1934 720 1968 quam
750 1932 796 1956 ut

139 1992 225 2014 mea
257 1977 433 2012 oratione
466 1976 695 2025 indigeant)
729 1990 793 2012 co-

139 2036 299 2071 mitatus
320 2033 587 2070 Alexandrum
603 2047 698 2069 mox
711 2036 793 2081 ejus

141 2105 202 2129 res
226 2090 415 2138 exposuit.
476 2091 613 2125 Fidem
635 2091 795 2140 scripto-

141 2150 197 2185 ris
228 2160 317 2184 cum
350 2148 482 2184 nostro
508 2146 634 2183 elevat
655 2149 793 2183 Cicero

140 2207 249 2242 Brut.
287 2218 352 2238 11.
398 2216 434 2240 et
467 2206 648 2253 quamvis
684 2206 794 2253 inge·

141 2262 294 2300 uiosum
326 2261 477 2307 judicio
506 2262 549 2295 in
570 2261 793 2297 elocutione

142 2319 369 2356 destitutum
400 2330 508 2354 notat
525 2318 731 2367 Longinus
755 2328 792 2362 5,

143 2386 180 2421 7.
222 2375 318 2409 item
361 2376 537 2410 Demetr.
596 2376 641 2410 de
682 2375 792 2411 Eloc.

143 2443 240 2468 extr.
309 2431 411 2468 Vide
441 2443 478 2467 et
507 2432 711 2479 Heynium
747 2433 793 2467 de

141 2488 317 2525 fontibus
357 2489 532 2524 Diodori
581 2489 624 2523 in
665 2490 793 2525 fronte

139 2545 262 2581 Diod.
304 2545 391 2593 Bip.
430 2560 468 2594 p.
500 2552 564 2589 84.
605 2552 670 2589 85.
746 2548 794 2580 In

143 2599 297 2649 Philisto
329 2602 376 2637 cf.
411 2603 490 2638 Cic.
524 2602 570 2636 ad
603 2603 647 2649 Q.
684 2602 730 2639 fr.
757 2613 792 2642 2,

146 2669 208 2703 13.
239 2659 310 2694 ubi
340 2673 459 2707 paene
487 2658 660 2708 pusillum
695 2659 792 2694 Thu-

141 2717 315 2765 cydidem
337 2715 516 2765 appellat.

785 1614 949 1664 Reliqui
979 1614 1169 1650 omittunt
1190 1624 1243 1652 ut.

1447 1617 1509 1652 lex

913 1813 978 1851 75.
1015 1806 1249 1854 Timagenes.
1282 1807 1330 1843 ef.
1364 1820 1407 1849 1,
1442 1821 1507 1850 10,

860 1876 922 1898 10.

912 1919 976 1964 76.
1009 1929 1050 1954 ut
1071 1934 1164 1954 cum.
1197 1921 1245 1955 cf.
1271 1933 1309 1968 9,
1337 1934 1370 1963 1,
1394 1930 1432 1966 5.

913 1985 991 2011 tam
1040 1976 1153 2026 densa
1206 1979 1346 2016 omnia.
1416 1979 1509 2014 Hoc

854 2032 954 2083 denfi
1002 2033 1068 2070 vel
1110 2036 1225 2070 crebri
1267 2035 1510 2070 vocabulum

853 2091 1074 2138 frequentat
1092 2091 1135 2125 in
1146 2092 1274 2132 hisce;
1296 2091 1375 2126 vid.
1392 2095 1425 2139 ᾗ.
1443 2092 1509 2136 68.

855 2156 920 2190 73.
960 2158 1050 2183 102.
1091 2149 1181 2184 106.
1224 2148 1271 2183 cf.
1306 2159 1351 2188 2,
1385 2156 1432 2191 5,
1470 2155 1510 2193 8.

854 2204 916 2241 Sic
952 2214 988 2238 et
1012 2202 1145 2238 πυκνὲν
1182 2204 1231 2240 est
1260 2218 1319 2252 ap.
1339 2205 1509 2252 Dionys.

853 2260 945 2296 Vol.
969 2260 1152 2309 (Reisk.)
1181 2269 1215 2304 5.
1240 2275 1277 2309 p.
1299 2261 1393 2307 465.
1414 2268 1508 2305 470.

852 2318 949 2352 item
1019 2315 1336 2367 συγκεκροτημένη
1413 2314 1511 2359 λέξις

852 2388 889 2422 p.
916 2381 1008 2418 558.
1057 2377 1325 2422 Hermogenes
1347 2375 1393 2410 de
1416 2376 1509 2410 For-

852 2431 927 2465 mis
969 2444 1007 2479 p.
1048 2438 1141 2474 470.
1193 2431 1270 2472 ταῖς
1306 2427 1509 2477 πυκνότησι

850 2492 920 2522 τῶν
945 2488 1093 2522 ἐννοιῶν.

910 2544 1130 2594 quibusdam
1166 2545 1298 2580 nervi&
1358 2545 1507 2580 Eadem

854 2601 1107 2648 comparandi
1120 2602 1244 2636 forma
1267 2604 1300 2648 §-
1317 2608 1382 2645 82.
1394 2616 1510 2651 quan-

853 2660 984 2693 dam-
1024 2658 1142 2692 deam.
1177 2662 1210 2706 ᾗ.
1238 2665 1306 2703 81.
1344 2659 1510 2709 quodam

852 2714 1034 2763 Delphico
1058 2734 1106 2742 -·
1124 2715 1286 2752 oraculo.
