1779 3062
249 163 348 220 516
532 195 541 205 Ι
569 165 645 212 Μ.
682 165 817 210 FAss.
856 165 1272 226 QUINTILIANI

171 304 225 340 50
248 287 539 338 dicendum
563 287 708 338 effet:
728 285 1007 362 spiculum,
1033 291 1074 340 si
1090 292 1155 341 de
1179 293 1401 359 proelio.
1442 294 1592 343 Mul-

243 377 362 415 tum
402 368 547 415 enim
577 366 723 433 signa
752 366 975 426 faciunt,
1016 381 1066 418 et
1100 387 1163 417 ex
1196 371 1294 418 alia
1333 373 1588 421 memoria

241 445 394 492 venit
419 445 544 494 alia:
583 456 644 493 ut
667 461 787 494 cum
809 447 1085 496 translatus
1110 439 1347 498 annulus
1362 450 1448 496 vel
1471 450 1587 497 alli-

240 531 393 585 gatus
417 533 749 571 commoneat
771 539 887 580 nos,
910 541 1006 574 cur
1028 523 1086 571 id
1108 521 1402 579 fecerimus.
1444 530 1585 575 Haec

238 599 405 662 magis
445 599 620 648 adhuc
666 600 984 665 astringunt,
1033 602 1129 664 qui
1170 604 1485 650 memoriam
1518 603 1583 651 ab

241 675 424 739 aliquo
458 675 621 725 simili
653 676 971 726 transferunt
1007 678 1072 725 ad
1102 677 1186 734 id,
1239 678 1388 741 quod.
1416 680 1599 728 conti-¹

236 751 481 802 nendum
505 753 602 805 est:
647 766 707 806 ut
727 756 784 803 in
809 756 1137 812 nominibus,
1160 754 1200 803 si
1220 753 1417 804 Fabius
1441 755 1582 806 forte

233 828 300 880 sit
320 830 597 889 tenendus,
624 831 913 882 referamus
935 832 999 880 ad.
1018 833 1175 881 illum
1204 834 1582 892 Cunctatorem,

235 908 331 971 qui
355 907 594 957 excidere
617 927 728 958 non
750 910 948 975 potest:
991 922 1082 973 aut
1104 910 1169 958 acl
1194 912 1425 974 aliquem
1452 912 1582 958 ami-

236 1001 390 1042 cum,
432 987 528 1049 qui
551 986 695 1035 idem
728 999 960 1036 vocetur.
1016 987 1162 1051 quod
1186 987 1258 1036 est
1281 986 1493 1037 facilius
1521 990 1581 1037 in

231 1061 420 1128 Apris,
458 1073 508 1111 et
527 1065 585 1114 in
617 1059 786 1139 Ursis,
830 1076 880 1113 et
904 1067 1006 1115 Na
1037 1083 1143 1122 one,
1177 1076 1267 1114 aut
1292 1062 1494 1139 (ἲν-17170,
1517 1077 1582 1114 ut

231 1205 303 1252 qui
328 1206 405 1241 hoe
435 1217 597 1254 reponat
628 1220 702 1255 pro
730 1206 823 1247 illo,
854 1189 993 1255 parurn
1015 1208 1149 1244 critice
1178 1209 1302 1244 faeiat.
1362 1211 1498 1257 Itaque
1530 1210 1580 1244 sio

227 1263 356 1310 legam
382 1264 501 1298 verba
522 1264 667 1298 nostra:
703 1265 782 1300 Hoc
805 1266 901 1298 enim
922 1261 971 1312 est
993 1278 1037 1298 ex
1059 1275 1138 1301 arte
1162 1265 1249 1304 illa,
1282 1279 1355 1300 non
1378 1267 1507 1301 inutile
1528 1267 1579 1301 ad

230 1333 292 1355 eos
316 1321 378 1367 qui
408 1319 580 1354 excidunt
600 1318 727 1368 sensus
749 1320 917 1367 <repetit
941 1334 1037 1368 quae
1070 1321 1190 1356 modo
1223 1321 1396 1356 dixerat:
1424 1336 1498 1357 non
1527 1319 1579 1369 est

229 1377 361 1416 inutile
391 1378 444 1416 iis,
477 1391 569 1426 quae
601 1374 794 1426 difficilius
824 1377 1012 1418 haereant,
1039 1378 1186 1426 aliquas
1209 1392 1396 1423 apponere
1418 1382 1578 1426 notas)‚·

226 1446 411 1473 ancoram,
446 1443 486 1468 ut
510 1432 627 1482 supra
646 1433 836 1482 proposui,
861 1432 898 1482 si
923 1435 968 1468 de
991 1448 1083 1470 nave
1106 1435 1176 1471 dic.
1199 1433 1298 1484 effec,
1323 1434 1521 1484 spiculum,
1536 1434 1577 1485 si

225 1492 272 1530 de
290 1492 449 1540 proelio.
482 1491 529 1525 ad
551 1504 647 1538 quae
669 1491 714 1527 cf.
738 1491 769 1534 §-
794 1502 857 1527 20.

309 1568 374 1602 50.
408 1573 469 1593 cur
492 1559 541 1594 id.
574 1558 706 1595 Turio
737 1558 840 1594 Flor.
868 1559 995 1598 Guelf
1030 1574 1110 1594 curn
1132 1559 1197 1594 his.
1231 1560 1346 1596 Ta1·.v
1380 1573 1459 1594 cum
1489 1560 1577 1596 haec

221 1627 312 1650 cum
333 1616 438 1651 Voff
464 1625 499 1650 2.
533 1614 652 1650 Goth.
683 1628 761 1649 cum
787 1618 831 1650 iis
866 1617 963 1654 Jens.
1011 1617 1135 1651 Modo
1159 1617 1292 1651 Τ1111ο.
1314 1616 1418 1652 Flor.
1440 1617 1573 1666 Camp.

221 1683 463 1710 commoveat.
487 1671 604 1706 Goth.
626 1671 744 1719 paulo
768 1683 854 1706 ante
879 1683 913 1706 et
931 1671 1016 1721 sup1
1018 1688 1060 1713 α,
1090 1675 1186 1708 item
1207 1683 1244 1710 ec
1265 1687 1356 1708 cum.

336 1731 398 1778 qui
429 1730 652 1764 memoriam.
691 1729 753 1763 Sic
775 1729 908 1765 Turio.
931 1730 1034 1766 F·101
1057 1729 1185 1766 Guelf.
1226 1729 1387 1779 Reliqui
1407 1744 1501 1781 quae
1522 1743 1570 1767 m.

218 1785 344 1822 Modo
369 1782 717 1833 Camp.str1ngunt.
776 1779 780 1785 ⁸

307 1863 373 1897 31.
406 1863 442 1888 el:
465 1855 501 1887 in
533 1852 640 1900 Ursis.
673 1854 735 1889 Sic
758 1854 889 1889 Turio.
913 1854 1017 1890 Flor.
1039 1854 1166 1890 Guelf.
1192 1856 1324 1902 Camp.
1349 1867 1436 1890 cum
1450 1855 1570 1891 Goth.

215 1921 257 1946 et
277 1911 363 1947 edd.
383 1922 468 1946 ante
490 1910 640 1958 Gryph.
671 1910 831 1959 Reliqui
857 1912 1046 1946 omittunt
1069 1914 1116 1947 in.
1152 1912 1276 1947 Modo
1299 1911 1426 1947 Guelf.
1449 1914 1566 1947 conci-

217 1977 389 2004 tatorem.
432 1968 531 2002 Mox
552 1980 625 2017 pro
647 1970 797 2002 nomina
820 1970 944 2003 omnia
963 1969 1093 2004 Turio.
1120 1969 1222 2004 Flor.
1243 1968 1390 2008 Guelf.‚
1413 1969 1566 2017 priores

215 2024 298 2063 duo
322 2024 482 2074 quidem
509 2034 546 2061 et
570 2028 607 2060 in
634 2025 802 2062 omnibus
823 2036 943 2061 antea.
983 2026 1082 2060 Mox
1107 2027 1237 2074 Camp.
1259 2027 1337 2060 Aut
1357 2026 1395 2061 id
1421 2040 1526 2061 mem.

269 2158 336 2192 30.
366 2158 407 2184 ut
437 2163 515 2184 cum
537 2167 595 2178 --—·
617 2158 861 2186 commoneat.
978 2151 1016 2184 ίη
1027 2149 1148 2198 Apris,
1162 2158 1197 2183 et
1210 2150 1247 2182 in
1266 2147 1372 2196 Ursis.
1404 2151 1565 2185 Utrum-

212 2204 261 2242 cf,
286 2213 322 2249 5,
350 2218 411 2246 10,
439 2211 503 2251 44.
920 2220 995 2255 que
1017 2219 1236 2254 cognomen
1262 2206 1305 2240 in
1329 2205 1564 2253 quibusdam

271 2265 391 2310 magis
421 2282 474 2288 -
505 2259 714 2310 astringunt
740 2262 766 2298 1.
791 2262 860 2297 fir·
917 2263 1098 2310 gentibus
1123 2264 1346 2310 usurpatum
1370 2261 1427 2302 est,
1453 2262 1565 2299 velut

210 2319 338 2354 niiora
358 2319 540 2359 reddunt,
567 2319 613 2354 cf.
640 2329 674 2358 2,
700 2330 735 2359 2,
752 2327 785 2363 4.
811 2319 856 2354 ad
916 2321 1026 2368 prius
1068 2320 1108 2354 in
1145 2319 1278 2354 Flavia
1323 2319 1425 2367 apud
1459 2318 1560 2355 Plin.

211 2389 329 2423 quem
350 2376 459 2412 usum
481 2375 527 2413 cf.
542 2375 760 2424 exemplum
777 2376 854 2413 Cic.
917 2390 1000 2424 epp.
1026 2384 1048 2419 5
1062 2404 1071 2416 ,
1101 2391 1114 2410 1
1128 2383 1147 2419 4
1161 2403 1169 2415 ,
1195 2382 1229 2419 l}-
1260 2377 1303 2414 in
1324 2376 1434 2410 Arria
1456 2376 1561 2423 apud

209 2432 256 2467 ad
280 2436 357 2469 Att.
385 2445 445 2471 ιο,
468 2433 505 2468 6.
533 2445 728 2481 „pater—
744 2433 855 2481 quid-
913 2434 1126 2481 Vopiscum
1153 2433 1195 2470 in
1219 2433 1474 2471 Numeriano,
1506 2431 1559 2467 al-

207 2491 332 2538 „quid
356 2502 427 2538 ego
448 2486 614 2536 astrinxi,
645 2490 828 2526 relaxat.“
913 2500 1040 2525 terum
1062 2490 1243 2537 frequens
1272 2491 1313 2524 in
1340 2484 1567 2537 inscriptio-⁴

269 2549 368 2597 quod
393 2547 652 2586 concinendum
675 2545 724 2595 est
745 2548 772 2582 i.
795 2559 854 2582 re·
912 2547 1028 2582 nibus
1047 2547 1149 2594 apud
1168 2548 1378 2582 Gruterum
1407 2556 1443 2580 et
1467 2547 1556 2579 Mu-

208 2604 427 2645 tine'ndum,
459 2615 502 2643 ut
530 2617 590 2644 10,
618 2614 653 2646 7,
677 2611 737 2648 ¹8·
910 2604 1116 2639 ratorium.
1204 2603 1430 2638 Artificium
1478 2602 1555 2636 hoc

267 2671 334 2705 31.
363 2665 464 2715 quod
488 2657 536 2708 est
553 2659 718 2707 fac-ilius.
769 2662 851 2697 Ma·
910 2660 1201 2695 mnemonicum
1226 2661 1293 2706 qui
1306 2661 1408 2694 inter
1424 2672 1555 2694 recen·

204 2715 278 2754 lim
297 2719 376 2755 fere
398 2734 467 2768 quo
486 2732 515 2754 e.
534 2716 571 2766 f.
910 2726 965 2752 tes
988 2716 1123 2752 studiis
1142 2716 1403 2757 adhibuerint,
1424 2728 1555 2751 recen-
