1779 3062
260 142 352 198 156
578 140 653 184 M.
688 141 824 184 ΕΑΒ.
863 141 1283 201 QUINTILIANI

259 282 380 316 cum
402 275 546 313 tanto
569 265 724 329 plura
759 267 1000 331 exempla
1026 266 1161 315 bene
1195 265 1410 314 dicendi
1429 265 1612 332 super-

260 344 372 399 sint,
413 358 573 406 quam
592 342 698 390 illis
716 380 729 400 ‚
775 345 870 407 qui
890 343 1062 392 adhuc
1091 343 1285 391 summi
1307 341 1445 399 sunt,
1485 362 1612 392 con-

261 422 509 486 tigerunt.
590 420 731 468 Nam
757 422 855 468 erit
874 421 1001 468 haec
1026 436 1243 484 quoque
1266 420 1379 467 laus
1406 436 1613 478 eorum,

261 509 323 545 ut
337 498 543 561 priores
560 494 830 561 fflperaffe,
854 496 1086 561 posteros
1104 493 1334 544 docuiffe
1352 496 1610 545 dicantur.

379 576 464 621 ΙΙΙ.
545 575 609 620 Et
641 574 768 621 haec
800 574 1019 637 quidem
1055 573 1247 622 auxilia
1290 573 1612 623 extrinsecus

263 650 611 698 adhibentur:
674 652 732 698 in
770 653 834 699 iis
870 661 1068 707 autem,
1126 665 1261 713 quae
1307 649 1462 698 nobis
1490 649 1614 714 ipfis

260 727 493 793 paranda
530 725 668 784 sunt,
708 738 769 775 ut
797 728 1017 783 laboris,
1069 725 1136 774 fic
1175 726 1418 774 utilitatis
1455 728 1616 774 etiam

262 805 423 868 longe
444 805 743 869 plurimum
768 801 916 851 affert
953 803 1114 852 stilus.
1196 804 1313 850 Nec
1345 804 1615 854 immerito

262 884 338 930 M.
364 882 580 929 Tullius
605 881 750 929 hunc
778 884 1021 945 optimum
1046 875 1344 952 effkctorem
1365 898 1427 928 ac
1447 883 1618 949 magi-

261 954 430 1025 strum
464 959 661 1005 dicendi
691 960 936 1020 vocavit„
997 959 1102 1007 Cui
1135 955 1420 1004 sententiae
1434 956 1618 1023 perlo-

262 1052 385 1082 nam
408 1038 466 1083 L.
491 1034 644 1083 Crassi
667 1037 725 1083 in
747 1035 1216 1100 disputationibus,
1256 1051 1391 1099 quae
1413 1033 1532 1083 sunt
1551 1033 1619 1082 de

263 1168 396 1203 Turio.
431 1167 534 1202 flor.
569 1167 700 1215 Camp.
733 1167 895 1215 Reliqui
936 1167 1147 1216 oportebat.
1399 1181 1476 1200 cum
1500 1165 1618 1204 tan'to.

264 1225 396 1259 Turio.
427 1226 464 1268 (a
487 1225 553 1258 sec.
586 1227 656 1265 m.)
682 1225 874 1258 imitando.
909 1225 1040 1272 Camp.
1077 1224 1256 1258 imitando
1280 1238 1359 1258 cum
1384 1231 1502 1258 tanto.

350 1280 470 1327 plura.
503 1279 641 1313 Turic,
668 1279 771 1314 Flos.
807 1280 888 1320 (hic
922 1294 941 1313 a
971 1293 1030 1326 pr.
1062 1282 1136 1327 m.)
1166 1281 1298 1327 Camp.
1327 1280 1497 1327 plurima.
1531 1277 1620 1314 Gal-

248 1335 390 1379 ‚laeus,
423 1336 592 1369 nimium
630 1336 699 1370 fibi
728 1336 902 1376 sumens,
938 1335 1067 1370 suadet
1098 1350 1125 1370 c.
1152 1346 1177 1371 t.
1211 1338 1388 1379 pauciora
1421 1350 1449 1370 e.
1475 1334 1508 1371 b.
1534 1333 1624 1384 d·fi

264 1401 406 1440 quanto
439 1392 547 1439 plura
581 1392 653 1425 illis
685 1394 747 1441 qui
785 1404 856 1427 cet.
1075 1391 1273 1442 supersint.
1317 1392 1445 1429 Guelf.
1487 1393 1622 1441 Camp.

256 1447 457 1496 supersunt
498 1461 585 1483 cum
615 1449 732 1482 Goth.
766 1459 802 1483 et
833 1449 917 1483 edd.
952 1458 1037 1482 ante
1065 1449 1216 1496 Gryph.
1273 1449 1348 1484 Sed
1378 1448 1510 1484 Turic.
1551 1462 1625 1496 qua

257 1503 382 1553 super.
415 1503 519 1541 Flor,
552 1506 590 1547 (a
616 1517 673 1551 pr.
696 1505 768 1549 m.)
797 1507 883 1552 quia
898 1503 1021 1552 super.
1255 1507 1500 1553 contigerunt.
1522 1505 1624 1543 Jens.

267 1562 361 1604 (ei-r.
387 1560 518 1604 Gesn.)
550 1562 749 1607 contigerit
782 1574 869 1595 cum
904 1561 990 1596 edd.
1021 1560 1180 1609 posterr-
1211 1572 1296 1597 ante
1315 1561 1404 1597 Ald.
1435 1562 1506 1609 qui
1539 1574 1625 1596 con-

268 1618 443 1663 tigerant.
680 1614 854 1663 posteros.
886 1617 990 1651 flor.
1022 1620 1058 1659 (a
1078 1630 1136 1664 pr.
1160 1619 1295 1662 manu)
1325 1627 1485 1664 poteras.

360 1685 392 1707 ι.
429 1673 561 1707 Turic.
584 1673 694 1707 inser.
720 1673 782 1707 dat
803 1674 986 1720 quomodo
998 1671 1185 1720 scribendi
1196 1672 1263 1723 fic,
1295 1688 1314 1708 a
1333 1674 1402 1708 sec.
1424 1687 1543 1709 manu
1563 1675 1629 1723 qui

269 1728 398 1763 modus
425 1727 683 1778 scribendifit‚
718 1739 754 1763 et
783 1731 831 1763 fic
864 1730 981 1764 Goth.
1018 1742 1105 1763 cum
1140 1731 1225 1764 edd.
1257 1741 1342 1765 ante
1374 1732 1496 1765 Stoer.
1525 1731 1627 1782 Quo-

270 1785 380 1819 modo
406 1783 638 1833 scribendum
665 1784 719 1834 fit
765 1785 890 1821 Guelf.
925 1799 1014 1820 eum
1047 1785 1132 1819 edd.
1165 1786 1248 1822 rell.
1284 1798 1368 1821 ante
1404 1787 1513 1822 Gesn.
1543 1800 1627 1822 exc.

271 1840 368 1875 Obr.
406 1840 524 1876 Nihil
551 1842 815 1890 inscriptionis
846 1843 886 1876 in
917 1841 1021 1877 Flor.
1055 1843 1187 1891 Camp.
1430 1842 1497 1877 Et.
1527 1843 1627 1881 Jens.

270 1896 347 1931 hoc
379 1897 528 1945 ipsum,
580 1911 627 1933 ex
661 1911 737 1946 quo
768 1900 820 1932 Λε
855 1899 976 1933 „refert
1007 1898 1115 1933 Gesn.
1168 1899 1243 1934 Sed
1287 1898 1436 1935 fortasse
1472 1900 1516 1935 in
1542 1899 1626 1946 ejus

273 1953 453 2001 exemplo
487 1955 522 1990 A
548 1956 755 2002 repofitum
787 1965 867 1989 erat
894 1969 912 1988 a
932 1955 1154 1995 miniatore,
1188 1956 1322 1991 omiffa
1341 1957 1445 1990 enim
1467 1970 1486 1990 a
1511 1967 1626 2004 typo-

274 2009 379 2059 theta
400 2010 524 2057 prima
547 2010 675 2045 littera
694 2012 735 2045 in
763 2013 859 2048 Jens.
883 2023 919 2046 et
941 2012 1054 2045 Tarv.
1087 2013 1138 2045 Ac
1163 2012 1280 2047 Goth.
1306 2011 1391 2047 Ald.
1415 2012 1527 2047 male.

364 2068 401 2099 in
428 2068 474 2101 iis
493 2076 629 2102 autem.
658 2068 790 2102 Tui-ie.
813 2067 916 2103 Flor.
949 2067 1033 2110 (hic
1054 2080 1073 2100 a
1090 2081 1148 2114 pr.
1173 2072 1243 2111 ln.)
1280 2068 1488 2110 omittunt,
1520 2067 1624 2107 Alm.

273 2122 426 2157 nonnisi
448 2125 486 2157 in
511 2124 717 2158 defiderare
741 2134 929 2158 namatus.
962 2122 1090 2158 Guelf.
1111 2123 1214 2159 Flor.
1241 2126 1263 2158 i.
1287 2125 1340 2158 his
1360 2138 1395 2159 a.

363 2180 550 2215 utilitatis.
588 2179 692 2214 Flos.
729 2183 767 2224 (a
789 2194 848 2228 pr.
873 2181 1010 2226 manu)
1041 2180 1193 2214 utilitas.
1230 2180 1348 2215 Goth.
1381 2183 1472 2225 (tac.
1498 2181 1628 2227 Gesn.)

275 2236 496 2283 transponit
517 2238 627 2271 etiam
661 2244 711 2270 ut.
926 2233 1049 2284 fiilus.
1081 2236 1214 2272 Turio.
1237 2234 1390 2284 sterilis.

362 2307 403 2326 ac
429 2307 526 2340 mag.
571 2291 689 2327 Goth.
729 2291 820 2336 (tac.
844 2293 974 2334 Gesn.)
1014 2301 1049 2326 et
1071 2306 1117 2326 m.
1371 2295 1532 2330 vocavit.
1565 2293 1630 2330 Sic

275 2349 410 2384 Turio.
442 2362 461 2383 a
494 2350 561 2383 sec.
591 2362 665 2388 m.,
728 2362 747 2382 a
783 2362 842 2397 pr.
883 2350 1034 2384 vocatii.
1096 2347 1257 2396 Reliqui
1284 2359 1405 2385 vocat.
1450 2361 1453 2364 *

362 2406 440 2441 Cui.
473 2405 604 2441 Turic.
637 2406 767 2453 Camp.
803 2407 914 2451 cujus.
1145 2406 1195 2440 L.
1222 2404 1350 2454 Craffi.
1383 2406 1516 2441 Turic.
1549 2415 1564 2441 t
1588 2407 1628 2442 C.

342 2518 375 2539 ι.
399 2503 522 2553 stilus.
552 2506 596 2541 cf.
623 2517 659 2550 7,
694 2520 727 2546 1,
760 2513 822 2553 54.
864 2509 928 2541 In·
986 2507 1109 2547 „cetia
1152 2507 1336 2542 sermonis
1366 2505 1502 2542 Plauto
1541 2512 1644 2542 con-'

280 2561 437 2597 ferioris
460 2562 620 2610 quidem
643 2564 773 2598 aetatis
795 2574 926 2599 aueto-
985 2564 1229 2611 ,‚—g]·uentis.“

279 2631 341 2652 :res
375 2631 455 2653 non
484 2631 643 2659 moror,
688 2619 800 2654 velut
831 2619 930 2657 Gell.

281 2674 334 2710 N.
366 2676 413 2712 A.
446 2683 492 2718 5,
528 2684 565 2718 3.
596 2672 708 2724 „stilo
742 2686 853 2724 atque
878 2677 931 2712 fa·
1046 2676 1112 2712 M.
1137 2676 1289 2713 Tullius.
1319 2677 1365 2712 de
1388 2675 1456 2712 Or.
1483 2687 1516 2718 ι,
1548 2684 1614 2720 55.
