1779 3062
254 166 357 224 460
577 166 653 212 M.
688 166 823 212 ΕΑΒ.
862 167 1277 228 QUINTILIANI

257 290 386 340 sime
419 289 733 363 postqlabit,
784 292 843 340 in
884 293 969 342 his
1012 291 1289 351 duntaxat,
1358 293 1422 366 Q.
1466 297 1598 346 enim

257 370 543 437 Ligarius,
565 387 692 417 eum
721 364 848 442 effeh
877 372 928 417 in
957 367 1160 440 Africa
1195 369 1338 430 nulla
1365 370 1483 432 belli
1498 367 1597 444 su-

244 441 444 517 spicio,
495 456 570 503 et,
620 446 693 495 ..A
737 446 998 496 Cluentius
1042 444 1271 496 Habitus
1311 459 1466 511 pater
1504 448 1598 496 ltu-

249 522 415 588 jusce
494 523 660 572 Aliud
689 525 748 571 in
781 523 961 572 eadem
993 522 1208 590 poscent
1230 521 1472 582 affectuS‚
1509 526 1599 583 vel

254 600 527 658 concitati,
568 598 966 669 IVubic--genero
986 598 1202 672 [σει-ης,-
1229 602 1331 649 'vel
1373 599 1601 659 flebiles„

258 672 607 744 Constituicur
648 679 698 725 in
736 675 871 747 foro
914 679 1209 726 Laodiceae
1238 672 1599 748 spectaculum
1642 731 1645 734 ‚

251 750 501 811 acerbum
551 763 602 802 ec
622 752 882 826 vmiserum
917 758 1026 803 ⁴loli
1066 749 1594 825 Afiaeprovz‘nciae,

181 831 494 887 163Maxi1ne
515 832 660 887 varia
682 841 741 892 et.
756 832 1035 897 multiplex
1058 832 1193 881 actio
1231 830 1305 879 est
1328 831 1601 900 probatio-

253 925 404 957 num.
483 909 625 957 Nam
665 918 716 956 et
756 925 1083 974 proponere,
1123 909 1334 975 partiri,
1363 910 1602 966 inter-roe

252 1002 402 1050 gare,
441 983 675 1036 sermoni
699 983 819 1036 sunt
838 986 1107 1052 proxima,
1145 996 1198 1034 et
1224 984 1602 1036 contradictio-

173 1185 179 1194 “
250 1185 430 1220 acriorem
459 1181 592 1230 lepido
624 1195 767 1219 errore.
811 1182 974 1230 Reliqui
1013 1197 1056 1218 ac
1093 1192 1119 1219 t.
1162 1185 1385 1233 apertiorem
1424 1183 1470 1220 ab
1498 1184 1598 1224 Jenl'.

250 1240 356 1275 inde.
561 1239 607 1289 Q.
639 1234 748 1273 enim.
793 1239 855 1274 Sic
885 1239 1020 1274 Ambr.
1050 1248 1087 1275 2.
1130 1240 1301 1285 (fortass'e
1330 1246 1457 1276 tamen
1480 1239 1598 1289 pleno

250 1295 534 1344 praenomine)
578 1294 706 1331 Guelf.
738 1295 856 1331 Goth.
888 1296 987 1334 Jens.
1025 1296 1123 1342 (tac.
1158 1297 1297 1342 Gesn.)
1339 1299 1481 1345 Camp.
1509 1309 1601 1336 cum

250 1351 358 1389 Voff.
393 1363 428 1387 2.
464 1350 565 1389 Van.
596 1352 712 1388 Taw.
746 1352 792 1388 cf.
813 1352 958 1388 Ernest.
985 1352 1032 1387 ad
1056 1351 1133 1389 loc.
1163 1353 1242 1389 Cic.
1273 1352 1432 1402 Reliqui
1457 1353 1501 1416 Q.
1529 1354 1600 1412 igi-

252 1415 312 1443 tur
340 1418 376 1443 et
401 1408 637 1446 iecentiores
667 1406 787 1456 pleno
815 1409 1081 1457 piaenomine.
1122 1411 1195 1445 Sed
1220 1411 1352 1446 Turio.
1372 1406 1481 1445 Flor.
1504 1395 1629 1445 eizim

249 1465 506 1514 praenomine
537 1465 687 1501 omiss'o.
863 1468 900 1501 in
931 1465 1075 1512 Africa.
1107 1467 1170 1501 Sic
1194 1467 1327 1505 Tui-ic,
1345 1466 1448 1502 Flor.
1470 1464 1600 1502 Guelf-

252 1522 388 1570 Camp.
418 1533 508 1556 cum
541 1521 659 1556 Goth.
680 1522 786 1560 Voss'.
813 1537 847 1559 1.
875 1531 911 1558 2.
933 1521 1036 1557 Alm.
1067 1522 1164 1559 Jens.
1187 1524 1303 1559 Tarv.
1343 1525 1448 1558 Haec
1484 1521 1600 1557 omit·

246 1587 342 1613 'tunt
372 1578 468 1612 Loe.
502 1578 600 1615 Ven.
633 1579 743 1613 Rusc.
772 1578 933 1625 Reliqui
966 1578 1092 1614 adhuc.
1147 1580 1247 1615 Mox
1268 1578 1428 1628 'poscent
1463 1579 1596 1615 Turio.

250 1633 357 1669 Plor.
398 1633 534 1668 Ambr.
571 1643 606 1668 2.
663 1634 781 1669 Goth.
815 1634 914 1672 Jens.
968 1635 1063 1678 (tac.
1099 1645 1136 1670 et
1167 1648 1240 1671 err.
1277 1635 1419 1681 Gesn.)
1462 1636 1596 1683 Camp.

252 1702 344 1725 cum
366 1689 453 1725 edd.
480 1700 566 1725 ante
590 1690 739 1738 Gryph.
760 1689 925 1738 posceret
949 1690 1077 1726 Guelf.
1109 1691 1270 1739 Reliqui
1297 1690 1463 1740 poscunt.
1499 1692 1600 1726 Mox

242 1745 388 1793 flevilis
409 1747 542 1781 Turio.
566 1746 669 1781 Flor.
685 1745 879 1793 flexibiles
896 1745 1023 1781 Guelf.
1046 1746 1191 1794 flebilis
1212 1749 1344 1795 Camp.
1365 1748 1482 1783 Goth.
1495 1747 1594 1786 Jens.

251 1806 341 1846 (tac.
373 1802 500 1846 Gefn.)
530 1804 646 1839 Tarv.
679 1799 923 1850 constituatur
954 1802 1072 1839 Goth.
1102 1803 1200 1848 (tac.
1232 1805 1364 1848 Gesn.)
1395 1804 1598 1839 laeadiciae

249 1856 354 1893 Flor.
385 1858 574 1894 laodiciae
602 1859 734 1908 Camp.
778 1860 924 1895 laodice
946 1859 1066 1896 Goth.
1094 1860 1184 1905 (tac
1210 1861 1485 1909 Gesn.)'1'arv.
1513 1859 1598 1905 (hic

246 1927 319 1964 per
339 1915 438 1959 AB).
468 1916 633 1952 lodiceae
663 1916 762 1955 Jens.
791 1929 880 1952 cum
903 1916 988 1952 edd.
1009 1927 1095 1953 ante
1117 1917 1204 1953 Ald.
1302 1938 1305 1941 Δ

303 2083 350 2134 Q.
377 2084 473 2118 enim
492 2084 685 2131 Ligarius.
714 2087 789 2121 Pro
803 2086 893 2134 Lig.
954 2084 1048 2119 dum
1081 2085 1261 2121 effectum
1290 2085 1346 2126 sit,
1382 2085 1531 2133 accipio
1560 2093 1599 2120 et

246 2152 279 2177 e.
306 2154 341 2174 1.
366 2140 412 2175 A.
435 2140 515 2176 Clu.
538 2151 576 2175 et
589 2141 708 2176 Nubit
720 2155 791 2189 pro
807 2142 894 2178 Clu.
952 2140 1020 2176 hic
1042 2142 1369 2176 contradictionem
1390 2140 1597 2176 adversarii

249 2208 282 2233 c.
297 2204 335 2241 5.
352 2193 761 2245 ConstituiturinVerr.
781 2208 894 2243 1,5o.
952 2196 1227 2246 praesumtam3
1268 2197 1314 2232 cf.
1348 2206 1395 2241 5,
1427 2205 1499 2240 15,
1529 2197 1593 2240 46.

955 2254 1175 2301 Proponere,
1206 2256 1342 2301 partiri
1367 2254 1464 2303 quid
1495 2254 1595 2294 effet,

313 2309 405 2354 165.
466 2310 795 2346 contradictionem
830 2307 894 2357 su·
956 2309 1001 2345 de
1041 2310 1226 2346 industria
1268 2310 1447 2346 tractavit
1471 2309 1597 2345 noster

247 2380 357 2402 mere.
379 2367 475 2403 Non
495 2366 675 2415 equidem
698 2380 788 2402 eum
809 2367 895 2402 Ges·
953 2364 979 2401 l.
1013 2375 1049 2409 4.
1081 2379 1111 2401 c.
1147 2373 1182 2410 4.
1210 2374 1245 2410 5.
1305 2369 1350 2401 In
1378 2366 1441 2402 his
1471 2366 1598 2414 igitur

247 2436 345 2459 :nero
369 2422 536 2472 suturam
566 2424 895 2459 contradictionem
953 2422 1058 2458 nihil
1087 2422 1224 2460 elatius
1255 2423 1471 2459 sectandum
1510 2423 1596 2462 erit,

247 2480 487 2528 interpretor
535 2481 733 2526 repetitam
789 2493 894 2526 eam,
954 2480 1014 2515 sed
1029 2479 1141 2527 plane
1162 2480 1419 2528 loquendum.
1448 2481 1502 2514 Ut
1516 2492 1595 2514 ma-

248 2549 347 2584 quae
371 2536 416 2571 ab
439 2535 655 2572 adversario
678 2535 895 2584 fueritpro-
953 2548 1069 2584 gnam
1102 2549 1191 2571 cum
1212 2536 1491 2585 compositione
1515 2535 1596 2570 affi-

247 2591 337 2628 lata.
397 2593 545 2627 Sumere
562 2594 605 2627 in
626 2604 893 2641 argumentan-
954 2592 1115 2628 nitatem
1152 2593 1271 2628 habet
1304 2591 1593 2641 pronunciatio.

234 2648 301 2684 do
325 2662 412 2684 eum
443 2649 557 2684 toties
585 2649 632 2683 sit
651 2647 892 2697 praesumere,
955 2648 1013 2684 Cf.
1049 2650 1095 2685 ad
1124 2650 1218 2686 haec
1244 2649 1289 2684 de
1304 2647 1474 2698 sermone
1497 2659 1534 2696 9,
1558 2654 1593 2691 ᾧ,

250 2705 409 2741 statuere
431 2705 537 2755 quod
551 2705 788 2754 argumentis
796 2718 893 2742 non·
957 2713 1006 2749 13
1017 2718 1048 2741 1.
