1779 3062
245 137 344 204 696
555 142 632 189 M.
668 146 803 191 ΕΑΒ.
842 143 1264 206 QU1NT1L1AN1

243 266 435 317 studiis
474 268 852 334 impartimur?
932 271 1076 320 Alias
1115 270 1276 321 horas
1313 289 1482 326 vanus
1517 273 1593 325 sa-

243 344 454 394 lutandi
475 339 642 404 labor,
667 347 791 396 alias
814 345 997 396 datum
1027 345 1222 396 fabulis
1247 351 1435 409 otium,
1467 354 1593 403 alias

244 421 564 487 spectacula,
628 424 752 472 alias
789 425 1039 473 convivia
1080 425 1311 475 trahunt.
1408 428 1683 491 Adjicenn

244 507 547 564 totgenera
580 499 832 559 ludendi,
885 511 938 549 et
967 500 1201 551 insanam
1236 507 1474 571 corporis
1505 524 1597 555 cu-

242 593 355 625 ram
366 594 383 636 ;

462 576 632 625 trahat
670 576 1201 648 inde3peregrinatio,
1242 598 1384 641 rura,
1425 583 1598 633 calcu-

367 749 431 788 13.
484 744 671 791 partimur
701 743 835 778 Turio,
872 742 977 779 Flor.
1019 744 1137 780 Goth.
1173 744 1305 794 Camp.
1334 746 1469 781 Locat.
1499 747 1599 784 Ven.

183 765 190 776 ³
243 800 334 838 ΑΗ.
391 802 558 849 patimur
598 799 725 836 Guelf.
766 800 865 839 Jens.
906 801 1028 835 Tarv.

402 857 587 895 Nostrum
618 856 661 891 in
692 856 843 905 Gryph.
881 858 1053 906 primum
1082 858 1260 899 invenio,
1293 871 1419 907 neque
1449 858 1600 896 servare

244 858 343 894 Obr.

1091 803 1322 849 impertimur
1351 802 1444 837 Bad.
1481 802 1595 839 Bam.

244 914 399 954 dubito,
433 926 524 949 cum
552 928 577 950 a
605 913 651 948 rit
682 913 724 948 in
752 913 906 962 scriptis
937 913 1146 954 omnibus,
1181 926 1219 950 et
1249 914 1407 951 aliunde
1439 928 1599 964 quoque

241 981 336 1007 nota
366 972 506 1006 forma.

242 1167 408 1224 reliquis
438 1185 568 1210 autem
600 1173 849 1210 emendandis
871 1186 892 1208 a

240 1244 337 1268 vero
361 1232 554 1279 proxime,
574 1229 707 1277 judice
725 1243 800 1270 me,
827 1229 891 1266 ab·

243 1287 291 1323 est
326 1288 478 1323 Gesner.
512 1299 737 1335 proponens
763 1284 801 1334 si
836 1288 892 1321 uti

240 1344 336 1379 alias
351 1344 516 1380 velimus.
579 1347 623 1379 In
643 1356 718 1390 qua
737 1341 890 1378 ratione

240 1414 316 1436 una
337 1413 418 1436 vox
438 1401 535 1436 alias
556 1413 635 1435 non
655 1409 758 1434 recte
781 1398 890 1434 adhi-

237 1456 318 1493 bita
344 1457 515 1493 ridetur,
576 1458 703 1503 Quare
734 1466 798 1491 aut
821 1456 889 1490 ali-

239 1513 388 1562 quando
429 1511 639 1562 legendum
681 1523 747 1549 aut
775 1512 888 1563 plane

239 1569 450 1605 delendum
481 1571 578 1609 alia,
611 1569 718 1617 quod
750 1569 889 1604 eodem

240 1639 318 1674 quo
332 1627 447 1661 toties
460 1625 582 1661 modo
601 1625 817 1673 irrepserit:
843 1624 889 1660 cf.

238 1692 320 1718 not.
346 1683 431 1718 crit.
456 1682 502 1717 ad
527 1684 561 1728 ᾗ.
583 1690 620 1724 5.
650 1682 791 1729 Neque
812 1680 891 1716 hoc

239 1738 473 1786 „opiniones
493 1738 651 1785 legere“
676 1737 761 1771 adm
769 1736 908 1775 odum,

237 1794 374 1844 placet.
398 1796 526 1842 Quare
550 1806 624 1841 ope
646 1794 889 1842 optimorum

238 1850 353 1886 codd.
375 1850 478 1887 Flor.
507 1860 544 1885 et
566 1849 693 1886 Guelf.
726 1849 780 1884 ita
812 1849 891 1884 for-

239 1908 327 1943 taffe
340 1907 588 1944 scribendum
602 1920 611 1940 ι
647 1904 890 1955 Philosopho-

239 1978 318 2000 rum
375 1978 520 2014 quoque
569 1960 889 2011 consultorumque

239 2020 467 2070 opinionefi
487 2022 542 2056 uti
570 2020 738 2060 velimus,
767 2020 889 2066 legere

237 2075 475 2126 neceffarium
495 2075 558 2125 eft.
599 2077 707 2128 Quae
727 2086 798 2111 etc.
844 2078 889 2112 In

238 2133 321 2169 illis
343 2145 470 2169 autem
486 2133 699 2184 scd—nos
711 2132 887 2181 facimus,

237 2203 458 2240 pronomen
503 2203 574 2227 nos
604 2188 759 2226 sortiter
796 2201 889 2237 pro·

236 2247 529 2289 nunciandum3
591 2246 642 2282 est
674 2246 777 2281 enim
813 2257 888 2294 pro

236 2301 318 2352 ipsi.
376 2303 493 2340 Plane
513 2303 662 2340 nullam
694 2301 888 2337 rationem

235 2358 395 2396 haberet
417 2361 496 2397 hoc
515 2373 601 2399 nos,
615 2389 619 2395 .
632 2358 671 2396 ‚si
693 2371 776 2397 non
794 2372 888 2394 vera

236 2416 325 2452 effet
372 2417 415 2452 in
462 2415 887 2466 proximis.scriptura

236 2486 332 2522 quae
347 2492 401 2502 --
411 2472 614 2523 poffumus.

298 2537 362 2575 ²8·
422 2533 665 2581 impartimur.
721 2536 761 2566 ν’.
802 2540 883 2565 not.

241 2597 327 2621 ent.

288 2641 487 2691 salutandi
517 2645 639 2681 labor.
696 2643 802 2680 Nota
828 2656 889 2679 res

242 2698 292 2735 de
303 2698 598 2738 salutationibus
609 2703 892 2742 Romanorum,

626 971 749 1005 varius
780 970 915 1019 Camp.

243 1038 285 1063 uc
313 1027 445 1065 Turiae.
475 1025 580 1063 Flor.
610 1025 738 1063 Guelf.
775 1026 856 1072 (sed
886 1026 954 1065 hic
983 1040 1052 1077 per
1068 1028 1134 1072 ji).

1463 972 1603 1009 adiciet

1363 1028 1500 1073 trajam
1518 1043 1600 1077 per-

1027 969 1201 1020 salcandi
1232 971 1359 1009 Guelf.

952 1187 1048 1222 quae
1081 1183 1192 1210 mane
1228 1173 1378 1211 fiebant
1409 1175 1452 1211 in
1491 1176 1602 1211 atriis

949 1231 1233 1279 potentiorum.

1008 1288 1136 1321 datum
1160 1286 1306 1334 fabulis·
1338 1290 1461 1328 otium,
1492 1301 1602 1337 prae·

949 1343 1079 1379 sertim
1149 1355 1235 1378 ante
1294 1345 1603 1395 spectaculorum

948 1399 1205 1442 mentionem,
1235 1401 1282 1437 de
1307 1402 1457 1437 theatro
1483 1401 1601 1438 intel-

948 1455 1021 1505 ligi
1048 1458 1195 1505 nequit.
1227 1458 1382 1493 Referri
1405 1458 1527 1507 possit
1551 1458 1601 1494 ad

948 1514 1102 1549 inanem
1144 1513 1430 1564 nugalemque,
1473 1515 1600 1565 quali}

946 1568 1149 1616 hodieque
1202 1570 1331 1619 viget,
1374 1571 1601 1613 lectionem,

948 1625 1093 1661 collato
1127 1626 1210 1661 Cic.
1249 1626 1295 1662 de
1326 1628 1412 1663 Fin.
1444 1635 1489 1671 5,
1531 1640 1596 1676 19.

950 1681 1073 1732 Quid,
1115 1696 1194 1716 cum
1218 1680 1336 1729 fictas
1362 1681 1539 1731 [αἰπεῖα-τ,
1578 1698 1599 1720 e

949 1737 1078 1785 quibus
1111 1738 1256 1773 utilitas
1285 1740 1391 1775 nulla
1420 1741 1503 1775 duci
1533 1754 1602 1788 po-

949 1790 1027 1840 test,
1041 1808 1118 1829 cum
1131 1794 1323 1843 voluptate
1336 1796 1502 1843 legimus.
1525 1796 1602 1832 Sed

949 1849 1065 1885 unice
1097 1863 1189 1885 vera
1218 1851 1377 1888 videtur
1401 1853 1448 1888 de
1471 1852 1605 1900 confa-

949 1906 1205 1942 bulationibus
1222 1908 1505 1957 interpretatio,
1532 1911 1600 1944 Pe-

949 1975 1051 1999 tron.
1086 1973 1150 2011 39.
1192 1964 1278 1999 init.
1341 1966 1600 2014 Interpellavit

948 2028 1026 2055 tam
1047 2021 1169 2056 dulces
1182 2019 1335 2068 fabulas
1352 2022 1593 2058 Trimalchio.

946 2076 1048 2113 Plin.
1072 2079 1145 2125 Ep.
1165 2083 1204 2122 8,
1230 2084 1293 2122 ¹8·
1335 2078 1460 2115 Habes
1480 2078 1598 2127 fabu-

948 2133 1008 2169 las
1026 2134 1137 2170 urbis·

1007 2191 1142 2227 trahat.
1205 2190 1378 2237 Maiores
1405 2189 1503 2226 olim
1536 2190 1597 2227 di-

947 2245 1170 2283 stinctiones
1201 2257 1286 2282 ante
1317 2246 1396 2283 hoc
1428 2246 1598 2284 verbum

946 2314 984 2339 et
1014 2304 1098 2354 post
1127 2316 1267 2340 vocem
1305 2305 1447 2340 animus
1474 2317 1595 2354 pone·

943 2359 1097 2396 bantur.
1161 2361 1236 2396 Sed
1268 2361 1390 2396 trahat
1421 2362 1596 2410 protal‘in

944 2416 1169 2453 effeeorum
1202 2430 1297 2465 quae
1320 2417 1531 2465 sequuntur
1549 2420 1596 2453 ne

945 2486 987 2508 ea
1009 2474 1156 2524 quidem.
1178 2484 1248 2509 etc.
1292 2474 1504 2521 Gedoynus
1532 2488 1594 2510 re-

945 2540 1015 2567 ete.
1044 2531 1200 2578 opinor,
1231 2530 1348 2566 vidit.
1397 2531 1596 2579 Equidem

946 2586 1242 2635 praecedentem
1281 2599 1438 2635 quoque
1471 2587 1595 2636 impe·

947 2642 1115 2678 rativum
1139 2643 1265 2679 eidem
1284 2643 1425 2691 protasi
1444 2643 1596 2680 inclusi.

976 2725 979 2729 ,
1005 2707 1104 2738 rura.
1143 2700 1322 2751 Negabat
1349 2701 1611 2751 Burmannus⁴
