1779 3062
403 134 568 181 INST.
609 135 892 182 ORATOR.
927 139 1050 185 LIB.
1087 139 1160 194 X,
1192 150 1236 195 7.
1399 148 1500 198 197

138 264 204 315 sit
225 281 281 313 ac
302 261 682 321 secundum,et
703 261 956 331 deinceps
976 281 988 313 :
1021 283 1156 330 quae
1174 265 1247 314 ita
1265 263 1388 314 sunt
1406 280 1500 314 na·
1554 285 1559 293 ·

137 354 258 392 tura
294 342 572 407 copulata,
637 350 699 389 ut
735 342 933 389 mutari
965 353 1056 391 aut
1085 343 1357 391 intervelli
1385 340 1498 390 sine

139 417 457 469 confusione
489 436 603 467 non
624 414 824 483 pollint.
905 421 1162 488 Quisquis
1196 430 1376 468 autem
1409 420 1498 469 via
1520 425 1544 464 6

139 496 296 554 dicet,
335 495 566 546 ducetur
606 505 726 543 ante
763 497 945 543 omnia
984 513 1165 545 rerum
1199 496 1309 562 ipsa
1347 496 1498 556 ferie,

139 575 292 624 velut
337 573 503 623 duce:
575 582 796 639 propter
848 573 1000 637 quod
1047 574 1294 623 homines
1339 575 1499 623 etiam

138 651 351 702 modice
422 651 716 708 exercitati,
797 648 1054 699 facillime
1129 661 1372 699 tenorem
1439 653 1499 701 in

133 728 529 779 narrationibus
552 726 775 776 servant.
855 728 1086 787 Deinde,
1126 727 1259 793 quid
1279 745 1499 794 quoque

133 807 257 856 loco
284 817 554 871 quaerant,
597 804 776 864 scient,
816 822 916 853 nec
955 804 1500 873 circumspectabunt;

133 902 234 934 nec
284 880 634 932 offerentibus
673 882 726 931 se
769 882 988 932 aliunde
1036 882 1274 933 sensibus
1320 885 1501 933 turba-

131 962 365 1019 buntur,
427 978 526 1010 nec
579 959 915 1010 confundent
973 979 1037 1009 ex
1104 960 1327 1011 diversis
1385 978 1502 1011 ora-

134 1041 372 1097 tionem,
450 1039 603 1088 velut
681 1037 927 1090 salientes
991 1040 1101 1089 huc
1162 1040 1323 1098 illuc,
1398 1056 1498 1088 nec

133 1173 268 1210 Turio.
306 1172 413 1210 Flor.
458 1173 621 1223 Reliqui
661 1172 871 1225 q.—sunt·.
1100 1172 1158 1223 sit
1188 1187 1231 1209 ac
1251 1172 1326 1223 sec.
1361 1174 1497 1210 Turic.

125 1230 198 1280 sed
230 1232 280 1266 ad
302 1229 363 1278 s.‚
411 1245 431 1266 a
460 1231 529 1267 sec.
566 1245 619 1266 m.
651 1231 826 1267 nostrum
861 1243 950 1266 cum
983 1230 1090 1268 Voff.
1128 1246 1162 1266 1.
1196 1241 1231 1275 5.
1284 1232 1358 1266 Sed
1391 1231 1497 1267 Flor.

126 1287 165 1337 si
186 1288 307 1337 “ds-³
341 1302 359 1322 a
381 1288 451 1323 sec.
472 1300 525 1323 m.
556 1287 611 1336 sit
630 1286 769 1337 quids.
814 1298 850 1323 et
880 1288 930 1322 fic
957 1287 1106 1336 reliqui
1140 1301 1221 1324 exc.
1258 1287 1387 1324 Guelf.
1407 1302 1410 1305 ·
1427 1288 1499 1337 qui

125 1343 160 1395 s.
185 1343 343 1395 atques.
386 1356 423 1380 et
444 1346 577 1394 Camp.
612 1346 682 1392 qui
712 1344 745 1393 s.
768 1345 929 1394 quidque
948 1343 984 1394 J.
1247 1354 1283 1380 et
1312 1345 1494 1394 deinceps.

134 1402 199 1437 Sic
231 1402 366 1437 Turic.
408 1401 515 1440 Flor.
554 1401 717 1450 Reliqui
756 1416 799 1436 ac
820 1401 857 1436 d.
1094 1400 1325 1451 confusione.
1367 1401 1496 1439 Guelf-

133 1457 369 1509 confeffione.
411 1459 458 1493 cf.
488 1463 526 1504 4,
560 1468 597 1499 2,
631 1464 697 1502 47.

223 1516 260 1551 6.
305 1517 371 1551 via
400 1516 509 1555 dicet,
539 1515 700 1551 ducetur.
758 1515 820 1550 Sic
852 1513 958 1550 Flor.
993 1517 1033 1550 υἱ
1060 1515 1185 1550 adicec
1213 1516 1320 1551 ducet
1348 1517 1500 1552 ducetur

133 1573 266 1608 Turio.
313 1574 352 1608 vi
382 1573 522 1607 adiciet
555 1573 591 1608 d.
637 1586 655 1606 a
685 1572 754 1607 fec.
787 1585 839 1607 m.
889 1572 1050 1607 adducet
1082 1573 1116 1608 d.
1159 1572 1288 1608 Guelf.
1328 1576 1501 1624 vicemque

131 1629 248 1679 discet
274 1629 309 1665 d.
345 1630 478 1678 Camp.
521 1631 623 1664 viam
654 1628 766 1678 d'swss
798 1629 835 1665 cl.
885 1629 1007 1664 Goth.
1045 1630 1152 1667 Voss.
1182 1638 1218 1667 2.
1259 1630 1360 1668 Vall.
1402 1631 1499 1668 Bad.

131 1685 245 1724 Basil.
275 1688 376 1722 viam
399 1687 506 1722 ducet
528 1687 564 1722 d.
610 1687 714 1724 Voff.
739 1695 776 1729 5.
816 1687 878 1722 via
900 1687 1051 1721 ducetur
1079 1687 1114 1722 d.
1157 1688 1257 1725 Jens.
1296 1696 1385 1724 cum
1409 1688 1496 1725 edd.

131 1744 293 1795 posterr.
325 1754 411 1779 ante
441 1742 529 1778 Ald.
552 1742 646 1788 (err.
669 1745 837 1786 Burm.).
870 1743 1033 1791 Reliqui
1062 1745 1164 1778 viam
1195 1759 1267 1793 qua
1288 1746 1499 1794 ingredien-

132 1804 221 1837 dum
244 1800 298 1850 sit
331 1799 446 1849 discet
478 1801 514 1836 d.
547 1799 653 1848 quod
690 1800 732 1835 in
763 1800 909 1848 quibus
939 1799 1228 1848 exemplaribus
1256 1802 1289 1836 is
1322 1803 1392 1851 qui
1421 1803 1500 1838 hoc

133 1859 292 1895 testatur
322 1857 470 1904 Regius
500 1856 720 1898 invenerit,
756 1856 941 1904 equidem
970 1870 1051 1891 non
1089 1859 1269 1906 reperio,
1310 1870 1354 1895 ut
1378 1860 1499 1908 ipsius

132 1915 295 1964 gloffam
329 1924 478 1963 putem.
722 1912 1081 1962 circumspectabunt.
1114 1915 1248 1954 Turio.
1282 1915 1387 1952 Flor.
1420 1931 1499 1952 rum

126 1971 188 2022 sp.
236 1971 310 2007 Ille
332 1985 351 2005 a
372 1972 440 2005 sec.
461 1983 514 2005 m.
548 1971 680 2004 iterum
691 1969 739 2019 s.‚
770 1969 838 2008 hio
857 1971 1045 2006 nostrum.
1272 1972 1503 2021 confundent

134 2043 191 2065 ex.
236 2029 368 2064 Turio.
410 2026 514 2063 Flor.
554 2026 729 2062 inserunt
761 2025 845 2076 sed.
1099 2029 1202 2065 velut
1222 2029 1403 2079 salientes
1434 2030 1503 2065 huc

134 2087 234 2124 illuc.
266 2085 401 2121 Turio.
433 2083 540 2120 Flor.
570 2084 673 2119 valet
695 2082 924 2133 salientibus
963 2083 1021 2119 hic
1052 2085 1170 2127 illud,
1201 2086 1269 2123 ille
1298 2101 1318 2122 a
1346 2087 1417 2123 see.
1443 2100 1497 2125 m,

194 2197 230 2234 5.
283 2190 421 2224 mutari
480 2195 547 2222 aut
592 2187 791 2224 intervelli.
847 2187 1040 2224 referebat
1067 2187 1135 2225 hic
1163 2189 1387 2226 breviorem
1414 2191 1503 2235 esse.

133 2248 222 2290 ,‚Cf.
253 2257 314 2287 12,
349 2258 385 2294 9,
418 2249 510 2290 17.“
540 2244 742 2281 Gesnerus.
847 2245 958 2280 utin
979 2258 1020 2281 re
1050 2248 1171 2283 modo
1195 2246 1405 2295 diligenter
1439 2261 1506 2285 ex-

844 2301 1011 2351 plicata,
1059 2305 1158 2353 quid
1186 2304 1277 2340 effet
1313 2305 1504 2347 „dicendi

135 2383 139 2386 ·
195 2361 230 2396 6.
262 2361 327 2396 via
349 2359 446 2395 dicet
472 2359 499 2393 i.
521 2371 552 2394 e.
586 2358 723 2394 ordine
751 2369 790 2394 et
844 2361 977 2401 ,‚v1’a.“
1202 2359 1205 2360 ⁷

134 2418 286 2455 ratione
307 2427 438 2452 utetur
458 2416 501 2450 in
526 2416 706 2452 dicendo.
739 2416 788 2453 cf.
904 2425 992 2453 ante
1026 2420 1154 2453 omnia
1173 2438 1226 2446 —
1248 2420 1404 2456 Deinde.
1451 2420 1500 2459 ef.

137 2487 174 2516 2,
204 2483 265 2517 27,
301 2480 366 2517 41.
400 2478 435 2516 4,
461 2479 497 2515 5,
528 2481 566 2516 5.
600 2483 637 2516 7,
668 2485 728 2513 10,
751 2480 788 2516 5.
850 2480 887 2518 5,
907 2472 1207 2517 13,6.Insolens
1230 2486 1370 2518 tamen,
1393 2478 1501 2527 quod

138 2543 178 2574 7,
192 2543 227 2571 2,
247 2530 310 2574 56.
333 2529 416 2565 Cic.
433 2528 541 2565 Orat.
567 2539 632 2573 55.
657 2530 789 2565 initio.
848 2529 931 2581 post
979 2532 1140 2579 quisquis
1199 2534 1366 2570 secundo
1411 2534 1502 2572 loco

138 2590 370 2636 Quanquam
394 2585 507 2621 nullo
535 2586 679 2622 horum
703 2587 792 2634 qui·
849 2586 1043 2638 pluralem
1073 2589 1254 2639 usurpat3
1286 2591 1349 2627 sed
1367 2591 1501 2630 ‘inter-

138 2646 228 2680 dem
268 2644 448 2679 locorum
492 2643 588 2679 adeo
626 2645 792 2693 praecise
850 2654 1040 2680 venerant
1091 2646 1154 2681 isti
1205 2647 1393 2690 homines,
1454 2651 1500 2687 ad

138 2703 344 2752 usurpatur
374 2699 470 2738 haec
493 2699 659 2736 locutio.
718 2701 794 2739 Sed
851 2713 954 2751 quos
979 2700 1140 2741 deflexit
1161 2705 1303 2743 oratio,
