1779 3062
151 584 199 624 24

218 150 317 201 493
539 139 613 184 Μ.
647 139 782 183 FAB.
817 137 1238 202 QUINTILIANI

223 266 458 329 aliquem
480 265 684 312 malum
709 263 909 319 virum,
942 260 1147 311 summe
1170 262 1452 312 disertum:
1482 263 1566 311 ni-

215 343 341 394 hilo
363 351 540 389 tamen
561 341 739 388 minus
763 350 1025 388 oratorem
1048 356 1172 388 eum
1186 340 1404 405 negabo.
1422 341 1564 388 Nam

225 436 325 468 nec
350 419 627 474 omnibus,
670 419 766 481 qui
786 415 988 465 fuerint
1009 418 1420 482 manupromti,
1458 416 1567 465 viri

227 496 381 546 fortis
419 512 546 544 nom
556 512 622 542 en
660 491 1018 550 concesserim,
1058 494 1182 557 quia
1220 492 1332 541 [ine
1367 495 1567 542 virtute

231 573 461 636 intelligi
483 589 593 620 11011
618 569 782 636 potest
800 569 1076 619 fortitudo.
1159 572 1237 618 An
1272 571 1345 626 ei,
1382 570 1480 633 qui
1502 569 1570 617 ad.

231 649 594 699 defendendas
630 647 800 696 causas
833 647 1146 703 advocatur,
1187 664 1300 694 non
1329 644 1401 693 est
1432 663 1570 711 opus

231 726 367 783 fide,
409 743 567 791 quam
592 742 687 773 nec
714 724 971 789 cupiditas
995 732 1314 787 corrumpat,
1339 738 1438 771 nec
1457 739 1572 788 gra-

234 807 303 853 tia
328 814 551 860 avertat,
588 819 686 850 nec
715 812 885 850 metus
912 800 1149 865 frangat?
1216 798 1307 847 sed
1327 798 1572 867 prodito-

232 899 371 938 rem,
431 877 753 943 transfugam
770 917 784 935 ,
837 879 1309 943 praevaricatorem
1352 875 1574 926 donabi-

232 975 357 1007 mus
377 958 599 1006 oratoris
619 957 716 1004 illo
738 954 879 1007 sacro
907 956 1160 1004 nomine?
1202 953 1362 1022 Quod.
1390 952 1433 1002 fi
1462 969 1574 1001 me-

234 1035 508 1084 diocribus
529 1035 684 1081 etiam
707 1033 946 1098 patronis
972 1032 1224 1080 convenit
1249 1031 1403 1089 haec,
1440 1045 1574 1096 quae

233 1113 402 1176 vulgo
438 1110 661 1166 dicitur,
713 1107 939 1158 bonitas:
990 1126 1086 1156 cur
1114 1125 1226 1157 non
1249 1119 1425 1157 orator
1454 1108 1574 1164 ille,

236 1190 333 1254 qui
354 1186 599 1236 nondum
623 1184 753 1242 fuit,
791 1184 881 1232 [ed
901 1184 1069 1249 potest
1090 1183 1211 1242 effe,
1252 1196 1357 1233 tam
1375 1184 1439 1233 fit
1457 1200 1575 1234 mo-

237 1266 404 1321 ribus,
434 1279 595 1326 quam
615 1261 830 1309 dicendi
852 1263 1049 1310 virtute
1071 1260 1370 1326 perfectus?
1444 1263 1577 1310 Non

236 1343 380 1389 enim
403 1337 667 1387 forensem
691 1337 957 1401 quandam
988 1338 1316 1387 instituimus
1345 1354 1578 1407 operam,

224 1436 334 1468 ,1160
357 1416 734 1465 mercenariam
753 1433 956 1472 vocem,
996 1433 1108 1473 1160,
1148 1426 1208 1465 ut
1229 1414 1580 1481 asperioribus

236 1496 416 1543 verbis
439 1509 728 1560 parcamus,
745 1510 856 1540 11011
887 1493 1135 1541 inutilem
1158 1492 1278 1541 sane
1298 1494 1475 1542 litium
1491 1489 1579 1539 ad-

237 1582 504 1628 vocatum,
524 1585 684 1634 quem
705 1569 937 1634 denique
960 1565 1267 1641 causidicum
1292 1571 1459 1636 vulgo
1483 1585 1581 1618 vo·-

241 1748 578 1795 nilu'lo--negabo
599 1761 676 1782 om.
699 1747 826 1783 Guelf.
850 1762 931 1782 eum
956 1760 1034 1782 0111.
1065 1744 1198 1793 Camp.
1481 1747 1580 1782 Nam

244 1820 321 1842 0111.
352 1806 483 1840 Turic.
505 1803 609 1838 Flor.
631 1817 718 1837 cum
741 1803 841 1838 Alm.
871 1814 907 1838 et
926 1803 1057 1839 Turio.
1082 1802 1242 1849 quidem
1262 1803 1369 1851 apice
1395 1802 1580 1852 imposito

242 1864 335 1899 voci
368 1875 451 1902 nec,
492 1874 565 1909 pro
596 1873 669 1907 qua
698 1859 817 1895 Goth.
852 1861 940 1904 (tac.
972 1860 1102 1903 Gesn.)
1136 1860 1268 1908 Camp.
1301 1873 1436 1907 neque,
1487 1858 1582 1896 [icut

241 1932 338 1954 mox
358 1928 443 1952 ante
465 1918 651 1966 cupiditas
681 1917 773 1951 dant
799 1930 913 1963 neque
940 1916 1072 1952 Turio.
1098 1915 1201 1951 flor.
1224 1915 1357 1952 Ambr.
1381 1924 1418 1953 2.
1450 1915 1580 1952 Guelf.

244 1976 365 2011 Goth.
398 1975 488 2018 (tac.
514 1973 645 2016 Gesn.)
669 1973 802 2021 Camp.
827 1973 873 2007 cf.
897 1983 933 2017 3,
959 1984 995 2019 9,
1020 1980 1054 2015 5.
1080 1982 1117 2006 et
1137 1985 1231 2007 mox
1250 1972 1281 2016 ᾖ.
1308 1980 1372 2015 25.

332 2038 395 2074 24.
432 2030 636 2065 advocator
657 2029 791 2065 Ambr.
817 2040 852 2064 2.
885 2032 1011 2076 gratia
1030 2038 1152 2063 vertat
1174 2029 1422 2065 Turic.Flor.
1443 2029 1575 2079 Camp.

246 2102 335 2124 cum
366 2086 468 2122 Alm.
502 2085 816 2133 transfugatorem
840 2085 972 2134 Camp.
996 2084 1065 2134 effe
1078 2084 1262 2133 sitamsit
1283 2085 1409 2122 Guelf.
1429 2088 1580 2132 majori·

245 2147 308 2180 bus
329 2158 437 2195 quam
458 2142 562 2178 Flor-

331 2209 395 2244 25.
429 2199 609 2248 quendam
635 2198 762 2236 Guelf.
787 2200 947 2247 quadam
967 2199 1099 2233 Turio.
1122 2200 1348 2233 mercenaria
1373 2198 1500 2235 Guelf.
1522 2214 1581 2235 ne·

246 2272 312 2305 que
333 2266 372 2291 ut
392 2256 524 2291 Turic-
555 2255 690 2290 Ambr.
726 2266 760 2290 2.
796 2255 924 2292 Guelf.
958 2256 1090 2304 Camp.
1123 2253 1207 2298 (hic
1241 2265 1277 2290 et
1308 2269 1422 2303 neque
1443 2257 1582 2299 merc.)-

244 2313 407 2365 asperius
427 2312 545 2348 verbis
570 2311 703 2347 Turio.
726 2310 831 2348 flor.
1113 2325 1189 2346 non
1221 2312 1331 2346 utiles
1362 2326 1411 2347 an
1441 2312 1583 2348 elicium

301 2467 366 2504 25.
416 2468 456 2494 ut
482 2456 886 2506 asperIOribus—par-
998 2472 1073 2494 non
1102 2459 1579 2505 inutilem—advocatum.

244 2530 374 2553 camus.
435 2515 642 2555 Rabulam,
703 2525 746 2549 ut
781 2525 884 2549 recte
941 2514 1032 2550 vide
1064 2526 1144 2550 not.
1175 2516 1258 2551 crit.

241 2583 376 2608 monet
397 2571 542 2606 Pseudo
556 2571 799 2610 -Tunmbus,
827 2571 883 2604 di·
998 2574 1229 2621 causidicum.
1260 2574 1317 2607 Ita
1338 2571 1491 2608 nonnifi
1510 2584 1580 2620 per

243 2640 374 2665 cturus
396 2639 486 2664 erat.
516 2626 609 2662 vide
629 2627 729 2663 infra
753 2637 812 2667 12,
842 2638 881 2674 9,
939 2639 1181 2664 contemtum
1238 2628 1434 2663 nominari
1489 2640 1579 2668 eos,

245 2695 307 2720 12.
937 2696 1036 2732 quos
1056 2686 1211 2734 patroni
1232 2686 1403 2726 nomine,
1432 2684 1578 2720 nodum
