1779 3062
255 175 351 223 513
534 186 537 190 ν
567 163 642 210 Μ.
680 162 816 208 FAB.
855 161 1272 223 QUINTILIANI

255 292 402 348 dicit,
449 287 635 338 similis
666 288 879 353 legenti.
957 291 1065 341 Jam
1091 305 1222 336 vero
1239 285 1295 335 ,11
1318 287 1481 335 litura
1510 297 1601 335 aut

258 368 481 429 adjectio
496 367 673 431 aliqua
692 375 848 429 atque
867 366 1090 414 mutatio
1103 365 1440 421 interveniat,
1455 361 1600 427 signa

257 444 380 494 [unt
414 442 703 509 quaedam,
750 458 882 507 quae
914 443 1181 490 intuentes
1215 441 1454 488 deerrare
1484 457 1601 489 non

179 538 235 575 55
258 519 546 588 possumus.
626 523 766 568 Haec
785 520 933 576 ratio,
969 529 1030 567 ut
1054 516 1126 565 est
1151 518 1249 570 illi,
1275 517 1341 565 de
1365 534 1471 580 qua
1491 518 1602 582 pri-

257 615 410 649 mum
429 599 642 646 locutus
664 594 806 654 sum,
847 596 942 643 arti
972 612 1084 644 non
1108 592 1385 650 diffimilis,
1418 585 1518 650 ita,
1560 593 1604 641 fi

258 675 395 742 quid.
432 690 518 722 me
551 675 906 739 experimenta
937 672 1264 728 docuerunt,
1306 681 1357 718 et
1389 670 1604 735 expedi-³

257 755 367 802 tior
401 761 453 800 et
490 752 771 816 potentior.
863 747 1104 797 Ediscere
1151 749 1303 795 tacite
1344 749 1501 810 (nam
1543 747 1606 796 id
1645 789 1648 793 ,
1703 732 1731 794 *¹

260 845 482 897 quoque
515 826 589 876 est
611 825 934 894 quaesitum)
958 836 1067 874 erat
1093 826 1386 891 optimum,
1425 823 1468 873 si
1490 841 1605 875 non

255 983 356 1023 Jens.
375 983 488 1018 Tarv.
519 979 716 1029 Equidem
739 979 833 1015 haec
858 980 910 1015 ita
933 979 1146 1026 refingam:
1194 979 1385 1026 Sequimur
1406 981 1501 1014 enim
1521 993 1556 1014 v.
1571 993 1606 1028 q.

257 1055 305 1076 m.
339 1054 368 1075 e.
402 1053 437 1074 v.
469 1052 503 1073 0.
537 1039 718 1071 intuemur
753 1056 805 1063 —-
837 1049 1070 1086 quaecunque
1104 1036 1257 1070 dicimus
1279 1034 1425 1084 similes
1454 1036 1606 1084 legent?-

263 1095 465 1133 Continuo
486 1095 528 1128 in
549 1091 735 1141 poffumus
754 1094 879 1141 prima
902 1093 1058 1140 persona
1077 1091 1255 1127 infertur.
1294 1092 1378 1127 Nec
1400 1093 1610 1140 quisquam

263 1152 422 1191 dixerit,
449 1151 659 1196 subjectum
683 1148 774 1183 elici
799 1162 848 1184 ex
869 1161 976 1183 nemo
996 1148 1266 1195 praecedente,·
1293 1149 1361 1183 etl‘i
1381 1149 1439 1184 ibi
1452 1147 1608 1197 scripse-

261 1212 312 1244 rit
345 1207 436 1242 inde
467 1216 619 1254 poterat
641 1205 830 1252 pendere,
875 1204 944 1239 ubi
965 1215 1114 1250 praeter
1143 1203 1397 1239 neceffitatem
1427 1207 1608 1240 Francius

261 1260 593 1311 tentatscripseris.
627 1259 715 1295 Alia
734 1261 835 1295 ratio
859 1263 891 1307 §.
907 1260 973 1306 46.
989 1260 1057 1306 9111
1075 1259 1185 1294 locus
1208 1270 1335 1295 tamen
1354 1261 1459 1296 hunc
1481 1261 1610 1296 defen-

262 1320 354 1356 dere
376 1318 507 1355 videri
526 1316 661 1364 potest.
693 1316 781 1352 Nisi
801 1317 901 1351 forte
920 1327 958 1351 et
978 1315 1183 1363 legentibus
1201 1316 1421 1358 scribemus,
1436 1317 1482 1352 cf.
1496 1320 1530 1364 §.
1545 1324 1609 1360 47.

434 1383 547 1423 atque
568 1374 735 1408 mutatio.
759 1374 822 1408 Sic
843 1372 959 1408 Goth.
983 1370 1072 1422 (tac.
1093 1372 1223 1419 Gefn.)
1246 1374 1379 1422 Camp.
1404 1385 1513 1423 acque
1533 1387 1612 1409 mu-

265 1442 344 1470 tata
376 1431 510 1468 Turic.
540 1429 643 1465 flor.
680 1428 807 1465 Guelf.
848 1428 1011 1477 Reliqui
1038 1439 1102 1463 auc
1134 1431 1301 1465 mutatio.
1350 1432 1474 1467 Modo
1505 1429 1612 1466 Flor-

264 1492 374 1525 litore
399 1496 449 1523 uc.
487 1485 616 1523 Guelf.
652 1487 801 1521 litterae
832 1495 884 1520 ut.
929 1487 1028 1521 Mox
1050 1486 1218 1520 deerrare
1240 1486 1372 1522 Turic.
1396 1500 1553 1536 quoque
1576 1498 1615 1523 et

262 1547 369 1582 flor.
403 1557 491 1579 cum
516 1542 619 1578 Alm.
646 1554 683 1578 et
711 1542 828 1577 Palat.
851 1541 976 1577 Gebh.
999 1555 1077 1590 9110
1100 1555 1119 1575 a
1141 1545 1276 1577 Burm.
1299 1544 1390 1579 inde
1408 1541 1613 1580 rectiffime

263 1611 466 1638 mutarunt
485 1612 605 1634 errare
628 1598 874 1646 reliquorum
897 1598 994 1633 libb.
1021 1597 1211 1634 omnium.

351 1678 417 1712 55.
449 1669 550 1702 Haec
571 1668 680 1701 ratio.
714 1665 856 1713 Recepi
877 1664 1033 1701 olitoris
1056 1664 1165 1702 illius
1179 1666 1327 1702 Gallaei
1351 1678 1613 1715 opportunam

265 1727 528 1772 conjecturam
559 1735 632 1771 pro
651 1721 749 1758 libb.
776 1722 953 1757 omnium
975 1719 1045 1768 Est
1067 1736 1095 1756 r.
1321 1732 1361 1758 u:
1381 1721 1430 1771 est
1451 1725 1520 1758 illi.
1553 1725 1616 1759 Sic.

243 1782 401 1818 xTuric.
432 1779 535 1814 Flor.
569 1777 696 1814 Guelf.
719 1780 813 1813 Exc.
845 1781 997 1813 Santen.
1023 1778 1310 1825 (posteriorum
1333 1780 1490 1827 quidem
1510 1791 1615 1816 uter-

268 1852 344 1888 que
368 1837 454 1883 illa)
483 1847 572 1869 cum
595 1834 714 1869 Goth.
741 1834 840 1871 Voss.
863 1843 900 1868 2.
921 1834 1020 1872 Jens.
1044 1842 1084 1868 ut
1107 1843 1142 1869 et
1167 1835 1225 1868 illi
1246 1836 1377 1883 Camp.
1395 1837 1510 1872 Tarv.
1526 1849 1616 1873 cum

266 1894 355 1930 Ald.
384 1891 543 1940 Reliqui
568 1890 754 1926 omittunt
773 1887 834 1938 ‘’fi-
1059 1888 1109 1938 esc
1135 1890 1348 1940 quaesitum.
1382 1893 1514 1928 Turio.
1548 1890 1616 1940 est-

268 1965 337 2000 que
351 1948 477 1999 situm.
490 1946 594 1982 Flos.
612 1961 642 1983 e.
665 1945 854 1995 quesitum.
883 1944 1011 1981 Guelfi
1036 1946 1127 1982 Exc.
1154 1949 1304 1983 Samen.
1331 1962 1360 1982 e.
1383 1949 1481 1996 quod
1501 1948 1618 1998 ficum.

269 2020 359 2043 cum
380 2005 481 2040 Alm.
507 2016 554 2038 ex
578 2016 656 2051 quo
684 2017 713 2038 e.
748 2001 898 2053 quodsi
921 2010 1017 2043 tum,
1051 2002 1141 2039 falso
1163 2004 1351 2051 profecto,
1375 2005 1494 2052 (cf.§.
1521 2009 1616 2049 13.).

268 2061 320 2112 efi
341 2062 439 2111 quod
462 2060 540 2095 sine
561 2059 777 2106 adjectione
799 2060 918 2095 Goth.
941 2059 1044 2096 Voff.
1069 2068 1104 2094 2.
1137 2058 1297 2107 Reliqui
1321 2072 1405 2096 ante
1433 2061 1541 2097 Gesn.
1566 2059 1617 2110 eft

269 2120 369 2169 quod
402 2126 497 2157 tum,
537 2116 772 2151 diremtione
806 2115 978 2151 multum
1015 2115 1174 2150 diversa.
1235 2116 1475 2152 Continuant
1511 2119 1615 2153 enim

269 2176 416 2211 sensum
444 2173 618 2221 priorem
648 2185 771 2220 usque
805 2173 851 2207 at]
886 2170 1041 2220 ediscere
1068 2174 1200 2210 came,-
1242 2185 1390 2206 novum
1419 2174 1615 2210 ordientes

270 2231 357 2282 post
391 2227 549 2276 στιγμὴν
581 2226 718 2262 τελείαν
741 2230 842 2264 Nam
863 2229 902 2262 fd
924 2240 1064 2276 quoque
1086 2225 1134 2274 est
1154 2229 1251 2275 quod
1276 2237 1361 2277 tumr.
1423 2230 1507 2265 Nec
1529 2243 1616 2278 pre-

270 2287 410 2323 menda
441 2286 524 2320 laus
555 2283 702 2320 Gallaei
738 2284 945 2320 meliorem
978 2284 1263 2319 distinctionem
1294 2285 1511 2324 suadentis:
1551 2298 1617 2323 aut

269 2343 486 2380 Burmanni
505 2340 709 2390 quaesitum
731 2340 832 2375 illud
852 2340 928 2376 sola
955 2340 1175 2385 conjectura
1201 2342 1381 2377 eruentis.
1432 2341 1504 2377 Ille
1529 2343 1616 2390 qui-

273 2401 363 2435 dem
393 2410 430 2434 et
458 2398 524 2432 hic
558 2395 685 2432 cultro
711 2410 792 2432 rem
819 2397 984 2444 gerebat,
1013 2408 1227 2443 reponens:
1267 2397 1442 2446 Ediscere
1464 2401 1617 2434 tacitum

274 2465 356 2491 erat
378 2457 579 2503 optimum,
623 2453 665 2488 in
686 2465 764 2502 quo
785 2464 913 2488 tamen
933 2454 1083 2488 tacitum
1103 2465 1192 2500 prae
1215 2456 1324 2490 tacite
1345 2455 1515 2491 mirifice
1536 2454 1616 2503 pla-

275 2522 360 2553 cet3
392 2511 464 2546 nisi
485 2510 584 2545 forte
612 2510 736 2547 mavis
757 2518 965 2559 tacentem,
996 2508 1061 2545 vel
1083 2517 1254 2548 tacentes.
1469 2510 1507 2560 si
1528 2524 1615 2548 non.

333 2654 399 2688 55.
431 2644 488 2679 illi
509 2661 565 2671 —
593 2645 667 2679 arci
696 2644 722 2679 i.
744 2655 919 2677 mnemo-
976 2641 1022 2679 cf.
1045 2641 1076 2687 §-
1092 2652 1156 2689 29.

276 2701 406 2742 nicae,
437 2710 616 2737 tractatae
645 2703 704 2749 Μ.
728 2706 921 2745 18—23.
