1779 3062
479 132 653 204 msa*
684 159 964 208 ORATOR.
999 158 1121 208 ΠΒ.
1159 163 1278 219 xn,
1321 176 1364 208 1.
1502 169 1600 219 485

253 283 459 337 dulsiffe
483 285 696 335 homini
721 287 950 346 videtur,
991 304 1208 352 quoque
1238 305 1336 338 nos
1361 305 1389 336 a
1416 291 1600 339 ceteris

253 364 571 413 animalibus
593 362 862 428 separasse,
903 383 1015 415 non
1042 382 1251 430 parens,
1292 365 1381 414 sed
1406 383 1601 415 nover-

253 459 310 490 ca
334 440 527 499 fuerit,
566 440 609 489 si
642 439 945 489 facultatem
986 443 1227 500 dicendi,
1267 441 1459 492 sociam
1494 442 1601 492 sce·
1659 438 1662 439 ⁷

249 520 442 577 lerum,
483 517 755 568 adversam
783 519 1136 578 innocentiae,
1175 518 1381 569 hostem
1409 523 1614 569 verita-⁹

251 598 320 646 tis
345 598 568 646 invenit.
612 599 799 646 Mutos
823 596 967 644 enim
994 596 1149 654 nasci,
1192 608 1242 644 et
1271 614 1423 662 egere
1447 599 1599 647 omni

248 675 471 732 ratione,
498 673 656 722 satius
680 670 869 730 fuiffet,
901 690 1060 737 quam
1087 673 1457 739 providentiae
1480 693 1598 724 mu-

246 769 373 801 nera
390 753 448 800 in
464 762 709 815 mutuam
736 751 1029 817 perniciem
1056 762 1378 799 convertere.
1451 755 1596 800 Lon-

246 831 366 894 gius
384 828 557 877 tendit
579 828 682 876 hoc
704 827 968 889 judicium
994 844 1191 875 meum.
1231 829 1426 893 Neque
1454 830 1599 875 enim

155 917 457 960 104stantum
496 905 551 953 id
588 898 739 962 dico,
781 922 934 962 eum,
975 905 1069 969 qui
1103 905 1241 952 mihi
1284 904 1350 953 fit
1398 915 1602 962 orator,

244 987 418 1033 virum
453 980 638 1031 bonum
670 977 774 1055 effe
813 992 1076 1046 oportere.-
1117 980 1208 1029 sed
1241 999 1308 1030 ne
1349 980 1602 1030 futurum

244 1060 466 1126 quidem
488 1070 780 1117 oratorem,
817 1058 920 1108 nisi
945 1061 1127 1108 virum
1151 1060 1374 1108 bonum.
1455 1059 1599 1107 Nam

244 1148 383 1186 certe
411 1154 588 1201 neque
610 1138 1017 1202 intelligentiam
1042 1134 1347 1186 concesseris
1374 1137 1456 1193 iis,
1486 1137 1599 1200 qui,

243 1213 516 1282 proposita
545 1210 895 1263 honestorum
932 1232 988 1262 ac
1020 1216 1264 1278 turpium
1298 1204 1430 1271 viaq
1453 1217 1601 1279 pejo⁴

240 1311 356 1345 rem
389 1291 540 1362 sequi
573 1292 795 1353 malent,
846 1308 1025 1360 neque
1052 1291 1424 1357 prudentiam,
1470 1308 1597 1340 cum

1635 755 1672 764 --ο

243 1497 350 1532 detur·
379 1494 570 1532 omittunt
597 1493 732 1530 Turio.
762 1493 867 1530 Flor.
898 1506 987 1529 cum
1011 1492 1115 1528 Alm.
1150 1507 1220 1541 qno
1239 1495 1438 1541 praecipuo
1458 1492 1593 1527 Ambr.

243 1562 282 1590 2.
315 1567 403 1588 cum
436 1552 534 1591 Jens.
568 1562 605 1586 et
636 1551 721 1586 edd.
753 1551 846 1600 post.
879 1561 965 1586 ante
986 1549 1073 1585 Ald.
1106 1550 1198 1593 (nisi
1218 1550 1326 1597 quod
1347 1549 1457 1597 prius
1482 1550 1600 1584 omit-

242 1612 294 1646 tit
329 1610 475 1652 Ruso.).
518 1605 723 1655 indulsiſjet
765 1609 900 1655 Camp.
939 1620 1027 1641 cum
1060 1606 1179 1642 Goth.
1213 1604 1394 1654 inclussse
1423 1605 1528 1642 Voff.
1566 1619 1602 1640 ι.

170 1668 172 1672 ’
243 1664 440 1715 indulaeiffe
472 1664 576 1702 Voss'.
612 1676 646 1699 2.
683 1679 751 1701 nos
781 1677 926 1713 quoque
956 1665 1054 1701 Jens.
1085 1664 1172 1707 (tae.
1206 1661 1341 1710 Gesn.)
1364 1663 1479 1697 Tarv.
1498 1661 1601 1697 male

244 1732 552 1772 transponentes.
596 1734 666 1769 quo
709 1735 776 1757 nos
816 1721 896 1755 sine
937 1734 1006 1769 que
1036 1720 1169 1755 Turio.
1198 1718 1309 1763 NFlor.
1343 1718 1545 1754 Continuo
1578 1732 1602 1754 a

245 1793 324 1816 om.
367 1778 486 1815 Goth.
530 1780 783 1814 animantibus
814 1778 948 1824 Camp.
981 1773 1172 1825 superaffe
1202 1775 1331 1810 Guelf.
1362 1775 1457 1809 Exc.
1492 1777 1596 1810 Sant.

243 1850 384 1886 parans
413 1832 462 1883 est
490 1835 625 1869 Turio.
653 1835 758 1871 Flor.
792 1846 928 1882 parens
958 1829 1008 1880 efi
1044 1833 1178 1880 Camp,
1211 1832 1346 1867 multos
1376 1832 1472 1865 enim
1504 1830 1599 1878 sciet:

245 1907 331 1941 gere
361 1893 462 1928 omni
490 1892 623 1926 Turio.
656 1892 760 1927 flor.
794 1891 930 1925 multos
963 1903 992 1924 e.
1027 1902 1102 1922 non
1133 1903 1168 1923 n.
1205 1903 1233 1923 e.
1268 1902 1297 1922 e.
1329 1902 1363 1925 ο.
1389 1887 1516 1922 Guelf.
1546 1902 1592 1923 m.

245 1958 368 1985 autem
397 1963 432 1983 n.
466 1962 495 1984 e.
531 1962 559 1984 e.
595 1962 628 1983 0.
663 1950 796 1996 Camp.
830 1946 964 1981 multos
993 1944 1097 1983 Voff.
1122 1955 1210 1988 2.3.
1247 1958 1405 1993 quoque
1430 1956 1466 1979 et
1480 1946 1596 1982 Bern.

245 2007 385 2042 Muros
415 2007 526 2040 etiam
558 2020 593 2041 n.
627 2006 746 2041 Goth.
780 2003 874 2051 (err.
907 2003 1040 2048 Gesn.)
1081 2003 1199 2037 Maca
1232 2017 1261 2036 e.
1303 2002 1411 2039 Voss'.
1451 2014 1484 2037 1.

331 2093 369 2128 5.
405 2085 525 2119 tendit
556 2097 633 2119 om.
664 2084 769 2121 Voff.
809 2098 843 2118 1.
875 2091 912 2126 5.
1198 2082 1261 2129 qui
1302 2080 1391 2114 mihi
1422 2079 1476 2128 sit
1516 2094 1599 2116 ora·

246 2151 315 2179 tor.
351 2141 414 2177 Sic
449 2142 584 2190 Camp.
616 2144 678 2190 qui
711 2139 835 2189 misit
867 2153 900 2175 0.
931 2138 1064 2173 Turio.
1097 2139 1160 2185 qui
1192 2135 1291 2185 misit
1320 2150 1353 2171 0.
1385 2136 1599 2173 Flor.eum

184 2218 187 2221 ·
244 2199 349 2235 Alm.
382 2198 472 2232 mihi
503 2212 580 2234 om.
609 2198 769 2246 reliqui.
803 2205 1009 2245 oporterent
1041 2193 1111 2242 nisi
1141 2196 1270 2232 virum,
1304 2193 1448 2228 omiffis
1478 2194 1600 2229 inter·

246 2254 478 2303 jacentibus,
511 2256 645 2291 Turic.
678 2268 768 2290 cum
805 2253 911 2289 Flos.
954 2262 992 2287 et
1033 2250 1135 2286 Alm.
1178 2251 1252 2285 nisi
1297 2251 1404 2298 quod
1447 2263 1494 2285 ex
1533 2250 1598 2286 his

248 2321 460 2359 opor-terem
496 2325 577 2347 non
609 2312 780 2347 affertur.
824 2312 875 2345 eis
912 2311 976 2360 qui
1008 2306 1207 2357 proposita
1243 2306 1348 2343 Flos.
1390 2308 1445 2342 his
1485 2321 1518 2355 q.
1558 2323 1597 2356 p.

249 2368 380 2403 Guelf.
414 2371 577 2416 priorem
609 2368 727 2403 Goth.
758 2367 847 2415 (tac.
880 2366 1023 2409 Gesn.).
1322 2364 1471 2399 malent.
1535 2364 1600 2400 Sic

249 2424 385 2479 Turio.
427 2425 559 2460 Ambr.
606 2436 641 2461 2.
687 2426 841 2460 mallent
880 2422 1007 2459 Guelf.
1051 2422 1145 2457 Exc.
1190 2423 1291 2456 sant.
1335 2421 1453 2458 Goth.
1500 2423 1595 2466 (tac.

250 2481 382 2525 Gesn.)
413 2494 502 2517 cum
532 2482 635 2522 Voff.
668 2491 705 2518 2.
738 2491 776 2526 5.
809 2481 953 2517 malunt
985 2480 1119 2527 Camp.
1151 2491 1239 2514 cum
1272 2478 1357 2514 edd.
1388 2489 1474 2515 ante
1505 2478 1600 2514 Bad.

309 2669 346 2696 2.
380 2675 525 2711 quoque
557 2657 895 2709 nos—separaffe.
957 2660 1125 2698 remittit
1146 2660 1189 2695 ad
1211 2668 1247 2702 2,
1275 2661 1337 2703 16,
1363 2659 1424 2701 16.
1453 2669 1516 2704 17.

250 2719 369 2754 Recte
398 2717 794 2754 Pseudo-Turnebus
827 2730 899 2753 no‘s
1136 2764 1147 2786 χ
