1779 3062
418 163 584 210 INST.
612 161 903 210 ORATOR.
940 165 1064 210 Llss.
1100 165 1198 222 XI,
1238 176 1283 221 3.
1433 165 1534 228 369

169 290 291 344 nisu
314 290 496 340 minus
521 289 657 337 clara
683 288 780 348 est,
817 302 872 340 et
892 293 1110 341 interim
1133 288 1262 365 elisa
1283 294 1342 343 in
1369 294 1530 344 illum

169 369 363 419 sonum
385 367 636 432 erumpit,
661 368 752 417 cui
777 370 962 418 Graeci
984 388 1185 419 nomen
1209 390 1236 419 a
1261 373 1538 436 gallorum.

171 448 464 496 immaturo
513 455 671 494 cantu
715 444 995 495 dederunt.
1055 449 1173 496 Nec
1204 448 1532 499 volubilitate
1556 438 1608 502 5V2

171 524 340 574 nimia
364 521 766 582 confundenda,
789 541 928 588 quae
952 524 1207 575 dicimus:
1248 544 1353 592 qua
1378 539 1430 576 et
1450 527 1533 577 di-

172 601 384 651 stinctio
424 601 591 668 perit,
650 611 702 650 et
735 597 980 660 affectus;
1044 613 1095 651 et
1133 607 1534 670 nonnunquam

172 681 336 728 etiam
371 679 534 728 verba
563 679 742 744 aliqua
775 677 858 729 sui
883 690 1028 745 parte
1047 679 1381 732 fraudantur.
1426 684 1534 733 Cui

175 758 507 807 contrarium
529 754 603 804 est
626 757 824 806 vitium
848 758 1047 806 nimiae
1069 758 1345 808 tarditatis.
1387 762 1536 810 Nam

175 845 229 884 et
251 833 618 884 difficultatem
645 834 964 885 inveniendi
991 833 1203 894 fatetur,
1243 846 1295 884 et
1313 835 1536 903 segnitia

174 911 336 963 solvit
365 913 602 972 animos,
642 923 709 972 et,
744 914 805 962 in
829 929 940 979 quo
962 911 1036 962 est
1060 913 1283 980 aliquid,
1326 925 1538 983 tempo-

166 1069 335 1121 suffocat
347 1069 482 1108 Turio.
506 1069 613 1107 Flor.
645 1069 809 1121 Reliqui
822 1069 1027 1120 suffocata,
1050 1072 1093 1108 in
1116 1085 1197 1122 quo
1218 1072 1267 1109 est
1284 1085 1428 1122 pravus
1451 1085 1536 1121 par-

157 1128 304 1177 -ticipii
333 1138 517 1176 tanquam
548 1129 733 1176 adjectivi
764 1129 852 1166 usus
886 1129 952 1174 (cf.
981 1144 1045 1172 11,
1070 1139 1108 1171 2,
1140 1132 1240 1174 20.).
1282 1132 1383 1165 Mox
1401 1131 1539 1166 Turic.

173 1184 263 1235 usu,
295 1183 426 1221 Guelf.
446 1185 565 1221 Goth.
592 1187 680 1232 (tac.
705 1187 838 1232 Gesn.)
860 1188 993 1236 Camp.
1020 1190 1110 1222 nixu
1129 1200 1220 1223 cum
1240 1188 1343 1224 Voss.
1360 1197 1396 1223 2.
1424 1187 1471 1222 cf.
1497 1194 1538 1232 8,

174 1249 215 1290 4,
240 1254 276 1290 9.
311 1251 349 1282 2,
388 1252 451 1281 12,
486 1254 521 1279 2.
553 1243 682 1279 Guelf.
707 1242 805 1291 illisa
830 1254 868 1278 et
891 1245 1074 1291 irrumpit,
1107 1257 1281 1292 quorum
1301 1244 1493 1293 posterius
1517 1257 1539 1278 a

173 1313 235 1349 pr.
265 1311 317 1333 m.
347 1308 385 1333 et
413 1298 456 1333 in
489 1299 608 1335 Goth.
638 1301 726 1336 fuit.
965 1300 1105 1337 Graeci
1128 1314 1274 1336 nornen.
1312 1300 1375 1335 Sic
1402 1300 1540 1337 Turic.
1567 1316 1584 1349 j

175 1355 282 1392 Flor.
304 1356 440 1392 Ambr.
456 1365 492 1391 2.
514 1355 644 1393 Guelf.
659 1355 776 1392 Goth.
801 1358 893 1401 (err.
907 1357 1038 1404 Gesn.)
1062 1357 1196 1405 Camp.
1221 1370 1309 1392 cum
1322 1355 1541 1395 Alm.Jens.

179 1424 217 1449 et
237 1413 322 1448 edd.
349 1424 434 1448 ante
449 1412 600 1462 Gryph.
625 1427 700 1450 acc.
714 1413 810 1450 Obr.
842 1413 1004 1462 Reliqui
1023 1414 1190 1458 κλωσμόν
1209 1414 1392 1453 insenum,
1413 1413 1513 1449 male
1526 1426 1540 1455 ς

177 1483 250 1506 nec
285 1469 410 1518 igitur
437 1471 575 1506 attinet
602 1483 767 1512 vocem,
801 1484 899 1519 quae
921 1471 1188 1506 recentiorum
1211 1470 1307 1505 huic
1329 1469 1420 1505 loeo
1444 1469 1540 1505 illu-

178 1527 332 1562 strando
364 1538 631 1563 commentum
655 1527 724 1568 est,
757 1528 961 1563 emendare
984 1539 1022 1563 et
1043 1528 1091 1563 ad
1116 1528 1324 1563 veritatem
1345 1527 1543 1575 redigere,

177 1583 222 1620 in
244 1597 322 1634 quo
347 1594 562 1633 occupatur
593 1583 834 1620 doctiffimus
857 1584 1120 1620 Schneiderus
1141 1585 1184 1620 in
1203 1584 1354 1619 Lexico
1375 1583 1546 1621 Graeco.

266 1682 330 1720 52.
365 1690 437 1724 qua
470 1685 508 1711 et
538 1672 738 1718 distinctio.
770 1676 906 1712 Turio.
939 1675 1044 1712 Flor.
1075 1690 1169 1724 quae
1191 1676 1226 1710 cl.
1250 1675 1383 1723 Camp.
1406 1689 1481 1725 qua
1502 1674 1543 1714 d.

178 1733 306 1769 Modo
336 1734 444 1782 quod
467 1732 638 1782 sphalma
662 1733 972 1783 Stephanianum
999 1732 1226 1781 confidentia
1246 1742 1375 1767 mutat
1393 1733 1436 1767 in
1457 1746 1543 1768 con·

179 1790 338 1826 cidenda
359 1789 540 1826 Gallaeus
554 1817 563 1831 ,
595 1789 718 1825 nihili
736 1791 796 1827 est.
856 1791 999 1838 Neque
1024 1802 1097 1837 ego
1117 1790 1242 1837 magis
1265 1802 1382 1836 quam
1402 1790 1544 1824 Burm-

178 1846 307 1883 ullum
330 1847 417 1883 vidi
442 1847 605 1887 librum,
637 1847 729 1895 qui,
759 1847 804 1882 id
836 1847 944 1895 quod
976 1845 1133 1880 Salmas.
1168 1845 1215 1880 ad
1241 1844 1409 1880 Tertull.
1445 1843 1543 1881 Pau.

178 1918 220 1955 p.
248 1909 339 1948 ¹58·
383 1914 566 1951 tanquam
605 1903 886 1943 „editionu1n‘⁶
917 1901 1128 1938 lectionem
1162 1912 1291 1941 notat,
1328 1900 1545 1949 fundantur
1575 1915 1577 1917 ·

182 1962 290 1998 daret
309 1973 382 2008 pro
401 1959 639 2008 fraudantur.
684 1960 785 1995 Mox
808 1959 942 1995 Turio.
966 1959 1070 1995 flor.
1094 1958 1326 1994 inveniendis
1339 1957 1544 2005 fateretur.

182 2019 282 2054 item
302 2017 432 2053 Turie.
448 2016 520 2066 sed
552 2018 700 2066 iniquos
723 2018 878 2066 aliquid,
901 2015 1006 2052 flor.
1021 2015 1092 2065 sed
1117 2018 1153 2050 in
1182 2028 1272 2064 quos
1293 2007 1546 2064 alz'quod'pro

183 2066 222 2111 et
259 2077 297 2109 in
335 2088 408 2125 quo
441 2071 492 2122 esc
524 2075 680 2122 aliquid.
742 2075 806 2109 Ex
829 2074 932 2110 Alm.
956 2072 995 2122 fi
1025 2076 1182 2122 iniquos,
1216 2072 1353 2116 orruiss‘o
1382 2066 1543 2120 &liquid-

182 2132 312 2172 Verba
343 2140 530 2180 promtum
545 2130 600 2180 sit
623 2144 663 2167 os
694 2131 886 2167 omittunt
906 2130 1040 2167 Turic.
1063 2129 1170 2166 flor.
1192 2142 1283 2165 cum
1305 2127 1408 2164 Alm.
1464 2130 1542 2165 Pro

183 2189 327 2227 lentum
349 2188 467 2226 Goth.
495 2190 584 2234 (tac.
607 2188 737 2235 Gesu.)
758 2198 933 2237 emptum.

242 2343 267 2365 a
287 2328 675 2377 gallorum—cantu.
710 2326 837 2374 Quam
897 2337 983 2363 cant
1000 2324 1204 2366 ,Iuvenalis
1237 2325 1294 2369 (3,
1318 2315 1404 2371 90.)
1444 2334 1546 2362 „vo-

183 2384 253 2422 hic
292 2386 335 2420 in
370 2396 499 2422 mente
537 2383 719 2422 habuerit
760 2385 836 2432 Qu.
895 2397 1007 2426 „cem
1030 2384 1245 2432 angustam,
1277 2393 1350 2429 qua
1375 2379 1545 2415 deterius

186 2455 362 2492 graecam
400 2453 564 2483 vocem,
608 2440 690 2476 viri
730 2441 839 2476 docti
895 2433 994 2483 .‚nec
1016 2441 1087 2476 Ille
1110 2435 1547 2486 sonat,‘quomordeuu:

127 2495 129 2497 ¹
187 2513 270 2536 non
324 2509 529 2547 exputant:
589 2511 695 2545 nam-
722 2497 837 2546 plane
893 2497 1067 2547 „gallina
1096 2496 1281 2532 marito.“

187 2556 339 2592 alienus
374 2555 424 2590 est
446 2555 622 2591 suffectus
655 2552 724 2589 ille
752 2558 842 2589 κλω-
959 2563 1021 2598 52.
1054 2552 1106 2602 est
1126 2551 1271 2602 aliquid
1292 2551 1339 2585 se.
1365 2561 1546 2585 momen-

188 2613 278 2660 σμὸς
319 2613 384 2662 (v.
413 2612 508 2648 Not.
540 2613 689 2654 Criu),
741 2625 839 2660 quae
898 2611 950 2653 ti,
984 2623 1027 2647 ut
1053 2611 1167 2660 plene
1194 2607 1312 2644 habes
1346 2618 1383 2655 9,
1409 2612 1446 2650 4,
1475 2612 1542 2653 854.

188 2670 424 2719 gallinarum
447 2668 494 2704 est
514 2668 730 2718 glocitatiO.
777 2668 838 2705 Ad
898 2669 957 2705 Cf.
982 2681 1017 2717 9,
1039 2676 1076 2715 4,
1102 2669 1166 2711 65.

188 2741 275 2764 rem
311 2738 439 2763 autem
478 2737 582 2763 recte
612 2725 691 2765 huc
717 2724 838 2763 advo-
955 2720 1419 2776 temporibuspraefinitis.
1444 2722 1546 2759 Puto

251 2809 358 2848 Tom.
383 2807 455 2845 IV.
1028 2807 1062 2842 A
1075 2818 1096 2842 a
