1779 3062
193 205 287 250 180
511 193 587 239 M.
622 193 757 239 FAB.
796 194 1214 255 QU1NT1L1AN1

191 323 270 373 M.
331 319 547 369 Tullius
620 329 826 368 tantum
893 317 1124 369 intuliffe
1210 320 1543 385 eloquentiae

194 399 381 447 lumen
397 433 411 454 ‚
452 396 601 460 quod
623 398 681 445 in
700 397 797 446 hos
821 413 1038 462 quoque
1068 396 1367 446 studiorum
1389 395 1547 444 fecef-

193 473 280 524 fus
303 475 549 522 excurrit.
611 475 752 522 Nam
771 472 813 521 si
837 474 993 523 nobis
1017 474 1124 523 [ola
1148 475 1363 521 materia
1383 472 1547 522 fuerit
1557 485 1636 529 945

197 568 262 600 ex
291 551 505 608 litibus,
543 548 740 599 neceffe
775 550 872 609 est,
929 550 1194 598 deteratur
1231 548 1442 614 fulgor,
1498 560 1551 598 et

200 626 438 677 durescat
461 629 740 686 articulus,
780 638 831 675 et
865 625 973 692 ipse
1006 628 1098 675 ille
1127 643 1316 676 mucro
1347 626 1553 690 ingenii

131 728 182 764 17
207 704 517 771 quotidiana
542 722 722 771 pugna
755 703 1084 754 retundatur.
1166 702 1268 752 Sed
1300 701 1553 766 quemad-

202 781 430 833 modum
449 779 746 831 forenfibus
768 781 1140 829 certaminibus
1166 780 1487 836 exercitatos,
1502 788 1555 826 et

205 857 352 925 quasi
385 858 668 907 militantes
699 857 873 907 reficit
907 874 962 904 ac
999 868 1202 923 reparat
1239 856 1366 904 haec
1403 856 1555 904 velut

205 935 380 1001 fagina
422 934 660 984 dicendi:
703 933 774 982 sic
823 934 1173 983 adolescentes
1211 950 1324 982 non
1361 932 1556 981 debent

206 1013 441 1062 nimium
471 1013 530 1060 in
561 1010 685 1060 falsa
716 1028 895 1060 rerum
930 1011 1160 1076 imagine
1197 1010 1447 1066 detineri,
1506 1019 1558 1057 et

206 1090 454 1139 inanibus
489 1087 809 1146 simulacris,
850 1105 1020 1152 usque
1056 1087 1214 1145 adeo,
1254 1097 1315 1135 ut
1346 1085 1558 1137 difficile

209 1167 272 1215 ab
312 1167 397 1215 his
435 1163 684 1229 digressos
709 1163 773 1212 sit
793 1163 1118 1221 assuefacere,
1160 1179 1227 1212 ne
1260 1164 1322 1211 ab
1351 1164 1459 1221 illa,
1501 1165 1560 1211 in

210 1259 314 1308 qua
349 1258 516 1308 prope
550 1240 939 1299 consenuerint,
976 1241 1180 1298 umbra,
1219 1256 1345 1288 vera
1378 1240 1564 1288 discri-

210 1320 383 1378 mina,
445 1318 595 1367 velut
625 1317 893 1384 quendam
942 1315 1136 1375 solem,
1193 1315 1560 1366 reformident.

305 1496 368 1534 16.
399 1497 595 1533 deteratur.
631 1497 763 1534 Tui-ic.
794 1496 898 1534 Flor.
939 1498 975 1539 (a
997 1510 1055 1546 pr.
1079 1510 1130 1532 m.
1155 1495 1338 1547 uterque)
1369 1497 1563 1532 deteretur.

217 1553 345 1590 Guelf.
386 1555 622 1589 deterreatur.
848 1555 1070 1603 quotidiana
1101 1568 1239 1601 pugna.
1283 1554 1415 1589 Turic.
1457 1553 1563 1590 Flor-

219 1611 304 1656 (hic
335 1609 486 1658 duplici
522 1611 576 1658 T)
628 1611 816 1645 cotidiano
846 1612 922 1646 alia
952 1625 989 1658 p.
1042 1610 1114 1645 Ille
1147 1623 1166 1644 a
1196 1611 1263 1646 sec.
1293 1624 1345 1646 m.
1385 1610 1566 1646 cotidiani

219 1682 255 1703 a.
274 1681 311 1714 p.
343 1666 409 1702 hic
438 1667 623 1702 nostrum.
659 1668 720 1701 Ex
741 1666 842 1703 Alm.
880 1667 1060 1719 Quotidio
1089 1667 1166 1703 alia
1196 1682 1234 1715 p.
1277 1668 1405 1702 Etiam
1430 1667 1564 1715 Camp-

219 1736 289 1758 ’πει-
322 1737 383 1758 co.

218 1747 236 1773 ἰ
309 1789 372 1823 17.
414 1780 643 1815 exercitatos.
694 1780 825 1816 Tui-ic.
875 1779 980 1815 Flor.
1031 1778 1157 1814 Guelf.
1205 1778 1338 1827 Camp.
1389 1782 1568 1815 excitatos

222 1848 311 1872 cum
328 1834 430 1870 Alm.
655 1845 691 1871 et
712 1835 828 1885 quasi.
859 1836 993 1871 Turic.
1025 1845 1060 1871 et
1080 1848 1181 1884 quas,
1215 1849 1233 1869 a
1255 1835 1324 1870 sec.
1346 1850 1398 1871 m.
1427 1849 1553 1886 equos.

301 1889 358 1940 sic
378 1889 624 1940 adolescentes
643 1912 698 1920 -—
715 1894 865 1927 nimium
891 1895 926 1926 in
942 1890 1060 1941 salsa.
1093 1892 1225 1927 Turio.
1257 1891 1513 1941 recalescentes
1531 1891 1566 1940 f.

220 1948 327 1985 Flor.
369 1951 407 1992 (a
436 1961 495 1996 pr.
532 1948 605 1993 m.)
641 1947 901 1996 secalescs‘ntes
922 1948 959 1995 f.
998 1962 1086 1983 cum
1118 1946 1216 1983 Alm.
1256 1947 1328 1982 Sed
1358 1950 1489 1998 Camp.
1532 1951 1570 1984 in

224 2004 386 2041 omittit.
635 2002 801 2052 dffcile.
834 2005 968 2041 Turio.
999 2005 1103 2040 Flor.
1134 1999 1328 2051 difficilius
1358 2019 1446 2040 cum
1464 2005 1570 2042 Alm.

223 2057 391 2109 ᾱξθὶοἱὶίς
412 2058 539 2096 Guelf.
563 2059 692 2109 Camp.
714 2061 833 2095 Goth.
855 2061 953 2099 Jens.
976 2060 1066 2108 (tac.
1089 2061 1220 2106 Gesn.)
1243 2072 1331 2096 cum
1358 2062 1463 2100 Voff.
1481 2073 1515 2097 2.
1530 2071 1571 2105 5.

225 2128 263 2153 et
297 2116 382 2152 edd.
411 2127 497 2151 ante
532 2117 681 2165 Gryph.
713 2130 792 2152 exc.
825 2117 914 2151 Bad.
947 2119 1082 2164 cujus,
1131 2128 1364 2164 quamquam
1397 2119 1569 2159 tacentis,

223 2174 349 2209 nostra
378 2173 561 2220 scriptura
592 2174 749 2208 videtur
779 2173 849 2208 effe
881 2174 1112 2208 emendatio.
1171 2172 1232 2207 An
1257 2173 1334 2209 fuit
1356 2175 1568 2221 antiquitus

226 2226 384 2278 clffcile
413 2231 457 2263 iis
483 2227 692 2278 digreffos?
952 2226 1143 2278 digreffos.
1183 2229 1315 2264 Turie.
1354 2235 1393 2275 (a
1414 2242 1472 2278 pr.
1495 2231 1568 2274 m.)

222 2286 327 2322 Flor.
368 2284 495 2321 Guelf.
534 2286 666 2334 Camp.
699 2284 818 2321 Goth.
849 2287 946 2324 Jens.
979 2288 1068 2329 (tac.
1097 2284 1225 2327 Gesn.)
1267 2285 1443 2335 digrqffus
1480 2299 1570 2322 cum

222 2341 326 2378 Voss‘.
350 2352 386 2378 2.
412 2350 449 2385 5.
481 2351 519 2376 et
549 2341 633 2376 edd.
665 2352 750 2376 ante
775 2341 926 2390 Gryph.
959 2354 1038 2378 exc.
1060 2341 1151 2377 Bad.
1183 2341 1285 2376 Mox
1313 2342 1422 2378 Baril.
1455 2341 1571 2391 affue-

216 2396 309 2446 fieri
347 2411 394 2433 ex
423 2397 642 2444 conjectm'a
672 2397 886 2434 Philandri.
1153 2396 1415 2447 consenuerint.
1460 2399 1566 2436 Flor-

284 2555 347 2591 16.
367 2553 535 2604 durescat
556 2556 739 2592 articulus.
753 2558 870 2593 Recte
929 2556 1087 2593 tiffimae
1129 2555 1424 2597 similitudines,
1460 2555 1574 2593 velut

221 2623 446 2660 comparant
485 2612 634 2647 mollem
676 2614 869 2649 articulum
931 2625 993 2654 12,
1031 2626 1090 2654 10,
1127 2621 1188 2657 15.
1225 2625 1262 2649 et
1285 2615 1387 2663 apud
1416 2614 1571 2650 Cicero·

221 2676 257 2706 2,
295 2678 357 2708 12,
391 2677 427 2702 2.
924 2683 1036 2709 nem,
1071 2670 1142 2705 ubi
1172 2670 1265 2706 vide
1295 2670 1497 2706 Erncstum
1527 2669 1572 2705 in.

279 2733 341 2767 ²7.
374 2722 721 2773 umbra—solem.
780 2726 866 2762 No·
925 2725 1056 2765 Clave.
