1779 3062
430 121 596 169 1Nsr.
633 122 916 170 ORATOR.
948 113 1072 170 Lm.
1109 122 1223 180 ΧΠ,
1263 133 1339 171 ιο.
1439 120 1540 182 613

168 249 284 327 spi,
303 251 498 302 sonum
529 248 789 309 Trachali,
813 251 1128 317 elegantiam
1158 248 1391 300 Secundi.
1464 251 1538 300 ⁴At

181 333 264 380 M.
313 331 366 379 T
362 328 569 386 ullium,
605 343 719 376 non
750 328 910 377 illum
941 328 1201 378 habemus
1224 326 1540 391 Euphrano-

181 424 291 457 rem
334 407 470 454 circa
511 405 755 472 plurium
800 407 993 454 artium
1037 404 1234 472 species
1273 404 1537 472 praestan-

174 494 313 543 tem,
353 483 444 533 sed
477 484 537 531 in
569 481 848 540 omnibus,
888 500 1022 548 quae
1061 484 1120 532 in
1165 499 1384 549 quoque
1420 483 1536 532 lau-

175 561 401 621 dantur,
459 557 941 609 eminentiffimum.
1043 564 1217 630 Quem
1262 571 1441 608 tamen
1481 570 1534 609 et

173 638 398 690 suorum
435 639 686 688 homines
729 647 1038 702 temporum
1080 634 1329 687 incess'ere
1367 637 1534 686 aude-

177 716 305 767 bant
333 727 396 767 ut
426 714 802 773 tumidiorem,
837 724 888 763 et
921 713 1201 774 Asianum„
1241 725 1293 763 et
1329 714 1532 764 redun-

94 838 97 841 .
174 794 420 853 dantem,
461 804 514 842 et
539 794 599 841 in
627 791 1041 858 repetitionibus
1070 794 1335 856 nimium,
1377 802 1428 841 et
1469 792 1531 841 in

174 868 1018 936 salibus‚aliquando,frigidum,
1079 880 1131 918 et
1163 871 1223 918 in
1265 867 1531 935 composi-

173 951 322 1000 tione
353 947 607 1005 fractum,
647 947 1000 1006 exultantem,
1041 963 1098 995 ac
1132 964 1327 1014 paene,
1378 945 1531 1011 quod

169 1026 364 1095 procul
402 1023 562 1088 absit,
615 1026 738 1074 viro
774 1024 1097 1075 molliorem.
1141 1024 1359 1074 *Postea
1396 1040 1528 1074 vero

167 1122 329 1172 quam
348 1103 676 1154 triumvirali
695 1100 1088 1170 proscriptione
1109 1101 1422 1152 consumtus
1440 1100 1531 1161 eft,

164 1180 351 1250 passim
377 1182 475 1247 qui
509 1179 759 1239 oderant,
800 1182 898 1246 qui
927 1180 1273 1238 invidebant,
1312 1180 1409 1246 qui
1445 1196 1532 1228 ae-

165 1261 535 1329 mulabantur,
574 1254 875 1313 adulatores
915 1258 1076 1308 etiam
1107 1255 1393 1325 praesentis
1429 1275 1529 1324 po·-

286 1459 351 1488 12.
384 1452 421 1488 A
449 1452 515 1489 M.
550 1450 715 1489 Tullium
744 1451 864 1489 Goth.
896 1447 986 1505 (tac.
1014 1450 1151 1499 Gesn.)
1209 1450 1322 1487 adam
1351 1449 1394 1486 T.
1416 1447 1523 1486 Flor.

163 1507 367 1559 plurimum
397 1509 503 1545 flor.
564 1523 658 1558 quae
688 1519 812 1545 tamen
841 1509 947 1546 Flor.
1008 1507 1186 1558 inceffore
1213 1509 1417 1544 audiebant
1445 1508 1527 1543 Tu·

164 1567 235 1603 ric.
268 1566 375 1602 Flor.
433 1567 662 1604 timidiorem
686 1568 786 1605 Jens.
820 1568 909 1610 (tac.
942 1567 1073 1610 Gesn.)
1204 1574 1241 1600 et
1277 1566 1458 1614 Asianum
1489 1563 1526 1599 et

160 1623 344 1660 videbunt
373 1633 409 1659 et
436 1624 512 1659 red.
550 1623 683 1660 Turio.
716 1623 821 1659 Flor.
866 1623 930 1659 sed
959 1636 1008 1660 ex
1037 1622 1141 1658 Alm.
1187 1632 1223 1658 et
1253 1622 1440 1659 videbitur
1469 1621 1524 1656 af-

159 1679 302 1719 fertur.
369 1679 500 1716 Facile
541 1681 702 1731 quidem
742 1679 900 1717 elicitur
942 1691 980 1718 el:
1015 1680 1194 1715 ridebant
1233 1688 1275 1715 ut
1314 1678 1525 1714 redundan-

160 1746 257 1772 tem.-
288 1738 350 1773 sed
381 1736 541 1786 illepida
572 1737 667 1773 haec
693 1737 798 1773 foret
827 1737 1023 1779 variatio,
1079 1749 1168 1771 cum
1207 1749 1287 1772 non
1326 1745 1523 1784 appareat,

159 1806 233 1831 cur
253 1795 431 1829 tumidior
453 1795 613 1843 quidem
646 1794 876 1836 inceffatur,
918 1793 1131 1829 redundans
1157 1793 1344 1828 rideatur.
1392 1793 1523 1838 Quare

161 1863 212 1886 ex
241 1849 342 1886 male
373 1851 550 1900 repetitis
581 1849 738 1898 syllabis
770 1859 807 1886 et
837 1851 991 1887 redund.
1020 1861 1149 1885 natam
1189 1849 1304 1885 credo
1335 1847 1522 1896 stribligi-

159 1920 252 1944 nem
285 1907 404 1949 olim,
439 1920 537 1956 quae
566 1908 612 1943 in
643 1907 810 1943 verbum
841 1907 945 1944 illud
973 1906 1184 1944 transierit.
1250 1905 1523 1942 reddudantem

159 1965 297 2001 Turie-
359 1974 397 2001 et
423 1965 707 2015 repetitionibus
736 1965 840 2004 Voss'.
872 1976 909 2002 2.
937 1977 1020 2001 non
1048 1963 1171 2000 male:
1206 1963 1289 2000 vid.
1324 1969 1520 2008 1,11,3.

159 2019 466 2074 compositionem
498 2022 632 2058 Turic.
665 2021 771 2058 Flor.
832 2023 1063 2059 exultantem
1094 2034 1174 2057 om.
1209 2018 1279 2056 iid.

283 2077 514 2130 15.paffim
543 2072 597 2115 af.
629 2081 693 2129 qui
723 2080 885 2116 oderant
913 2077 1048 2129 paffim
1082 2078 1171 2129 quid
1202 2077 1415 2114 inviderant
1437 2075 1520 2112 Tu·

159 2136 231 2174 ric.
298 2150 338 2186 p·
379 2133 421 2174 al
462 2137 526 2186 qui
566 2137 727 2173 oderant
764 2135 899 2187 paffim
930 2137 1032 2188 quod
1063 2136 1218 2172 ederant
1257 2136 1317 2184 qui
1345 2133 1520 2171 videram:

158 2193 266 2230 Flor.
325 2208 363 2243 p.
393 2193 494 2242 quod
527 2203 635 2230 erant
665 2209 700 2245 q.
733 2196 757 2231 i.
792 2195 895 2233 Vols.
927 2195 965 2238 3.
1027 2208 1067 2244 p.
1099 2194 1200 2245 quod
1232 2192 1391 2228 ode'ranc
1421 2204 1454 2239 q-
1491 2191 1517 2226 ι’.

155 2251 266 2294 Vols.
304 2263 341 2288 1.
404 2251 616 2288 inviderant
647 2252 784 2302 Camp.
817 2261 992 2303 quoque.
1103 2258 1105 2262 “
1199 2257 1294 2302 qaae
1325 2247 1518 2284 mulaban·

157 2424 295 2449 omnes
324 2411 384 2449 ibi
406 2423 678 2450 memorantur
697 2426 805 2463 piae-
866 2414 939 2463 qui
974 2412 1160 2454 debebat,
1205 2409 1378 2447 suceeffit
1418 2420 1516 2446 mox

156 2479 217 2504 tex·
239 2469 365 2506 Calidi
352 2484 440 2514 1‚um
463 2470 509 2506 de
540 2483 622 2521 quo
649 2471 731 2507 vid.
754 2471 805 2506 ad
864 2467 999 2520 Postea
1027 2484 1113 2507 vero
1143 2482 1264 2519 quam.

160 2537 398 2572 10,1‚25.
923 2525 1514 2573 exultantem.cf.9,4,1og.

217 2583 801 2637 22.Quem—inceffere.Vid.
868 2587 1088 2626 10,2,16.

158 2650 223 2682 ²2,
257 2656 291 2684 ι,
325 2652 392 2679 22.
511 2641 725 2694 etsaoruni.
758 2645 806 2678 In
925 2638 1515 2693 15.quiaemulabantur.Non

153 2696 288 2736 locum
315 2698 477 2738 alterius
510 2710 570 2745 ee,
615 2700 723 2750 quod
752 2701 806 2737 [εν
863 2697 1031 2737 aemath
1040 2700 1103 2738 ini
1140 2698 1304 2737 virtutis
1336 2707 1380 2734 ct
1403 2709 1514 2749 prae·

1571 258 1615 287 12
