1779 3062
361 167 525 212 INST.
570 164 850 213 ORATOR.
895 165 1018 212 ΜΒ.
1059 165 1130 222 x,
1170 178 1215 222 3.
1341 139 1469 224 '145

115 294 308 356 Neque
330 293 476 340 enim
498 289 678 339 rursus
704 306 809 347 eos,
850 291 946 354 qui
979 292 1147 341 robur
1170 293 1391 358 aliquod
1409 295 1468 343 in

113 369 232 421 stilo
266 369 518 425 fecerint,
591 368 656 415 ad
698 366 972 415 infelicem
1018 370 1378 419 calumniandi
1414 371 1466 420 se

113 464 342 512 poenam
387 445 677 510 alligandos
731 455 879 509 puto.
998 447 1139 492 Nam
1190 448 1466 511 quomodo

112 522 347 572 sufficere
379 522 563 572 officiis
604 522 856 570 civilibus
894 521 1070 586 possit,
1122 525 1216 586 qui
1248 524 1468 590 [iugulis

114 602 384 649 actionum
425 599 664 665 partibus
705 596 1025 647 insenescat‘?
1104 601 1236 647 Sunt
1273 614 1467 661 antem,

112 678 313 742 quibus
350 677 488 726 nihil
522 676 583 724 fit
619 675 763 734 sati&
807 677 988 725 omnia
1018 687 1252 735 mutare,
1285 681 1465 728 omnia

111 756 262 802 aliter
293 755 496 812 dicere,
547 771 706 818 quam
744 755 999 810 occurrit,
1051 754 1243 802 velint:
1293 756 1464 804 incre-

110 831 229 880 duli
256 831 490 896 quidam,
513 841 562 878 et
588 830 654 878 de
676 832 896 895 ingenio
921 829 1018 878 suo
1040 830 1246 895 peffime
1268 833 1462 889 meriti,

109 910 205 974 qui
243 909 572 973 diligentiam
610 918 816 973 putant,
853 906 1025 956 facere
1066 907 1161 955 fibi
1197 907 1464 958 scribendi

44 1038 47 1040 ,
110 984 484 1035 difficultatem.
565 987 681 1033 Nec
702 994 976 1050 promtum
999 984 1070 1032 eft
1096 985 1286 1042 dicere,
1316 997 1462 1036 utros

109 1079 324 1129 peccare
359 1063 589 1112 validius
633 1073 842 1128 putem,
919 1062 1116 1127 quibus
1156 1064 1334 1111 onmia
1374 1062 1465 1113 sua

111 1221 240 1248 novus,
272 1209 376 1243 miro
400 1207 561 1241 errantis
584 1219 756 1254 torpore.
963 1206 1093 1255 Neque
1115 1207 1221 1242 enim.
1247 1207 1309 1241 Sic
1327 1207 1461 1244 Turic.

111 1264 215 1299 Flor.
241 1265 367 1301 Guelf.
401 1263 480 1298 Nec
500 1276 585 1298 vero
616 1264 747 1310 Camp.
784 1276 873 1298 cum
896 1263 981 1299 Ald.
1017 1262 1061 1296 cf.
1087 1272 1123 1304 5,
1163 1271 1198 1305 3,
1238 1276 1270 1297 1.
1301 1263 1464 1311 Reliqui

117 1321 195 1354 Nec
227 1336 255 1357 e.
301 1322 347 1356 cf.
381 1332 425 1368 9,
468 1329 513 1362 5,
559 1329 622 1366 79.
869 1318 1041 1367 fecerint.
1085 1318 1201 1353 Goth.
1235 1320 1333 1356 Jerus.
1371 1325 1461 1365 (tac.

116 1376 440 1426 Gesn.)fece1unc
470 1388 557 1410 cum
591 1377 676 1413 edd.
710 1376 868 1424 posterr.
902 1387 987 1411 ante
1016 1373 1128 1409 Bam.

204 1433 457 1469 calumniandi
475 1431 530 1479 se,
573 1433 704 1468 Tui-ic.
736 1432 774 1478 (a
800 1433 868 1468 see.
895 1432 968 1477 m.)
1008 1446 1035 1465 c.
1060 1429 1141 1479 effe.
1190 1430 1286 1468 Obr.
1319 1446 1347 1467 c.
1369 1431 1462 1481 sese.

118 1489 166 1526 cf.
203 1503 260 1531 ιο,
294 1503 333 1531 2,
365 1499 428 1526 22.
464 1487 575 1523 male.
607 1489 687 1524 vid.
716 1501 751 1536 9,
786 1495 821 1532 4,
856 1495 920 1533 84.
948 1497 1039 1532 157.

207 1582 270 1604 11.
321 1566 459 1617 officiis
491 1567 659 1602 civilibus
688 1566 811 1616 poffit.
859 1568 991 1602 Turio.
1041 1562 1212 1613 officibus
1243 1565 1376 1599 civiliis
1397 1564 1464 1613 sic.

115 1639 134 1660 a
154 1625 220 1660 see.
242 1638 294 1659 m.
323 1625 507 1664 nostrum,
533 1634 569 1658 et
596 1624 645 1658 sie
669 1623 771 1658 Flor.
805 1625 937 1672 Camp.
968 1637 1001 1658 o.
1022 1636 1058 1670 p.
1083 1636 1109 1657 c·
1144 1619 1271 1657 Guelf.
1305 1620 1466 1669 Reliqui

113 1697 144 1720 c.
171 1694 204 1716 0.
224 1696 262 1728 p.
486 1679 649 1729 singulis
671 1681 869 1715 actionum.
902 1680 1034 1714 Turio.
1052 1677 1155 1713 Flor.
1186 1677 1359 1711 inserunt
1395 1679 1464 1719 vel,

115 1737 223 1787 quod
249 1736 360 1785 prior
390 1736 458 1772 sec.
494 1751 544 1771 m.
583 1747 708 1772 mutat
738 1737 780 1771 in
807 1737 927 1777 velut,
971 1746 1007 1772 et
1038 1735 1088 1769 sic
1123 1735 1254 1781 Camp.
1287 1734 1466 1782 Suspicor

114 1792 444 1842 transponendum
478 1793 538 1827 vel
559 1792 722 1841 singulis
742 1807 778 1827 a.
1009 1789 1220 1839 insenescuc.
1251 1788 1380 1825 Guelf.
1412 1793 1466 1826 in-

108 1849 264 1900 suescat.
298 1850 429 1896 Camp.
462 1847 713 1897 insenescacur.
969 1848 1132 1883 occurrit.
1176 1847 1310 1893 Camp.
1344 1860 1466 1882 occur·

114 1915 175 1941 rat
205 1918 293 1941 cum
325 1904 421 1940 Obr.
652 1906 779 1940 velint.
812 1904 945 1939 Turic-
973 1903 1076 1939 Flor.
1109 1903 1209 1938 velut
1246 1915 1335 1937 cum
1363 1903 1465 1942 Jens.

116 1973 154 1998 et
184 1962 268 1997 edd.
306 1960 463 2009 posterr.
498 1971 583 1996 ante
612 1961 699 1998 ΑΜ.
991 1961 1152 2009 quidam.
1195 1959 1327 1993 Turic-
1359 1958 1464 1995 Flor-

115 2019 264 2069 quidem
301 2030 390 2053 cum
427 2017 539 2053 Bam.
833 2015 981 2066 peffime
1013 2018 1144 2052 meriti.
1186 2015 1318 2050 Turic.
1357 2014 1461 2051 Flor.

115 2079 255 2122 (apr.
292 2087 344 2109 m.
386 2073 578 2121 uterque)
618 2072 747 2123 poffim
778 2076 930 2109 emeriti.
1000 2073 1126 2108 Modo
1160 2071 1232 2120 suo
1277 2071 1466 2108 omittunt

114 2131 248 2167 Turic.
286 2130 389 2166 Flor.
429 2130 514 2175 (hic
545 2144 562 2164 a
582 2144 639 2179 pr.
663 2130 734 2175 m.)
773 2130 904 2179 Camp.
938 2143 1027 2165 cum
1060 2129 1161 2165 Alm.
1193 2128 1359 2162 Fortasse
1394 2140 1465 2162 nec

113 2187 235 2228 male;
282 2186 472 2235 „ingenio
511 2198 675 2228 nocent;
724 2188 931 2236 ingenium
969 2186 1158 2222 infamant
1199 2197 1336 2223 omne,
1384 2195 1466 2219 non

112 2244 250 2285 „suum
270 2243 436 2280 solum-‘⁶

175 2357 427 2392 calumniandi
438 2355 551 2405 se.cf.
567 2358 768 2400 8Pro.31.
887 2367 950 2394 12.
980 2357 1153 2393 validius.
1186 2352 1368 2394 „valdius
1389 2366 1470 2389 non

115 2412 212 2447 item
239 2426 299 2452 10,
314 2423 350 2454 7,
370 2419 430 2457 14.
447 2413 517 2448 ubi
537 2412 642 2447 idem
664 2412 766 2449 iilud
824 2415 904 2456 „est
924 2415 966 2448 in
987 2414 1067 2454 usu,
1098 2414 1194 2447 sicut
1222 2420 1355 2444 contra
1382 2422 1469 2445 raro

117 2468 352 2516 infelicitatis
376 2468 625 2505 vocabulum.
818 2470 976 2512 „valide
1039 2469 1248 2506 dicimus,“
1311 2466 1470 2506 Badius,

179 2538 239 2559 11.
265 2524 426 2573 singulis
446 2528 644 2561 actionum.
668 2526 760 2561 vide
818 2537 1056 2562 memoratus
1089 2525 1202 2559 etiam
1230 2524 1468 2566 Burmanno.

113 2593 195 2618 not.
227 2582 312 2617 crit.
819 2584 995 2622 Vicissim
1027 2581 1072 2615 ad
1104 2579 1278 2615 Declam.
1312 2591 1361 2627 9,
1407 2584 1469 2622 ¹4·

173 2639 218 2674 de
249 2638 397 2685 ingenio
419 2634 490 2684 suo
519 2636 668 2687 peffime
689 2652 761 2673 me-
818 2654 856 2688 p.
889 2641 1019 2674 Burm.
1055 2646 1146 2674 202.
1190 2636 1296 2670 idem
1327 2634 1469 2670 deside-

115 2698 191 2731 riti.
226 2696 271 2731 cf.
293 2706 372 2731 not.
395 2693 479 2730 crit.
819 2709 903 2730 rare
923 2705 1100 2730 narratur
1116 2692 1272 2733 valdius,
1283 2691 1356 2728 ubi
1376 2689 1468 2726 vide

176 2753 281 2788 Tom.
313 2752 380 2787 IV.
972 2753 1006 2784 K

1493 474 1539 497 11

1488 999 1537 1027 12
