1779 3062
431 155 597 201 INST.
629 155 920 204 ORATOR.
955 157 1079 203 LIB.
1117 158 1216 213 XI,
1263 169 1306 204 1.
1444 166 1556 211 235.

184 285 274 336 sed
318 285 643 351 plerumque
688 283 846 331 etiam
901 283 1105 334 odium.
1187 285 1358 335 Habet
1402 284 1550 334 enim
1572 292 1622 331 16

184 379 334 414 mens
397 361 574 411 nostra
634 371 824 409 natura
892 359 1119 410 sublime
1178 364 1437 429 quiddam
1497 377 1551 416 et

185 448 454 498 erectum,
506 450 560 488 et
596 439 880 504 impatiens
923 436 1230 504 superioris.
1312 441 1552 505 Ideoque

187 518 442 578 abjectos,
490 527 582 566 aut
623 515 1012 564 summittentes
1045 514 1121 575 se,
1160 517 1390 566 libenter
1426 521 1552 570 alle-

186 611 411 651 vamusg
484 593 613 660 quia
655 593 760 659 lioc
803 590 975 640 facere
1021 603 1274 658 tanquam
1327 600 1552 656 majores

188 671 476 720 videmur:
556 680 634 727 et,
708 670 919 734 quoties
979 668 1196 719 disceffit
1254 674 1556 734 aemulatio,

188 747 424 798 succedit
451 748 769 799 humanitas.
847 749 914 796 At
942 748 1039 812 qui
1071 745 1122 795 se
1148 746 1304 815 supra
1326 750 1556 801 modum

187 827 423 882 extollit,
469 841 713 892 premere
752 841 809 872 ac
846 822 1113 891 despicere
1147 826 1406 885 creditur,
1457 846 1557 878 nec

186 914 293 950 tam
317 900 367 949 se
392 907 666 963 maJ‘orem,
700 919 861 967 quam
888 903 1124 952 minores
1147 914 1346 954 ceteros
1365 904 1551 956 facere.

186 980 319 1030 Inde
344 980 594 1028 invident
612 980 933 1029 humiliores
967 981 1113 1042 (narn
1134 981 1238 1030 hoc
1260 982 1453 1032 vitium
1480 984 1553 1032 est
1578 1011 1628 1045 17

189 1074 412 1114 eorum,
453 1050 551 1120 qui
591 1074 689 1106 nec
725 1056 912 1105 cedere
948 1058 1170 1117 volunt,
1208 1076 1308 1107 nec
1341 1059 1558 1127 poffunt

192 1135 570 1200 contendere),
639 1134 819 1183 rident
860 1133 1189 1202 superiores,
1249 1138 1559 1204 improbant

190 1213 337 1262 boni.
418 1213 743 1277 Plerumque
764 1229 896 1262 vero
917 1212 1284 1280 deprehendas
1309 1232 1558 1282 arrogan-

195 1345 290 1394 quid
317 1346 357 1381 in
382 1345 459 1381 istis
483 1346 646 1382 tionibus
667 1342 731 1398 (en
757 1346 862 1381 enirn
886 1345 934 1381 est
952 1360 971 1381 a
1004 1342 1143 1393 tamen)
1174 1346 1288 1385 lateat
1310 1364 1557 1401 nequaquam

195 1403 502 1438 comminiscens.
538 1405 639 1438 Cave
674 1404 856 1438 tironibus
884 1403 975 1438 inde
1011 1402 1215 1452 excuspas,
1249 1419 1419 1454 quorum
1449 1411 1558 1446 nullst

194 1460 259 1494 hie
293 1459 407 1494 ratio.
455 1459 560 1494 Illud
592 1460 675 1495 satis
706 1459 927 1508 intelligere
948 1461 1100 1500 videor,
1126 1460 1190 1508 sui
1230 1463 1301 1498 effe
1336 1464 1558 1510 delendum,

197 1517 343 1564 quippe
382 1528 515 1552 natum
558 1530 605 1551 ex
647 1515 747 1551 male
779 1518 986 1564 geminatis
1016 1518 1159 1553 vicinis
1204 1518 1309 1554 inter
1336 1521 1370 1556 se
1399 1521 1558 1562 litteris,

195 1573 448 1622 Eloquentiae
487 1573 591 1607 enim
623 1573 823 1620 genitivus
856 1587 937 1609 non
973 1585 1075 1609 recte
1107 1575 1310 1622 procedit,
1361 1592 1450 1613 cum
1481 1583 1560 1628 jam

198 1629 293 1665 alter
317 1630 472 1665 auditus
500 1629 548 1664 est
559 1629 643 1678 sui,
675 1642 746 1664 nec
766 1629 876 1666 locus
899 1632 1086 1666 convenit
1115 1633 1209 1667 voci
1233 1633 1419 1670 diremtae
1444 1638 1490 1674 ab
1512 1653 1558 1675 co

198 1686 302 1722 unde
333 1686 494 1735 pendet:
544 1689 721 1732 jactatio.
779 1686 866 1721 Alia
902 1701 961 1723 res
996 1688 1046 1722 eft
1077 1692 1110 1735 ᾗ.
1148 1696 1211 1731 50.
1274 1691 1421 1727 Totum
1453 1695 1562 1731 huno

200 1743 358 1783 sensum,
377 1743 578 1792 vitiosa—
589 1745 809 1783 humanitas,
823 1744 983 1780 exhibet
995 1743 1255 1793 Florilegium
1271 1749 1562 1790 Sentenianum.

200 1803 247 1835 In
270 1813 349 1848 quo
373 1800 533 1847 quidem
557 1801 808 1840 omittuntur,
842 1802 904 1836 sed
926 1801 1114 1840 consulto,
1137 1803 1368 1850 eloquentiae
1386 1827 1435 1834 —-
1453 1824 1562 1858 prae..

202 1859 307 1904 cipue
330 1867 368 1892 et
388 1869 462 1904 pro
486 1858 560 1901 abj.
585 1866 649 1891 aul:
669 1858 720 1892 est
742 1872 776 1892 a.
801 1867 848 1898 et,
873 1868 911 1892 et
931 1858 974 1892 in
995 1858 1074 1893 fine
1095 1859 1284 1895 humilitas
1305 1863 1562 1906 (monachum

203 1914 360 1948 decente
391 1913 514 1960 vitio)
545 1913 726 1949 scribitur
759 1915 825 1956 (cf.
851 1926 898 1962 9,
944 1921 988 1957 4,
1029 1920 1126 1959 88.).
1168 1918 1304 1952 Cetera
1342 1932 1566 1969 congruunt

201 1981 388 2018 receptae.
431 1970 649 2006 Sententiae
684 1972 788 2005 eausa
809 1970 1090 2007 Alnielovenus
1124 1986 1323 2022 comparat
1360 1990 1392 2018 ι,
1427 1978 1462 2019 6,
1498 1986 1562 2024 40,

203 2027 275 2063 ubi
315 2037 442 2062 tamen
479 2027 597 2075 longe
635 2027 767 2063 minus
801 2028 968 2076 odiosum
1000 2042 1117 2077 quam
1159 2030 1225 2066 hic
1255 2033 1392 2070 odium.
1434 2036 1564 2072 Etiam

137 2092 140 2095 ’
202 2090 242 2130 4,
280 2098 315 2123 1,
350 2097 385 2132 9.
425 2084 544 2120 habes
565 2086 813 2129 jactationem
836 2086 1079 2133 eloquentiae.

294 2141 356 2176 16.
387 2151 556 2178 erectum.
600 2141 731 2176 Turio.
771 2141 875 2177 Flor.
910 2142 995 2188 (hic
1022 2157 1042 2178 a
1067 2157 1127 2193 pr.
1147 2146 1220 2190 m.)
1265 2147 1397 2196 Camp.
1429 2158 1568 2186 rectum

204 2213 292 2235 cum
317 2197 420 2232 Alm.
452 2199 499 2234 cf.
528 2213 593 2240 11,
628 2207 667 2241 5,
699 2209 764 2242 72·

296 2265 358 2298 17.
399 2269 485 2290 nam
518 2256 585 2291 hoc
613 2257 758 2292 vitium.
801 2256 865 2291 Sic
897 2256 1002 2292 Flor.
1036 2256 1075 2302 (a
1104 2258 1173 2294 sec.
1205 2261 1279 2306 m.)
1311 2261 1445 2310 Camp.
1475 2262 1566 2300 Ald.

205 2312 316 2348 Bam.
349 2312 500 2361 Grypli.
535 2326 624 2348 cum
658 2314 804 2349 Vascos.
840 2313 973 2362 Steph.
1007 2313 1111 2350 Roll.
1145 2317 1307 2364 Capper.
1337 2319 1410 2352 Sed
1431 2319 1569 2357 Turio.

206 2368 312 2406 Flor.
355 2383 441 2403 nam
470 2369 538 2405 hoc
566 2367 746 2418 officium.
802 2369 993 2406 Officiunt
1032 2371 1103 2407 sibi
1132 2373 1304 2408 invicem
1350 2389 1435 2410 nam
1467 2387 1503 2412 et
1533 2378 1572 2413 H

207 2425 276 2469 (cf.
299 2436 335 2471 9,
368 2431 406 2471 4,
444 2427 567 2471 ι40.),
602 2438 639 2462 et
672 2424 838 2474 officium
872 2427 984 2463 facile
1019 2428 1217 2464 oriebatur
1248 2443 1294 2465 ex
1328 2431 1394 2466 hoc
1423 2435 1568 2472 vitium.

208 2481 316 2517 Illud
337 2495 385 2516 ex
403 2480 506 2516 Alm.
527 2496 683 2530 quoque
703 2484 892 2526 refertur,
925 2499 1010 2519 nam
1031 2499 1112 2521 non
1131 2486 1225 2521 item
1247 2486 1312 2532 (cf.
1338 2491 1495 2535 §.14.).

296 2538 394 2574 boni.
460 2539 523 2574 Sic
565 2540 698 2576 Turic.
744 2541 850 2577 Flor.
889 2542 1025 2577 Ambr.
1059 2552 1093 2577 2.
1143 2543 1276 2591 Canip.
1323 2557 1410 2580 cum
1451 2548 1571 2585 Goth.

272 2663 336 2695 17,
380 2651 544 2687 invident
577 2653 864 2690 humiliores—
924 2655 1024 2690 boni.
1110 2657 1214 2696 Hac,
1262 2671 1377 2706 quam
1410 2661 1571 2710 Capper,

211 2710 334 2744 rident
368 2706 601 2756 superiores,
652 2712 866 2759 improbant
924 2712 1113 2760 signavit,
1154 2715 1372 2762 parenthesi
1422 2729 1576 2768 apparet
