1779 3062
435 130 600 176 INST.
638 130 920 178 ORATOR.
939 186 941 188 a
963 133 1086 177 Lm.
1104 132 1217 189 ΧΠ,
1258 146 1334 177 10.
1477 133 1574 189 623

222 256 470 323 peravit?
549 275 662 308 non
705 256 933 324 insurgit
971 256 1143 308 locis?
1218 277 1331 308 non
1357 258 1575 326 ‘figuris

225 332 458 400 gaudet?
498 352 611 385 non
644 337 1080 387 translationibus
1110 336 1280 385 nitet?
1319 355 1431 387 non
1462 355 1578 388 ora-

223 412 376 461 tione
412 410 537 461 ficta
570 412 660 462 dat
690 415 985 464 tacentibus
1016 416 1241 465 vocem?
1274 433 1403 465 «non
1437 415 1579 466 illud
1607 430 1657 473 24

223 569 358 606 Turio.
387 568 492 605 Flor.
611 583 690 607 non
713 568 878 619 surgitio
912 584 986 605 non
1009 570 1046 618 f
1071 572 1202 608 Turio.
1228 570 1332 608 Flor.
1395 587 1432 610 n.
1454 571 1580 622 surgit

225 626 250 662 l.
279 625 369 674 ms.
397 626 533 677 Camp.
592 642 630 664 η,Δ
660 629 827 676 ingurgit
856 627 881 662 l.
918 641 982 661 nec
1002 627 1039 674 f
1073 627 1204 665 Guelf.
1431 630 1499 666 dac
1521 638 1578 665 ta·

224 684 390 719 centibus
407 697 545 720 vocem.
606 685 669 721 Sic
689 685 823 721 Turio.
849 683 956 719 Flor.
982 685 1115 734 Camp.
1148 698 1179 721 c.
1200 685 1319 722 Goth.
1342 685 1455 721 Bodl.
1477 687 1578 724 Jens.

226 751 266 776 et
295 741 381 776 edd.
416 752 502 777 ante
530 742 676 779 Vascos.
704 748 823 787 ¹542·
849 741 938 777 teste
961 741 1141 782 Gesnem,
1173 743 1255 778 acc.'
1280 742 1432 790 Gryph.
1458 746 1577 786 1544ss

226 798 331 837 Gibs.
347 797 444 834 Obr.
458 798 562 835 Roll.
585 801 696 835 datur
715 798 796 844 (sed
817 813 859 833 ur
879 811 950 847 per
972 799 1195 846 compend.)
1220 800 1425 835 dicentibus
1449 799 1576 836 Guelf.

225 855 294 891 dat
323 855 528 891 carentibus
558 855 717 905 reliqui.
751 855 826 890 Sed
852 854 1056 891 tacentibus
1079 856 1150 890 effe
1172 857 1287 890 etiam
1309 857 1351 892 in
1371 858 1453 892 mff.
1479 859 1576 892 Bur-

224 912 374 953 manni,
413 924 461 947 ex
497 925 543 949 eo
566 918 702 962 patet,
735 912 844 959 quod
875 912 1120 948 tam‘misere
1153 908 1278 948 editos
1308 912 1376 948 ille
1411 915 1576 950 circum·

224 969 352 1017 spicit,
384 968 456 1015 qui
484 969 576 1005 dent
605 970 836 1008 carentibus‚·
866 980 1046 1016 patetque
1075 968 1202 1009 simul,
1234 970 1487 1017 quam'nulla
1514 985 1577 1007 us-

226 1038 345 1074 quam
371 1024 418 1059 sit
448 1025 601 1063 silentio
637 1027 718 1073 ejus
748 1026 795 1061 de
824 1028 904 1062 mff.
936 1026 1055 1063 fides..
1108 1027 1204 1062 Non
1237 1027 1411 1074 negarim
1451 1038 1580 1064 tamen

226 1081 434 1118 carentibus
464 1083 506 1118 in
535 1085 602 1119 ms.
637 1084 831 1133 quodam,
863 1099 883 1118 a
914 1083 1121 1120 Gallandio
1153 1082 1325 1123 fortasse,
1356 1085 1577 1120 inventum.

227 1139 303 1175 Sed
328 1140 531 1176 immerito
561 1140 768 1189 praelatam
798 1141 898 1176 hanc
928 1141 1156 1188 scripturam
1178 1141 1404 1176 contendoq
1449 1141 1581 1177 Nimi-

226 1210 315 1232 rum
345 1197 446 1243 capti
473 1197 559 1234 sunt
591 1199 672 1234 viri
703 1199 810 1234 docti
843 1198 1033 1246 elegantia
1065 1198 1250 1246 quadam,
1287 1211 1384 1244 quae
1413 1196 1496 1235 illis
1519 1199 1580 1234 vi-

227 1253 405 1294 debatur,
438 1255 706 1301 grammatica,
745 1269 819 1304 qua
847 1255 1014 1291 verbum
1047 1255 1252 1290 carentibus
1281 1254 1359 1289 [inc
1394 1255 1477 1290 casu
1513 1257 1578 1292 suo

186 1325 188 1329 ’
226 1321 314 1346 ante
338 1311 597 1347 accusativum
634 1312 818 1348 insertum
851 1313 920 1348 est:
983 1325 1072 1347 cum
1112 1322 1239 1346 tamen
1278 1312 1421 1357 majori
1462 1313 1578 1348 etiam

228 1367 418 1416 elegantia
451 1371 599 1404 tacendi
629 1369 798 1405 verbum
839 1370 885 1405 de
923 1381 1025 1405 ‘voce
1063 1368 1284 1404 carentibus
1315 1368 1578 1417 usurparetur.

226 1424 303 1461 sed
328 1424 423 1474 quid
459 1425 508 1461 est
539 1439 609 1462 cur
636 1428 843 1475 proprium
869 1427 1016 1462 sensum
1035 1426 1129 1461 hinc
1148 1423 1432 1462 excludamus?
1467 1427 1580 1463 Certe

225 1481 381 1519 silentio
412 1482 623 1518 homiuum
656 1483 974 1522 infacundorum,
1007 1483 1078 1532 qui
1107 1481 1246 1517 moesti
1263 1482 1391 1522 astant,
1424 1483 1578 1519 silentio

224 1539 543 1589 indignantium,
594 1541 827 1577 mirantium
865 1539 1030 1577 callidus
1070 1545 1202 1575 orator
1240 1539 1366 1575 utitur
1396 1550 1581 1590 tanquam

224 1595 478 1646 loquentium
508 1610 617 1634 voce.

226 1734 284 1771 dis
308 1747 327 1768 a
349 1734 440 1769 viro
459 1734 610 1783 optimo
631 1734 875 1769 neceffariam

224 1801 338 1840 puto,
368 1804 495 1839 neque
519 1790 562 1825 in
593 1789 691 1826 loeis
720 1791 878 1826 Cicero·

225 1848 287 1884 nis
310 1858 347 1882 et
368 1846 517 1889 Taciti,
548 1860 647 1895 quos
675 1846 804 1882 nostro
835 1848 877 1882 in

935 1734 999 1770 Sic
1032 1733 1135 1769 enim
1157 1732 1272 1780 plane
1302 1747 1384 1769 non
1413 1747 1582 1783 apparet,

935 1804 1004 1826 cur
1029 1786 1220 1838 'insurgere
1251 1791 1496 1837 potissimum
1524 1794 1583 1827 lo-

934 1850 982 1882 cis
1003 1848 1154 1881 dicatur
1175 1856 1322 1881 orator.
1379 1849 1495 1882 Locis
1526 1851 1584 1884 di-

226 1915 320 1941 nota
338 1903 406 1938 illa
427 1904 473 1939 ad
499 1911 535 1948 5,
563 1910 625 1947 14.
652 1913 716 1947 35.
740 1904 877 1951 adjun-

225 1962 300 2002 xit,
333 1961 380 1996 de
402 1960 470 1996 tal'i
501 1960 745 1997 correctione
771 1961 879 2009 cogi-

224 2029 307 2056 tare
331 2018 464 2067 potuit
484 2018 573 2067 ipse.
606 2020 701 2053 Sane
724 2018 765 2052 in
785 2017 876 2054 loco

173 2080 175 2083 ’
227 2089 345 2125 quem
368 2074 434 2110 hic
462 2077 506 2111 in
524 2075 701 2122 margine
724 2076 879 2123 notavit

227 2132 358 2182 Spald.
373 2144 393 2166 e
406 2132 581 2180 Dialogo
597 2133 643 2168 de
657 2144 755 2167 corr.
771 2131 873 2180 eloq.

230 2203 263 2226 c.
286 2196 347 2235 14.
370 2190 628 2238 conjungitur
646 2189 748 2224 laeta
766 2197 803 2225 et
812 2204 878 2226 au-

230 2248 378 2282 dentior
397 2248 547 2282 oratio.-
605 2246 668 2282 sed
699 2259 780 2282 non
804 2247 878 2282 mi·

229 2315 305 2339 nus
326 2303 533 2339 commode
551 2303 668 2339 latior
682 2313 718 2338 et
738 2305 878 2339 auden-

232 2362 308 2395 tior
335 2359 424 2400 hic;
454 2372 544 2395 cum
573 2358 717 2396 laetum
755 2373 878 2410 oppo-

231 2427 348 2452 natur
380 2417 511 2458 arido,
550 2416 674 2453 latum
705 2415 874 2466 angusto.

289 2474 392 2509 locis.
410 2474 512 2508 Cave
533 2472 639 2510 hunc
659 2474 877 2511 ablativum

231 2530 370 2566 eodem
398 2530 520 2565 modo
550 2543 631 2579 quo
664 2532 876 2580 sequentes,

220 2586 385 2635 figuris,
423 2588 746 2629 translationibus,
778 2590 876 2624 acci-

225 2644 310 2693 pias
338 2655 375 2679 et
404 2644 451 2680 de
480 2643 579 2680 locis
605 2646 786 2682 oratoriis
813 2647 874 2681 in-

225 2700 399 2750 telligas,
431 2702 492 2737 nti
522 2702 618 2737 fecit
647 2703 870 2751 Gedoynus.

935 1914 1041 1940 ctum
1067 1902 1133 1937 hic
1160 1913 1203 1937 ut
1222 1916 1260 1951 9,
1282 1909 1317 1944 4,
1339 1909 1403 1948 85,
1438 1904 1484 1940 de
1516 1919 1583 1956 op-

934 1960 1188 2011 portunitate.
1279 1961 1317 1995 D
1324 1974 1381 1995 em
1389 1961 1560 1999 dfihenes
1573 1991 1585 2005 ,

937 2029 1069 2054 orator
1090 2015 1183 2052 alias
1209 2017 1372 2053 minime
1396 2020 1585 2061 tumidus=,

935 2086 1086 2115 tamen,
1116 2074 1187 2109 ubi
1221 2085 1490 2123 opportunum
1520 2078 1584 2119 est,

937 2143 975 2168 et
1003 2145 1062 2167 res
1088 2131 1232 2180 poscit,
1282 2131 1462 2180 insurgit.
1518 2134 1587 2169 Fa-

936 2200 1024 2225 teor
1075 2187 1277 2236 aliquanto
1319 2188 1586 2238 negligentius

937 2245 1229 2294 Quintilianum
1243 2245 1349 2280 hunc
1369 2245 1586 2283 ablativum

936 2303 1074 2339 ceteris
1098 2302 1362 2339 diversiffimis
1381 2304 1584 2342 miscuiss'e.

936 2360 1010 2396 Sed
1038 2359 1152 2395 talem
1184 2360 1263 2405 jam
1294 2360 1482 2397 novimus
1514 2374 1585 2398 no·

935 2418 1073 2453 strum:
1110 2426 1148 2451 et
1177 2415 1243 2451 hic
1276 2427 1405 2452 tamen
1436 2419 1584 2466 politus

934 2474 1172 2513 verborum,
1213 2484 1346 2509 tenore
1375 2475 1583 2521 juvandus,

935 2530 1233 2578 ambiguitatem
1283 2530 1402 2567 tollit.
1461 2532 1585 2572 „Non

933 2586 1120 2636 „insurgit
1151 2585 1288 2623 locis?
1334 2601 1416 2624 non
1439 2588 1585 2638 figuris

932 2642 1171 2693 ‚‚gaudet‘?“
1523 2658 1527 2662 '

989 2702 1202 2739 tacentibus.
1242 2701 1325 2738 vid.
1357 2713 1437 2740 not
1467 2702 1554 2740 exit·
