1779 3062
193 126 296 183 633
428 163 430 165 ,
475 150 486 169 ,-
519 121 598 167 ·Μ.
632 120 768 167 FAB.
800 119 1221 182 QUINTILLANI
1248 171 1254 175 ,,

117 267 163 304 57
190 251 415 318 Ingenia
436 250 779 310 Graecorum,
821 248 981 296 etiam
1013 248 1241 308 minora,
1279 248 1402 302 suos
1424 268 1646 318 por-2095

196 342 284 380 tus
315 328 542 379 habent:
575 368 577 371 .
619 342 718 375 nos
744 326 1064 391 plerumque
1091 326 1381 387 majoribus
1412 330 1551 380 velis

188 422 542 463 moveamur,
609 402 843 452 validior
887 401 1104 469 spiritus
1145 403 1352 455 nostros
1399 406 1550 458 sinus

184 484 392 536 tendat.
485 483 618 532 Non
661 492 838 531 tamen
884 481 992 531 alto
1032 479 1240 546 semper
1279 481 1549 539 feremur:

187 581 321 614 *nam
364 571 419 610 et
458 561 616 610 litora
651 559 870 608 interim
906 556 1174 626 sequenda
1210 557 1348 610 sunt.
1431 563 1551 612 Illis

187 641 369 696 ,facilis
399 656 497 706 per
528 636 798 703 quaelibet
820 634 963 689 ¹vada
1003 632 1253 686 accessus:
1309 655 1410 704 ego
1457 639 1554 688 ali-

195 718 347 785 quid,
385 733 501 766 non
534 715 710 764 multo
743 724 935 772 tamen,
978 714 1152 772 altius,
1193 714 1254 762 in
1293 733 1404 780 quo
1433 732 1555 765 mea

115 816 164 857 58
196 797 390 864 cymba
425 810 540 845 non
573 791 731 851 sidat,
773 793 1064 843 inveniam.
1144 793 1343 858 Neque
1380 792 1554 852 enim,

188 996 295 1041 „hoc
326 994 388 1034 est,
418 995 586 1031 Graecos
619 992 734 1032 etiam
764 991 897 1027 tenuia
928 991 1029 1027 dicta
1061 992 1238 1027 decent.“
1268 994 1424 1028 certiore
1446 993 1551 1040 (jun-

183 1054 366 1104 gendum
404 1051 500 1089 voci
529 1054 666 1099 copia)
696 1048 799 1087 Vau.
835 1048 955 1084 Goth.
989 1049 1091 1086 Voff.
1129 1063 1163 1085 1.
1198 1060 1233 1091 2.
1262 1059 1304 1094 3.
1345 1050 1452 1098 quod
1481 1049 1550 1085 ha-

188 1112 256 1148 bet
297 1123 377 1159 quo
417 1109 455 1143 se
483 1118 657 1143 tueatur:
723 1108 770 1143 cf.
806 1117 888 1141 not.
930 1118 1038 1153 exeg.
1079 1106 1140 1141 sed
1170 1117 1324 1155 recepta
1363 1107 1551 1156 scriptura

183 1169 431 1215 fidejuss‘ores
474 1164 647 1213 optimos
686 1162 804 1199 habet
834 1163 967 1198 Turio.
1004 1163 1138 1211 Camp.
1173 1163 1262 1199 Md,
1295 1163 1367 1199 nisi
1395 1164 1438 1199 in
1469 1164 1550 1199 Tu-

185 1226 257 1262 ric.
292 1224 394 1261 forte
423 1221 611 1256 mendum
638 1222 892 1270 proprietates
920 1219 1025 1267 fugit
1057 1219 1304 1268 diligentiam
1334 1220 1476 1257 Uh-ici.

301 1347 367 1382 57.
427 1337 581 1384 ingenio
623 1346 670 1369 ex
701 1331 804 1367 Alm.
838 1342 875 1376 et
904 1332 959 1368 ita
990 1332 1077 1368 edd.
1108 1332 1247 1369 multi:
1307 1333 1392 1370 vid.
1428 1334 1548 1383 paulo

185 1407 283 1433 ante.
337 1391 427 1444 suos
463 1402 595 1442 parcas
635 1391 772 1426 Turic-
1005 1404 1193 1427 movemur
1233 1390 1367 1427 Turio.
1411 1391 1543 1430 Guelf.

180 1456 321 1501 Camp.
350 1453 476 1487 Stoer.
507 1462 587 1498 quo
618 1447 779 1484 admiffo
809 1447 957 1496 periret
983 1448 1189 1483 necefl'nria
1214 1448 1257 1482 in
1286 1446 1429 1484 talibus
1456 1461 1548 1486 con·

178 1509 362 1550 (inuitas,
395 1506 508 1543 tertia
538 1505 808 1555 propositione
838 1504 942 1540 inter
973 1504 1053 1539 duo
1085 1504 1275 1539 antitheta
1306 1504 1458 1542 inferta.

353 1561 496 1612 nostros
517 1562 556 1611 si
587 1577 661 1597 non
693 1562 826 1596 tendat
857 1561 993 1597 Turic.
1042 1559 1149 1610 sinus
1179 1576 1214 1596 n.
1248 1570 1273 1596 t.
1308 1562 1427 1597 Goth.
1440 1563 1541 1600 Jens.

180 1625 273 1669 (tac.
304 1621 437 1661 Gesn.)
470 1630 508 1654 et
534 1618 629 1667 post.
666 1629 751 1652 ante
782 1620 908 1653 Stoer.
1126 1616 1292 1664 feremus
1314 1617 1419 1654 Flor.
1483 1621 1545 1655 illi

174 1680 306 1729 facilis
336 1676 471 1713 Turio.
502 1674 607 1711 Flor.
641 1672 773 1710 Guelf'.
805 1687 837 1709 c.
868 1675 982 1709 Bern.
1080 1687 1154 1708 non
1183 1674 1250 1709 dat
1270 1675 1404 1723 Camp.
1464 1690 1540 1712 non

179 1734 349 1785 considat
379 1730 481 1771 Jens.
516 1743 553 1767 et
583 1731 676 1780 post.
709 1740 796 1764 ante
828 1729 926 1766 Obr.
959 1730 1143 1766 exc.Ald.
1176 1732 1247 1779 qui
1275 1730 1443 1778 considat
1464 1747 1541 1768 non

177 1794 395 1830 inveniam?
458 1803 478 1825 e
509 1790 734 1836 conjectura
763 1786 969 1822 nimirum.
1087 1789 1253 1824 inveniat
1276 1788 1410 1825 Turio.
1429 1788 1534 1826 Flor.

231 1949 391 2000 37.suos
407 1958 539 1999 portus
559 1946 716 1985 habent.-
745 1961 828 1984 non
943 1960 1166 1984 moveamur.
1211 1946 1260 1985 cf.
1281 1957 1363 1984 not.
1389 1948 1478 1984 crit.

173 2009 244 2046 nbi
275 2019 357 2044 tuta
389 2009 485 2047 sint,
527 2016 571 2041 ut
602 2003 703 2040 male
739 2006 828 2041 Ges·

171 2080 275 2102 nen:
323 2078 411 2101 nam
440 2064 489 2098 [ie
519 2061 633 2111 plane
653 2074 733 2096 non
760 2075 826 2110 ap·
884 2099 887 2101 ,
947 2063 1295 2110 ego—inveniam.
1390 2063 1532 2098 Roma-

144 2125 335 2173 ῬΜ-ενοι,
373 2121 470 2169 quid
501 2120 574 2155 fibi
596 2118 695 2154 Velit
722 2117 825 2153 illud
884 2120 944 2156 nis
978 2120 1095 2155 etiam
1133 2118 1270 2154 licebit
1314 2119 1423 2153 tenui·
1459 2118 1532 2154 illo

170 2183 286 2216 eciam
305 2180 348 2214 in
373 2177 600 2213 minoribus
627 2175 819 2222 navigiis:
884 2176 1075 2212 orationis
1115 2187 1256 2223 genere
1293 2174 1352 2209 uti
1384 2168 1533 2225 (litora

168 2237 229 2272 sed
252 2247 390 2285 portus
422 2234 488 2269 hic
514 2234 602 2269 funt
630 2232 819 2280 emporia,
879 2233 1027 2282 sequi);
1071 2232 1124 2268 ita
1155 2242 1282 2266 tamen
1312 2241 1356 2266 ut
1382 2230 1431 2266 ob
1463 2230 1531 2267 ina

167 2294 241 2329 ubi
263 2294 314 2329 ob
337 2303 483 2328 merces
506 2303 600 2339 quas
619 2289 821 2324 advehunt
878 2289 1036 2338 linguae
1054 2289 1138 2324 [uae
1157 2288 1434 2336 impedimenta
1448 2301 1527 2326 mas

167 2361 344 2399 acceptae
364 2350 511 2397 semper
532 2347 620 2382 sunt
637 2359 767 2386 naveS,
783 2355 820 2381 et
877 2346 963 2392 jore
993 2344 1338 2392 circumspectione
1369 2354 1406 2379 et
1434 2344 1528 2380 dex·

166 2407 405 2455 acceptiores
427 2417 507 2453 quo
521 2404 688 2450 majores
703 2413 740 2438 et
761 2401 818 2437 lo·
877 2403 1030 2438 teritate
1058 2411 1213 2436 utantur
1258 2400 1367 2446 (non
1397 2400 1524 2438 'nimis

162 2463 415 2511 cupletiores.
475 2463 644 2496 Eatenus
694 2459 818 2506 igitur
875 2471 1000 2508 prope
1022 2458 1224 2499 accedant,
1256 2457 1376 2507 paulo
1406 2457 1525 2493 altius

164 2531 268 2555 recte
291 2521 458 2559 Gesner„
492 2517 601 2566 quod
625 2515 672 2551 de
703 2514 817 2564 „glo-
875 2515 922 2550 ad
935 2515 1116 2550 evitanda
1133 2513 1267 2550 brevia
1285 2525 1323 2550 et
1344 2513 1522 2562 scopulos

164 2577 274 2618 ‚‚ria‚
314 2588 415 2612 certe
444 2575 603 2624 gratia“
633 2572 728 2608 haec
754 2573 816 2607 in·
874 2572 1120 2619 vehantur),
1164 2584 1280 2619 quam
1305 2571 1450 2607 neceffe
1471 2572 1521 2606 est

166 2643 413 2681 terpretatur,
447 2645 544 2680 quae
562 2629 627 2666 vel
647 2629 814 2666 minori·
874 2627 1276 2666 naturaliAtticorum
1298 2627 1518 2678 gracilitati.

165 2688 238 2726 bus
259 2690 428 2738 ingeniis
449 2701 530 2725 non
561 2687 669 2724 defit.
