1779 3062
195 197 289 245 193
512 184 590 231 M.
627 188 762 233 ΕΑΒ.
798 187 1216 248 QUINTILIANI

918 314 1189 363 Postremo
1266 312 1541 363 habebunt

193 389 423 439 modum
491 401 544 439 et
602 390 798 448 finem,
894 392 991 455 qui
1057 389 1155 438 effe
1214 392 1341 439 citra
1400 391 1542 439 divi-

192 463 399 515 sionem
431 468 618 517 nullus
649 467 829 533 potest.
903 467 1138 532 Expletis
1168 483 1267 531 pro
1298 466 1544 515 facultate

195 543 463 602 omnibus,
503 562 637 609 quae
653 543 1044 610 proposuerint,
1083 541 1374 607 perveniffe
1399 541 1450 591 se
1477 542 1544 591 ad

195 620 453 669 ultimum
482 620 720 669 sentient.
799 623 864 669 Et
901 621 1029 669 haec
1078 618 1296 684 quidem
1330 637 1395 669 ex
1413 629 1544 677 arte,

193 696 287 744 illa
343 713 474 746 vero
525 716 592 747 ex
649 694 849 765 studio:
911 707 971 745 ut
1018 697 1226 761 copiam
1283 694 1543 749 sermonis

193 774 403 838 optimi,
441 773 899 838 quemadmodum
924 783 1264 838 praeceptum
1286 771 1375 830 est,
1401 789 1546 822 com·-

192 866 437 915 paremus
450 868 463 909 ;
524 852 697 900 multo
735 868 791 898 ac
826 849 981 898 fideli
1015 848 1133 898 stilo
1172 848 1244 897 sic
1281 848 1546 898 formetur

194 928 394 985 oratio,
447 938 508 976 ut
545 926 860 992 scriptorum
896 928 1158 984 colorem,
1218 927 1376 975 etiam
1411 942 1546 991 quae

192 1002 370 1053 subito
404 1000 566 1052 effusa
593 1003 739 1061 sunt,
798 1003 1048 1062 reddant;
1125 1013 1187 1052 ut
1221 1020 1345 1052 cum
1379 1004 1549 1052 multa

149 1089 172 1128 8
197 1078 585 1148 scripserimus,
657 1082 813 1131 etiam
844 1081 1012 1130 multa
1053 1079 1308 1130 dicamus.
1406 1082 1551 1130 Nam
1585 1080 1590 1086 ’

148 338 172 373 7
194 329 425 377 usquam
500 312 810 364 insistentes.

194 1214 298 1250 velut
324 1213 400 1264 sal.
446 1215 591 1260 (nescio
627 1214 853 1249 dativumne
885 1228 932 1249 an
963 1213 1106 1262 accus.)
1146 1215 1229 1249 hinc
1261 1216 1299 1248 in
1329 1213 1443 1252 illud,
1471 1213 1552 1254 hic,

195 1272 299 1307 velue
316 1270 496 1319 salientes
519 1271 599 1304 hinc
620 1270 717 1306 illuc.
968 1284 1131 1318 usquam.
1164 1270 1300 1305 Turio.
1331 1269 1435 1306 Flor.
1467 1270 1554 1316 (hic

197 1340 218 1362 a
238 1340 297 1376 pr.
320 1331 391 1370 m.)
427 1328 560 1374 Camp.
593 1340 767 1375 unquam.
800 1326 918 1362 Goth.
954 1327 1102 1362 omittit
1131 1341 1194 1361 nec
1213 1339 1378 1376 usquam.

285 1394 321 1426 7.
367 1383 543 1431 Expletis
571 1396 639 1430 pro
665 1381 862 1432 facultate.
903 1383 1036 1418 Turio.
1075 1382 1179 1418 Flor.
1223 1383 1308 1427 (hic
1336 1397 1355 1418 a
1388 1396 1446 1432 pr.
1476 1379 1554 1432 m.)

197 1439 391 1475 omittunt
418 1454 500 1488 pro.
765 1439 933 1474 omnibus
953 1459 1003 1466 —
1026 1438 1227 1489 perveniſj'e
1247 1438 1293 1488 se
1324 1440 1385 1476 ad.
1417 1440 1553 1476 Turio.

198 1508 234 1531 ο.
258 1494 488 1545 proposuiffe
509 1497 568 1531 ad.
592 1495 695 1531 flor.
731 1510 764 1531 o.
784 1494 1051 1544 proposuistis-m
1074 1497 1134 1536 ad,
1159 1510 1177 1530 a
1197 1497 1266 1532 sec.
1290 1510 1343 1531 m.
1366 1496 1555 1539 nostrum,

199 1552 274 1587 nisi
302 1553 408 1600 quod
438 1551 720 1601 proposuerunt.
947 1551 1126 1601 sentient.
1155 1553 1288 1588 Turic.
1319 1552 1425 1589 Flor.
1470 1551 1557 1600 (hie

199 1621 221 1642 a
239 1622 298 1657 pr.
320 1610 393 1655 m.)
414 1607 594 1658 sentiunt.
830 1622 872 1644 ex
896 1619 987 1645 arte.
1018 1609 1150 1644 Turio.
1181 1618 1217 1644 et
1238 1618 1332 1645 arta.
1387 1604 1395 1608 ⁴

289 1667 403 1700 etiam
435 1679 540 1713 quae.
582 1666 701 1701 Goth.
746 1667 838 1709 (err.
880 1665 1009 1709 Gesn.)
1058 1678 1088 1700 e.
1112 1680 1155 1700 ea
1175 1680 1210 1715 q.
1263 1679 1353 1701 eum
1381 1666 1487 1704 Voff.
1519 1678 1558 1703 2.

202 1721 301 1761 Jens.
337 1731 374 1756 et
405 1721 490 1756 edd.
522 1722 681 1769 posterr.
717 1734 802 1758 ante
833 1721 946 1758 Bafil.
1179 1721 1297 1770 effusa
1312 1721 1412 1771 sunt.
1454 1723 1560 1760 Flor.

205 1779 244 1823 (a
268 1791 328 1827 pr.
353 1780 425 1822 m.)
458 1776 637 1827 effulsas.
668 1779 796 1814 Guelf.
830 1793 859 1813 e.
876 1777 968 1827 sint.
1130 1780 1241 1814 etiam
1264 1780 1393 1815 multa.
1425 1780 1559 1816 Turio.

263 1876 478 1928 inszstentes.
515 1880 562 1917 cf.
588 1891 670 1917 not.
692 1882 774 1917 crit.
810 1881 855 1916 ad
916 1880 1034 1927 Quod
1073 1881 1102 1916 si
1148 1881 1331 1917 audacius
1371 1882 1565 1924 videatur,

207 1948 245 1984 9>
278 1942 316 1983 4,
353 1942 416 1982 ιε.

268 2061 304 2094 7.
365 2049 543 2097 Expletis
584 2070 639 2078 —-
678 2050 854 2100 sentient.

208 2107 349 2142 Scabra
379 2106 473 2141 haec
496 2106 545 2142 est
572 2108 698 2143 oratio
722 2121 768 2143 ex
793 2122 856 2144 co-

206 2163 320 2213 pulae
345 2163 508 2198 defectu.
568 2165 741 2199 Inseram‘
763 2168 860 2200 enirn

207 2220 292 2269 post
313 2220 407 2268 expl.
469 2219 544 2254 Sed
567 2221 607 2255 in
635 2234 680 2255 eo
702 2234 858 2269 quoque

205 2276 369 2316 haereo,
428 2276 535 2324 quod
574 2276 730 2312 additur
766 2292 860 2326 quae

207 2332 488 2381 proposuerint,
540 2333 583 2367 in
624 2346 703 2381 quo
734 2334 858 2381 magis

209 2402 347 2424 eorum
381 2389 428 2424 est
459 2389 718 2436 significatio,
763 2403 859 2438 quae

209 2458 299 2480 cum
324 2445 573 2480 auditoribus
596 2446 858 2481 communica·

207 2501 342 2536 verint
372 2512 543 2541 orantes,
605 2516 720 2550 quam
763 2516 860 2550 quae

191 2557 282 2606 ¹ipsi
315 2558 417 2592 intra
448 2558 481 2593 se
525 2559 633 2593 taciti
664 2559 860 2608 disposue-

208 2613 290 2648 rint
348 2614 423 2656 (cf.
456 2613 525 2649 Iib-
564 2621 599 2658 4.
665 2628 745 2664 cap.
781 2617 859 2660 4.).

209 2669 332 2704 Hasce
365 2669 608 2707 difficultates
639 2672 775 2707 vitaris
808 2671 860 2707 le-

209 2725 337 2773 gendo
369 2727 536 2762 omnihus
572 2727 775 2778 perverzsse
800 2727 856 2777 se.

913 1936 1035 1972 scribe
1069 1951 1101 1973 ο.
1131 1937 1334 1987 propositIs
1364 1937 1566 1990 pervensse

907 1992 962 2042 se.
1024 1995 1070 2028 In
1099 1994 1307 2043 participio
1341 1995 1445 2031 enim
1483 1995 1565 2036 illa,

916 2063 1032 2098 quam
1073 2051 1177 2090 dixi,
1229 2052 1390 2099 potestas
1433 2052 1566 2088 minus

913 2106 1019 2141 inest.
1043 2107 1109 2152 (ef.
1131 2107 1178 2141 ael
1200 2117 1235 2150 5,
1264 2114 1301 2151 8,
1323 2115 1387 2154 42.
1410 2121 1450 2157 p.
1473 2114 1565 2153 584,

917 2163 979 2197 sed
1002 2173 1039 2198 et
1060 2163 1124 2198 hic
1147 2175 1226 2199 not.
1262 2165 1365 2208 crit.)

976 2221 1283 2267 quemadmodum
1331 2230 1568 2269 praeceptum

917 2272 977 2324 est.
1040 2277 1125 2316 „Ab
1170 2277 1286 2312 initio
1317 2277 1408 2314 inde
1447 2278 1568 2325 hujus

915 2331 1077 2374 „librif‘
1107 2334 1307 2369 Gesnerus.

1001 2403 1271 2436 comparemus;
1311 2391 1441 2427 multo.
1503 2393 1570 2427 In-

919 2445 1120 2480 serendum
1165 2448 1297 2482 censeo
1343 2455 1402 2488 ut,
1462 2447 1571 2496 quod

920 2502 1159 2538 concinnitas
1186 2503 1376 2552 postulat;
1408 2517 1478 2540 nee
1505 2517 1570 2553 ge-

918 2559 1176 2595 minationem
1221 2572 1358 2596 moror
1387 2562 1567 2610 protinus

916 2618 1152 2652 recurrentis
1188 2616 1260 2651 alia
1301 2617 1484 2666 potestate
1514 2627 1565 2653 uc.

917 2671 984 2728 (cf.
1010 2685 1071 2712 ιο,
1109 2672 1144 2713 6,
1179 2675 1235 2718 4.)

974 2730 1087 2764 etiam
1106 2730 1233 2766 multa.
1276 2729 1323 2766 cf.
1345 2740 1426 2767 not.
1452 2729 1538 2766 crit.
