1779 3062
470 97 635 144 INST.
671 99 950 148 ORATOR.
963 115 968 135 τ
987 100 1110 151 ΕῙΞΒ.
1122 101 1232 159 ΧΠ,
1273 114 1352 149 10.
1481 103 1550 155 ‚62
1559 106 1588 149 ι’

234 222 387 275 istius
417 225 655 275 nominis
687 224 981 279 modum.:.
1013 228 1144 278 Non
1164 229 1340 295 ‘igitur
1365 233 1470 291 jam
1487 244 1586 281 'us-

231 317 342 365 que
387 300 452 349 ad
497 302 713 352 Coccum
760 314 811 351 et
850 306 1174 358 Andocidem
1213 308 1585 362 remittemus?

230 380 564 445 Interrogare
604 389 782 428 tamen
824 383 1045 442 velim‚·-
1085 401 1151 432 an
1191 381 1452 455 Isocrates
1491 388 1582 440 At,-

230 457 335 505 tice
363 456 570 506 dixerit.
653 456 811 506 Nihil
840 461 989 508 enim
1020 470 1126 509 tam
1161 461 1234 509 est
1269 458 1469 533 Lysiae
1503 463 1585 511 di-

227 532 459 584 versum.
539 533 840 600 Negabunt.
921 538 989 587 At
1025 541 1138 598 ejus
1169 537 1349 590 schola
1386 541 1584 605 princi-

228 628 322 678 pes
356 620 633 663 oratorum
659 609 821 661 dedit.
902 616 1197 682 Quaeratur
1228 614 1458 666 similius
1487 619 1583 668 ali-

227 780 280 817 ud
305 794 431 817 cocum
452 762 582 817 Gueli‘.
603 782 729 829 Kapp.
787 779 845 814 ad,
867 778 988 816 colum
1017 780 1122 818 Flor.
1182 786 1414 820 remittentur
1442 787 1575 836 Camp.

227 848 261 894 e.
295 837 414 874 Goth.
439 837 543 877 Voff.
573 848 612 874 2.
666 869 668 871 .

341 937 406 964 22.
431 926 599 977 socrates
620 928 754 963 Turic.
778 928 883 964 Flor.
909 939 946 966 et
967 928 1053 966 edd.
1077 940 1164 966 ante
1183 930 1396 976 Ald..(e1;r.
1420 935 1580 976 Burm-)

204 981 277 1033 rest
309 994 396 1020 ante
428 983 575 1033 Lysiae
607 996 684 1020 om.
720 985 853 1019 Turic.
887 985 1014 1021 Guelf.
1131 987 1313 1036 diversum
1338 990 1414 1024 alia
1436 1000 1577 1036 negant:

223 1041 355 1077 Turio.
377 1040 483 1076 Flor.
508 1054 539 1076 c.
561 1041 651 1077 Ald.
674 1040 717 1077 in
739 1055 813 1090 qua
835 1042 1020 1091 scriptura
1052 1056 1134 1079 vox
1166 1045 1243 1079 alia
1274 1055 1359 1079 nata
1392 1045 1441 1081 est
1471 1045 1576 1082 haud

222 1097 342 1135 dubie
373 1111 421 1133 ex
450 1096 544 1146 sigla
573 1096 631 1139 ai,
665 1112 754 1134 cum
786 1112 860 1147 qua
893 1099 1008 1135 toties
1036 1100 1079 1135 in
1108 1101 1170 1136 his
1203 1101 1316 1137 codd.
1345 1102 1491 1137 variam
1519 1103 1575 1138 le-

219 1155 404 1195 ctionem,
435 1167 532 1203 quae
564 1155 608 1190 in
634 1165 782 1191 textum
814 1157 1064 1204 migraverat,
1095 1157 1439 1206 deprehendimus.
1498 1160 1574 1201 Sed

218 1212 380 1261 praestat
400 1211 605 1258 Negabune
626 1211 708 1259 post
739 1211 841 1247 illud
872 1213 998 1249 velim.
1116 1215 1245 1264 aliqua
1277 1215 1466 1264 imperialis
1494 1218 1574 1253 Tu·

275 1359 366 1396 Non
404 1360 518 1408 igitur·
551 1364 632 1405 jam
672 1373 783 1411 usque
820 1360 872 1396 acl
930 1360 1225 1399 contulerimus.
1287 1363 1577 1401 Non—remit·

218 1419 382 1454 Coccum.
399 1417 591 1458 „Coccus,
611 1417 868 1459 Atheniensis,

215 1474 420 1517 „Isocratis
439 1473 663 1522 discipulus,
683 1474 768 1510 teste
780 1475 868 1510 Sui-

215 1531 291 1573 „da
313 1531 356 1565 in
375 1543 413 1566 v.
478 1531 549 1566 Sed
577 1530 867 1578 Quinetiiianus

214 1600 334 1630 „eum
346 1587 504 1629 videtur
522 1587 785 1636 antiquiorem
800 1588 866 1622 sta·

215 1655 354 1686 „tuere
406 1643 486 1680 no'n
528 1642 655 1680 [olum
692 1645 865 1684 Isocrate,

213 1701 307 1743 „sed
328 1701 443 1736 etiam
463 1700 589 1748 Lysia.
648 1701 735 1736 Nisi
765 1700 866 1736 forte

214 1757 377 1798 „locum
399 1757 678 1792 subobscurum
700 1756 746 1791 de
771 1757 867 1792 Coc-

213 1813 283 1855 „ci
303 1823 341 1848 et
358 1813 574 1849 Andocidis
596 1823 797 1848 contemtu
808 1814 868 1848 in-

213 1871 450 1917 „terpretari
467 1869 620 1905 malis.“
680 1868 866 1905 Ruhnkess

214 1927 305 1962 nius
346 1927 389 1961 in
428 1926 524 1961 Hist.
560 1926 683 1962 Oratt.
723 1927 788 1962 Gr.
820 1939 860 1975 p.

213 1983 282 2030 64.
326 1983 479 2018 Similia
525 1982 775 2031 Spaldingius
823 1983 865 2019 in

154 2047 157 2050 ’
210 2039 375 2082 schedis,
398 2039 626 2075 Ruhnkenii
645 2039 752 2075 libro
765 2052 864 2075 non-

212 2097 308 2133 dum
357 2096 542 2145 inspecto.
620 2096 695 2131 Sed
742 2096 862 2136 idem,

212 2167 304 2189 cum
326 2166 422 2189 mox
441 2152 619 2193 Pericles,
640 2152 722 2188 illis
746 2153 863 2188 etiam

210 2210 412 2251 vetustior,
444 2211 546 2245 inter
563 2208 782 2245 indubitate
793 2211 862 2246 At-

209 2267 312 2303 ticos
351 2267 610 2308 recenseatur,
647 2266 772 2306 vidit,
812 2267 860 2303 de

210 2333 330 2359 aetate
352 2322 419 2358 hic
439 2336 521 2358 non
540 2324 614 2372 agi.
651 2323 859 2359 Nimirum

210 2379 255 2415 C.
289 2389 327 2414 et
357 2380 403 2415 A.
441 2378 508 2415 hic
541 2390 747 2428 ponuntur
778 2391 859 2416 tan-

210 2448 327 2484 quam
349 2436 514 2471 extremi
524 2437 723 2473 tenuitatis
743 2437 858 2477 fines.

209 2493 261 2528 ad
282 2505 370 2541 quos
390 2503 517 2528 tamen
545 2493 648 2529 nihil
668 2494 860 2543 impediat

208 2561 289 2598 quo
306 2549 440 2585 ‘minus
461 2552 714 2591 remittanturs
731 2551 762 2586 si
775 2551 857 2586 De·

206 2605 448 2641 mostheuem
478 2607 557 2653 jam
591 2617 628 2643 et
646 2609 853 2643 Isocratem

206 2661 472 2711 relinquentes
513 2663 559 2700 ad
592 2665 747 2713 Lyflam
778 2677 851 2702 nos

929 1421 1078 1465 temus?
1110 1419 1137 1453 i.
1161 1432 1242 1454 non
1259 1421 1499 1457 manifestum
1513 1423 1577 1463 est,

925 1487 1022 1515 nos,
1056 1476 1211 1524 quando
1241 1477 1377 1524 Lysiae
1408 1492 1479 1515 nos
1504 1484 1575 1528 'ap-

923 1529 1206 1580 plicuerimus,
1238 1533 1285 1568 ad
1320 1534 1362 1570 C.
1398 1536 1510 1570 etiam
1536 1543 1576 1571 et

923 1588 970 1621 A.
999 1582 1197 1624 remiss‘um
1221 1587 1308 1624 iri?
1368 1593 1426 1626 Ita
1455 1588 1574 1627 mini-

922 1656 986 1679 me
1022 1657 1121 1694 opus
1158 1645 1206 1682 est
1234 1647 1462 1694 Gesneripna
1489 1662 1573 1685 cor-

922 1701 1096 1736 rectione
1119 1703 1231 1738 Num.
1324 1703 1328 1706 ’

981 1758 1025 1791 In
1048 1757 1151 1806 seqq.
1183 1759 1261 1804 jam
1283 1759 1359 1795 hoc
1381 1762 1461 1809 agit
1481 1763 1570 1810 Qu„

923 1823 968 1848 ut
996 1826 1095 1860 quos
1127 1813 1191 1848 illi
1218 1815 1321 1850 inter
1352 1830 1443 1852 vere
1471 1820 1572 1855 Atti-

922 1882 988 1905 cos
1008 1869 1225 1911 admittant,
1249 1871 1419 1908 multum
1442 1885 1570 1912 tamen

921 1925 1024 1961 intel·
1057 1926 1091 1960 se
1121 1937 1159 1962 et
1187 1941 1205 1961 a
1233 1928 1347 1976 Lysia
1384 1930 1570 1979 diversos,

920 1983 1004 2018 imo
1033 1981 1244 2032 plerosque
1274 1987 1385 2034 copia
1410 1998 1448 2023 et
1468 1989 1572 2037 figu-

920 2039 976 2074 ris
1017 2040 1063 2074 ad
1099 2041 1281 2076 Afianum
1323 2055 1445 2090 genus
1485 2059 1572 2081 ver-

920 2108 1011 2144 gere
1033 2096 1286 2139 demonstrem
1321 2112 1421 2147 quos
1437 2101 1500 2136 illi
1512 2115 1572 2137 re·

917 2153 1065 2201 spuant,
1103 2153 1230 2190 fontes
1263 2165 1392 2191 tamen
1418 2158 1570 2195 Atticae

920 2209 1166 2259 eloquentiae
1186 2211 1298 2247 fuisse
1317 2226 1485 2251 moneat.
1504 2217 1569 2252 De

917 2266 1083 2315 singulis
1123 2278 1251 2302 autem
1281 2269 1570 2318 inspiciendum

918 2323 990 2358 effe
1011 2323 1177 2359 eundem
1198 2323 1316 2360 iilum
1336 2326 1569 2365 Ruhnkenii

916 2379 1113 2423 libellum,
1150 2381 1221 2418 vix
1255 2381 1306 2418 est
1337 2384 1444 2432 quod
1481 2398 1569 2422 me-

915 2450 1041 2473 neam.

975 2561 1040 2588 22.
1076 2551 1241 2603 similius
1272 2554 1428 2602 ahquid.
1477 2542 1568 2592 Per·

912 2607 982 2644 stat
1016 2609 1061 2645 in
1088 2621 1229 2645 neutro
1262 2610 1347 2659 post
1379 2610 1483 2650 illud
1513 2616 1569 2649 ni·

911 2665 967 2702 hil
989 2675 1068 2703 cam
1087 2665 1283 2716 divetsum.

1613 401 1660 430 22
