1779 3062
402 175 569 224 INST.
607 177 887 224 ORATOR.
925 177 1049 224 LIB.
1089 178 1201 235 XII,
1225 193 1270 238 9.
1415 186 1514 242 '593

161 303 425 355 cientibus
460 306 620 356 etiam
660 303 800 354 male
834 305 1092 355 audiendi
1130 305 1528 374 praesumenda-

152 383 414 450 =patientia
455 382 540 431 est.
631 384 776 431 N‘am
820 385 959 433 etin
1001 383 1142 449 ipsos
1175 383 1242 433 fit
1275 387 1511 453 impetus
1559 417 1562 419 Δ

156 460 485 526 frequenter,
512 462 607 526 qui
638 472 876 525 egerunt,
904 473 955 510 et
987 472 1128 512 certe
1158 463 1511 528 petulantiam

150 539 375 605 -patroni
410 539 644 604 litigator
673 538 790 586 luit.
867 540 970 588 Sed
999 539 1130 588 haec
1155 541 1364 590 minora
1385 540 1512 593 sunt

148 615 275 683 ‚ipso
306 617 403 666 illo
438 618 574 667 vitio
611 616 800 664 animi:
843 617 991 680 quod
1026 617 1318 668 maledicus
1347 636 1376 667 a
1401 636 1512 669 ma-

159 693 320 744 lefico
352 711 470 744 11011
509 692 686 751 distat,
721 691 824 742 nisi
855 694 1140 744 occasione.
1192 699 1392 763 Turpis
1413 714 1513 748 vo-
1543 715 1587 740 ¹0

159 773 338 838 luptas
399 783 451 820 et
508 773 802 821 inhumana
864 781 916 819 et
975 773 1117 820 nulli
1171 773 1512 825 audientium

158 850 306 899 bono
348 861 491 916 grata
533 866 560 896 a
600 849 958 914 litigatoribus
999 848 1223 915 quidem
1258 850 1512 918 frequen-

152 938 241 983 ,ter
291 929 548 992 exigitur,
610 927 708 992 qui
749 927 1015 976 ultionem
1053 928 1287 986 malunt,
1343 946 1511 993 quam

159 1003 538 1054 defenfionem.
620 1004 723 1054 Sed
764 1021 942 1069 neque
982 1005 1083 1053 alia
1119 1006 1291 1054 multa
1331 1006 1398 1054 ad
1428 1024 1510 1056 31·-

155 1082 381 1149 bitrium
424 1099 614 1132 eorum
655 1081 897 1131 facienda
924 1073 1082 1132 sunt:
1142 1081 1248 1132 hoc
1287 1083 1511 1149 quidem

155 1161 280 1227 quis
322 1160 614 1210 hominum
653 1161 812 1209 liberi
850 1161 1016 1210 modo
1051 1158 1325 1226 sanguinis
1358 1160 1510 1212 susti-

153 1335 225 1371 110.
287 1335 396 1370 malis
425 1337 573 1372 dicendi
602 1325 736 1386 Cainp.
856 1345 895 1372 et:
914 1336 1010 1374 male
1033 1335 1118 1371 aad.
1143 1336 1242 1374 Jens.
1262 1338 1350 1383 (tac.
1376 1338 1509 1385 Gesn.)

156 1401 196 1427 et
226 1391 312 1427 edd.
345 1394 440 1441 post.
476 1405 562 1429 ante
596 1394 688 1430 Bad.
943 1393 1195 1441 petulantiam
1224 1396 1388 1440 patroni.
1446 1397 1510 1433 Sic

155 1449 291 1485 Turio.
321 1449 426 1487 Flor.
453 1451 582 1487 Guelf.
614 1453 747 1500 Camp.
807 1451 963 1486 Inverso
996 1449 1133 1484 ordine
1163 1449 1322 1499 reliqui.
1439 1453 1507 1489 illo

155 1503 237 1554 ipso
270 1506 390 1542 Goth.
428 1511 528 1554 (tac.
564 1507 705 1555 Gesn.)
737 1508 872 1556 Camp.
1108 1507 1220 1554 quod.
1282 1509 1344 1543 Sic
1373 1510 1507 1547 Turic.

143 1562 260 1604 flor.
287 1564 420 1614 Camp.
454 1579 524 1613 quo
553 1565 723 1613 reliqui:
765 1565 873 1614 quod
903 1563 1072 1600 scabram
1101 1563 1194 1598 facit
1226 1566 1444 1602 orationem
1469 1578 1508 1604 et

152 1619 197 1655 in
226 1621 260 1656 se
291 1621 420 1669 ipsum
453 1622 747 1670 quodammodo
778 1621 1007 1656 redeuntem
1033 1620 1192 1655 sensum.
1253 1623 1327 1656 Sed
1352 1622 1430 1659 hoc
1452 1625 1506 1660 fa·

153 1676 270 1713 cilius
289 1677 452 1715 sentitur
473 1692 588 1727 quam
609 1679 740 1715 verbis
763 1678 984 1727 exponitur.
1035 1677 1162 1724 Quare
1184 1677 1268 1713 satis
1288 1677 1414 1716 habeo
1434 1694 1506 1717 no-

152 1734 265 1769 stram
287 1735 513 1783 scripturam
536 1747 573 1772 et
595 1736 778 1771 codicum
803 1734 1032 1771 auctoritate
1053 1733 1225 1772 fir-mare,
1240 1745 1277 1769 et
1295 1737 1364 1772 usu
1380 1737 1506 1784 Quin·

153 1790 296 1827 tiliani.
355 1793 459 1828 Nam
487 1792 589 1828 infra
621 1793 736 1827 etiam
765 1804 844 1840 cap.
872 1804 933 1832 10,
963 1801 1025 1834 17.
1058 1790 1157 1837 quod
1181 1791 1346 1838 ponitur
1366 1792 1430 1834 ita,
1458 1805 1505 1832 ut

152 1848 347 1884 rationem
374 1849 510 1884 reddat
537 1849 744 1885 sententiae
765 1848 998 1897 propositae,
1028 1847 1252 1895 mutarique
1274 1849 1393 1896 poffit
1412 1863 1505 1887 cum

152 1905 357 1954 particulis
386 1919 487 1947 nam,
520 1908 680 1955 quippe,·
709 1919 839 1953 neque
864 1903 1041 1943 dubium,
1079 1903 1176 1952 quin
1206 1903 1329 1940 multa
1352 1919 1371 1941 e
1393 1907 1504 1956 supe.

153 1962 331 1998 rioribus
363 1964 480 1998 etiam
510 1962 689 2011 exempla
725 1962 860 1998 afferre
880 1961 1039 2011 possem,
1071 1961 1101 1996 si
1129 1961 1261 1995 minus
1292 1961 1428 2011 hospes
1458 1964 1506 2000 ad

152 2018 261 2070 hunc
287 2020 516 2069 scriptorem
550 2020 792 2055 accessissem.
1016 2018 1233 2053 maledictus
1264 2032 1287 2052 a
1316 2020 1504 2068 maleficio

152 2074 275 2122 (Flor.
297 2077 506 2121 malevitio)
525 2090 600 2111 non
621 2076 736 2112 dictat
754 2076 886 2111 Turio.
909 2075 1014 2111 Flor.
1079 2075 1298 2110 maledictus
1318 2076 1367 2111 est
1386 2079 1503 2114 etiam

151 2133 195 2167 in
218 2132 345 2169 Guelf.
370 2134 468 2171 Jens.
501 2137 589 2179 (tac.
610 2133 742 2177 Gesn.)
773 2133 917 2177 etledd.
942 2133 1038 2181 post.
1068 2143 1154 2167 ante
1179 2131 1260 2166 ΑΜ.
1323 2134 1397 2168 Sed
1430 2135 1504 2171 hae

151 2190 238 2225 sunt
258 2189 542 2226 aberratione-s:
578 2204 626 2226 ne
655 2190 743 2238 quis
779 2190 879 2225 forte
912 2200 1034 2225 tentet
1054 2190 1288 2224 maledictum
1309 2205 1334 2226 a
1359 2191 1508 2240 malefi-

152 2247 233 2286 &io;
263 2247 371 2296 quod
391 2260 532 2284 verum
553 2248 699 2283 sensum
728 2260 809 2283 non
831 2246 1002 2283 haberet.

272 2351 335 2376 ιο.
395 2338 496 2375 bona
537 2341 661 2387 gratia
699 2339 832 2375 Turio.
866 2337 971 2375 Flor.
1035 2338 1132 2374 bona
1161 2347 1273 2385 grata
1305 2338 1433 2376 Guelf.
1467 2353 1500 2379 c.

153 2394 259 2432 Voss‘.
286 2405 324 2440 5.
435 2395 474 2445 si
503 2410 617 2443 neque
635 2397 766 2432 Turic-
884 2409 928 2432 eo
952 2395 1136 2444 facienda
1166 2395 1298 2432 Turic.
1335 2395 1438 2433 Flor.
1468 2410 1504 2434 c·

152 2451 258 2487 Alm.
492 2467 618 2488 eorum
637 2454 834 2490 arbitrium
855 2453 974 2491 Goth.
996 2454 1085 2498 (tac.
1113 2453 1240 2497 Gelil.)
1412 2452 1506 2490 libe·

153 2510 256 2544 rinus
267 2508 466 2559 sanguinis
487 2509 614 2546 Guelf-

207 2631 486 2682 praesumenda.
540 2635 715 2684 „sumpta
735 2648 801 2685 pa·
917 2634 1019 2687 quod
1049 2634 1261 2671 maledicus.
1302 2633 1384 2671 vid.
1416 2644 1502 2674 not.

149 2690 315 2731 „tientia
333 2705 557 2740 praeparare
573 2693 607 2728 se
622 2692 737 2729 debet
750 2693 799 2731 ad
857 2693 942 2730 crit.

149 2747 277 2788 „male
295 2749 577 2786 audiendum.“
923 2763 987 2790 ιο,
1020 2749 1093 2787 Sed
1113 2763 1228 2799 neque
1244 2749 1411 2786 alia—.-
1438 2747 1509 2787 hoe

210 2827 316 2865 Tom-
355 2829 430 2870 IV.
1004 2832 1032 2868 P
1045 2844 1071 2883 p
