<?xml version="1.0" encoding="UTF-8"?>
<!DOCTYPE html PUBLIC "-//W3C//DTD XHTML 1.0 Transitional//EN"
    "http://www.w3.org/TR/xhtml1/DTD/xhtml1-transitional.dtd">
<html xmlns="http://www.w3.org/1999/xhtml" xml:lang="en" lang="en">
 <head>
  <title>
</title>
<meta http-equiv="Content-Type" content="text/html;charset=utf-8" />
  <meta name='ocr-system' content='tesseract 3.04.00' />
  <meta name='ocr-capabilities' content='ocr_page ocr_carea ocr_par ocr_line ocrx_word'/>
</head>
<body>
  <div class='ocr_page' id='page_1' title='image "./deinstitutioneor04quinuoft_0670.png"; bbox 0 0 1779 3062; ppageno 0'>
   <div class='ocr_carea' id='block_1_1' title="bbox 253 149 1294 212">
    <p class='ocr_par' dir='ltr' id='par_1_1' title="bbox 253 149 1294 212">
     <span class='ocr_line' id='line_1_1' title="bbox 253 149 1294 212; baseline -0.003 -13"><span class='ocrx_word' id='word_1_1' title='bbox 253 153 352 212; x_wconf 69' lang='lat'>644</span> <span class='ocrx_word' id='word_1_2' title='bbox 556 150 630 197; x_wconf 87' lang='grc' dir='ltr'>Μ.</span> <span class='ocrx_word' id='word_1_3' title='bbox 678 151 812 198; x_wconf 83' lang='lat' dir='ltr'><strong>FAB.</strong></span> <span class='ocrx_word' id='word_1_4' title='bbox 862 149 1294 212; x_wconf 79' lang='lat' dir='ltr'><strong>QUINTILIANI.</strong></span> 
     </span>
    </p>
   </div>
   <div class='ocr_carea' id='block_1_2' title="bbox 174 273 1680 1116">
    <p class='ocr_par' dir='ltr' id='par_1_2' title="bbox 174 273 1594 651">
     <span class='ocr_line' id='line_1_2' title="bbox 174 273 1586 334; baseline -0.002 -4"><span class='ocrx_word' id='word_1_5' title='bbox 174 305 183 317; x_wconf 74' lang='lat'>&lt;</span> <span class='ocrx_word' id='word_1_6' title='bbox 252 277 416 330; x_wconf 87' lang='lat' dir='ltr'>modo</span> <span class='ocrx_word' id='word_1_7' title='bbox 435 276 668 327; x_wconf 87' lang='lat' dir='ltr'>indicare</span> <span class='ocrx_word' id='word_1_8' title='bbox 681 276 798 326; x_wconf 79' lang='lat' dir='ltr'>satis</span> <span class='ocrx_word' id='word_1_9' title='bbox 818 273 952 334; x_wconf 81' lang='lat' dir='ltr'>effet,</span> <span class='ocrx_word' id='word_1_10' title='bbox 972 276 1111 325; x_wconf 81' lang='lat' dir='ltr'>nihil</span> <span class='ocrx_word' id='word_1_11' title='bbox 1134 275 1272 323; x_wconf 78' lang='lat' dir='ltr'>&#39;ultra</span> <span class='ocrx_word' id='word_1_12' title='bbox 1295 275 1586 327; x_wconf 81' lang='lat' dir='ltr'>verborum</span> 
     </span>
     <span class='ocr_line' id='line_1_3' title="bbox 254 350 1586 423; baseline -0.002 -19"><span class='ocrx_word' id='word_1_13' title='bbox 254 357 626 423; x_wconf 83' lang='lat' dir='ltr'><strong>proprietatem</strong></span> <span class='ocrx_word' id='word_1_14' title='bbox 647 355 959 403; x_wconf 82' lang='lat' dir='ltr'>elaboraret:</span> <span class='ocrx_word' id='word_1_15' title='bbox 986 352 1075 402; x_wconf 82' lang='lat' dir='ltr'>sed</span> <span class='ocrx_word' id='word_1_16' title='bbox 1098 369 1221 401; x_wconf 89' lang='lat' dir='ltr'>cum</span> <span class='ocrx_word' id='word_1_17' title='bbox 1242 350 1424 401; x_wconf 87' lang='lat' dir='ltr'>debeat</span> <span class='ocrx_word' id='word_1_18' title='bbox 1443 354 1586 402; x_wconf 89' lang='lat' dir='ltr'>dele·-</span> 
     </span>
     <span class='ocr_line' id='line_1_4' title="bbox 255 430 1587 497; baseline -0.002 -16"><span class='ocrx_word' id='word_1_19' title='bbox 255 445 415 491; x_wconf 85' lang='lat' dir='ltr'>ctare,</span> <span class='ocrx_word' id='word_1_20' title='bbox 455 448 695 489; x_wconf 80' lang='lat' dir='ltr'>movere,</span> <span class='ocrx_word' id='word_1_21' title='bbox 732 433 789 479; x_wconf 90' lang='lat' dir='ltr'>in</span> <span class='ocrx_word' id='word_1_22' title='bbox 818 431 1073 497; x_wconf 84' lang='lat' dir='ltr'>plurimas</span> <span class='ocrx_word' id='word_1_23' title='bbox 1103 431 1338 478; x_wconf 83' lang='lat' dir='ltr'>animum</span> <span class='ocrx_word' id='word_1_24' title='bbox 1367 430 1587 479; x_wconf 83' lang='lat' dir='ltr'>audien-</span> 
     </span>
     <span class='ocr_line' id='line_1_5' title="bbox 253 505 1587 575; baseline -0.002 -16"><span class='ocrx_word' id='word_1_25' title='bbox 253 512 319 560; x_wconf 84' lang='lat' dir='ltr'>tis</span> <span class='ocrx_word' id='word_1_26' title='bbox 354 508 547 575; x_wconf 82' lang='lat' dir='ltr'>species</span> <span class='ocrx_word' id='word_1_27' title='bbox 582 507 881 574; x_wconf 79' lang='lat' dir='ltr'>impellere,</span> <span class='ocrx_word' id='word_1_28' title='bbox 919 517 1099 556; x_wconf 88' lang='lat' dir='ltr'>utetur</span> <span class='ocrx_word' id='word_1_29' title='bbox 1132 506 1217 555; x_wconf 85' lang='lat' dir='ltr'>his</span> <span class='ocrx_word' id='word_1_30' title='bbox 1245 523 1462 572; x_wconf 89' lang='lat' dir='ltr'>quoque</span> <span class='ocrx_word' id='word_1_31' title='bbox 1496 505 1587 556; x_wconf 87' lang='lat' dir='ltr'>ad-</span> 
     </span>
     <span class='ocr_line' id='line_1_6' title="bbox 254 580 1594 651; baseline -0.003 -15"><span class='ocrx_word' id='word_1_32' title='bbox 254 587 492 649; x_wconf 81' lang='lat' dir='ltr'>jutoriis,</span> <span class='ocrx_word' id='word_1_33' title='bbox 531 602 665 651; x_wconf 85' lang='lat' dir='ltr'>quae</span> <span class='ocrx_word' id='word_1_34' title='bbox 699 584 821 634; x_wconf 82' lang='lat' dir='ltr'>sunt</span> <span class='ocrx_word' id='word_1_35' title='bbox 852 585 913 633; x_wconf 91' lang='lat' dir='ltr'>ab</span> <span class='ocrx_word' id='word_1_36' title='bbox 952 583 1135 632; x_wconf 88' lang='lat' dir='ltr'>eadem</span> <span class='ocrx_word' id='word_1_37' title='bbox 1170 582 1325 631; x_wconf 89' lang='lat' dir='ltr'>nobis</span> <span class='ocrx_word' id='word_1_38' title='bbox 1359 580 1594 641; x_wconf 74' lang='lat' dir='ltr'>concess&#39;a</span> 
     </span>
    </p>

    <p class='ocr_par' dir='ltr' id='par_1_3' title="bbox 180 659 1680 1116">
     <span class='ocr_line' id='line_1_7' title="bbox 180 659 1590 728; baseline -0.003 -15"><span class='ocrx_word' id='word_1_39' title='bbox 180 684 228 728; x_wconf 74' lang='lat'>44</span> <span class='ocrx_word' id='word_1_40' title='bbox 256 675 455 713; x_wconf 84' lang='lat' dir='ltr'>natura.</span> <span class='ocrx_word' id='word_1_41' title='bbox 531 664 673 713; x_wconf 85' lang='lat' dir='ltr'>Nam</span> <span class='ocrx_word' id='word_1_42' title='bbox 708 673 759 710; x_wconf 89' lang='lat' dir='ltr'>et</span> <span class='ocrx_word' id='word_1_43' title='bbox 799 663 1019 710; x_wconf 85' lang='lat' dir='ltr'>lacertos</span> <span class='ocrx_word' id='word_1_44' title='bbox 1055 659 1424 708; x_wconf 81' lang='lat' dir='ltr'>exercitatione</span> <span class='ocrx_word' id='word_1_45' title='bbox 1463 675 1590 709; x_wconf 90' lang='lat' dir='ltr'>con-</span> 
     </span>
     <span class='ocr_line' id='line_1_8' title="bbox 253 736 1589 805; baseline -0.004 -15"><span class='ocrx_word' id='word_1_46' title='bbox 253 741 521 805; x_wconf 84' lang='lat' dir='ltr'>stringere,</span> <span class='ocrx_word' id='word_1_47' title='bbox 561 750 613 788; x_wconf 87' lang='lat' dir='ltr'>et</span> <span class='ocrx_word' id='word_1_48' title='bbox 631 756 822 804; x_wconf 87' lang='lat' dir='ltr'>augere</span> <span class='ocrx_word' id='word_1_49' title='bbox 844 740 999 795; x_wconf 83' lang='lat' dir='ltr'>vires,</span> <span class='ocrx_word' id='word_1_50' title='bbox 1034 747 1084 785; x_wconf 92' lang='lat' dir='ltr'>et</span> <span class='ocrx_word' id='word_1_51' title='bbox 1109 737 1343 785; x_wconf 81' lang='lat' dir='ltr'>colorem</span> <span class='ocrx_word' id='word_1_52' title='bbox 1369 736 1589 794; x_wconf 83' lang='lat' dir='ltr'>trahere,</span> 
     </span>
     <span class='ocr_line' id='line_1_9' title="bbox 252 813 1589 881; baseline -0.004 -15"><span class='ocrx_word' id='word_1_53' title='bbox 252 819 492 868; x_wconf 84' lang='lat' dir='ltr'>naturale</span> <span class='ocrx_word' id='word_1_54' title='bbox 526 816 614 865; x_wconf 86' lang='lat' dir='ltr'>est.</span> <span class='ocrx_word' id='word_1_55' title='bbox 691 816 922 881; x_wconf 85' lang='lat' dir='ltr'>Ideoque</span> <span class='ocrx_word' id='word_1_56' title='bbox 960 816 1018 862; x_wconf 86' lang='lat' dir='ltr'>in</span> <span class='ocrx_word' id='word_1_57' title='bbox 1058 813 1307 863; x_wconf 82' lang='lat' dir='ltr'>omnibus</span> <span class='ocrx_word' id='word_1_58' title='bbox 1343 813 1589 878; x_wconf 85' lang='lat' dir='ltr'>gentibus</span> 
     </span>
     <span class='ocr_line' id='line_1_10' title="bbox 254 888 1593 955; baseline -0.004 -12"><span class='ocrx_word' id='word_1_59' title='bbox 254 896 388 944; x_wconf 84' lang='lat' dir='ltr'>alius</span> <span class='ocrx_word' id='word_1_60' title='bbox 429 895 534 943; x_wconf 89' lang='lat' dir='ltr'>alio</span> <span class='ocrx_word' id='word_1_61' title='bbox 574 892 855 943; x_wconf 83' lang='lat' dir='ltr'>facundior</span> <span class='ocrx_word' id='word_1_62' title='bbox 890 892 1128 948; x_wconf 86' lang='lat' dir='ltr'>habetur,</span> <span class='ocrx_word' id='word_1_63' title='bbox 1161 900 1212 938; x_wconf 88' lang='lat' dir='ltr'>et</span> <span class='ocrx_word' id='word_1_64' title='bbox 1235 890 1293 938; x_wconf 90' lang='lat' dir='ltr'>in</span> <span class='ocrx_word' id='word_1_65' title='bbox 1313 888 1593 955; x_wconf 79' lang='lat' dir='ltr'>loquenda</span> 
     </span>
     <span class='ocr_line' id='line_1_11' title="bbox 255 967 1680 1039; baseline -0.004 -18"><span class='ocrx_word' id='word_1_66' title='bbox 255 972 427 1021; x_wconf 87' lang='lat' dir='ltr'>dulcis</span> <span class='ocrx_word' id='word_1_67' title='bbox 467 971 643 1036; x_wconf 81' lang='lat' dir='ltr'>magis.</span> <span class='ocrx_word' id='word_1_68' title='bbox 686 969 845 1039; x_wconf 83' lang='lat' dir='ltr'>Quod</span> <span class='ocrx_word' id='word_1_69' title='bbox 882 967 925 1016; x_wconf 79' lang='lat' dir='ltr'>[i</span> <span class='ocrx_word' id='word_1_70' title='bbox 962 985 1073 1017; x_wconf 85' lang='lat' dir='ltr'>non</span> <span class='ocrx_word' id='word_1_71' title='bbox 1113 968 1380 1024; x_wconf 77' lang='lat' dir='ltr'>eveniret,&#39;</span> <span class='ocrx_word' id='word_1_72' title='bbox 1405 983 1680 1035; x_wconf 63' lang='lat' dir='ltr'>omne51097</span> 
     </span>
     <span class='ocr_line' id='line_1_12' title="bbox 255 1043 1590 1116; baseline -0.002 -20"><span class='ocrx_word' id='word_1_73' title='bbox 255 1065 404 1116; x_wconf 87' lang='lat' dir='ltr'>pares</span> <span class='ocrx_word' id='word_1_74' title='bbox 445 1045 617 1106; x_wconf 71' lang='lat' dir='ltr'>essent,</span> <span class='ocrx_word' id='word_1_75' title='bbox 656 1057 707 1096; x_wconf 86' lang='lat' dir='ltr'>et</span> <span class='ocrx_word' id='word_1_76' title='bbox 738 1047 883 1097; x_wconf 88' lang='lat' dir='ltr'>idem</span> <span class='ocrx_word' id='word_1_77' title='bbox 920 1061 1103 1096; x_wconf 81' lang='lat' dir='ltr'>omnes</span> <span class='ocrx_word' id='word_1_78' title='bbox 1143 1043 1374 1092; x_wconf 83' lang='lat' dir='ltr'>deceret:</span> <span class='ocrx_word' id='word_1_79' title='bbox 1428 1054 1479 1093; x_wconf 88' lang='lat' dir='ltr'>at</span> <span class='ocrx_word' id='word_1_80' title='bbox 1510 1044 1590 1093; x_wconf 89' lang='lat' dir='ltr'>lo-</span> 
     </span>
    </p>
   </div>
   <div class='ocr_carea' id='block_1_3' title="bbox 253 1221 1664 1499">
    <p class='ocr_par' dir='ltr' id='par_1_4' title="bbox 253 1221 1664 1499">
     <span class='ocr_line' id='line_1_13' title="bbox 426 1221 1591 1271; baseline 0.001 -11"><span class='ocrx_word' id='word_1_81' title='bbox 426 1224 536 1261; x_wconf 84' lang='lat' dir='ltr'>modo</span> <span class='ocrx_word' id='word_1_82' title='bbox 569 1224 738 1259; x_wconf 74' lang='lat' dir='ltr'>indicare.</span> <span class='ocrx_word' id='word_1_83' title='bbox 770 1223 833 1258; x_wconf 86' lang='lat' dir='ltr'>Sic</span> <span class='ocrx_word' id='word_1_84' title='bbox 864 1222 997 1258; x_wconf 81' lang='lat' dir='ltr'>Turic.</span> <span class='ocrx_word' id='word_1_85' title='bbox 1030 1222 1121 1267; x_wconf 82' lang='lat' dir='ltr'>(nisi</span> <span class='ocrx_word' id='word_1_86' title='bbox 1149 1221 1258 1271; x_wconf 83' lang='lat' dir='ltr'>quod</span> <span class='ocrx_word' id='word_1_87' title='bbox 1284 1223 1468 1268; x_wconf 72' lang='lat' dir='ltr'>judicare)</span> <span class='ocrx_word' id='word_1_88' title='bbox 1484 1221 1591 1261; x_wconf 74' lang='lat' dir='ltr'>Flor-</span> 
     </span>
     <span class='ocr_line' id='line_1_14' title="bbox 256 1273 1664 1328; baseline -0.006 -7"><span class='ocrx_word' id='word_1_89' title='bbox 256 1283 383 1321; x_wconf 83' lang='lat' dir='ltr'>Guelf.</span> <span class='ocrx_word' id='word_1_90' title='bbox 418 1284 441 1316; x_wconf 88' lang='lat' dir='ltr'>i.</span> <span class='ocrx_word' id='word_1_91' title='bbox 479 1295 525 1316; x_wconf 90' lang='lat' dir='ltr'>m.</span> <span class='ocrx_word' id='word_1_92' title='bbox 558 1280 718 1328; x_wconf 81' lang='lat' dir='ltr'>reliqui.</span> <span class='ocrx_word' id='word_1_93' title='bbox 776 1279 851 1315; x_wconf 85' lang='lat' dir='ltr'>Sed</span> <span class='ocrx_word' id='word_1_94' title='bbox 885 1279 1055 1325; x_wconf 79' lang='lat' dir='ltr'>judicare</span> <span class='ocrx_word' id='word_1_95' title='bbox 1085 1280 1181 1318; x_wconf 87' lang='lat' dir='ltr'>Jens.</span> <span class='ocrx_word' id='word_1_96' title='bbox 1217 1291 1380 1327; x_wconf 79' lang='lat' dir='ltr'>quoque</span> <span class='ocrx_word' id='word_1_97' title='bbox 1404 1292 1494 1315; x_wconf 85' lang='lat' dir='ltr'>cum</span> <span class='ocrx_word' id='word_1_98' title='bbox 1522 1277 1591 1314; x_wconf 85' lang='lat' dir='ltr'>ali-</span> <span class='ocrx_word' id='word_1_99' title='bbox 1661 1273 1664 1275; x_wconf 48' lang='grc'><strong>’</strong></span> 
     </span>
     <span class='ocr_line' id='line_1_15' title="bbox 255 1335 1591 1391; baseline -0.003 -15"><span class='ocrx_word' id='word_1_100' title='bbox 255 1351 354 1391; x_wconf 89' lang='lat' dir='ltr'>quot</span> <span class='ocrx_word' id='word_1_101' title='bbox 383 1336 673 1388; x_wconf 75' lang='lat' dir='ltr'>posterioribus,</span> <span class='ocrx_word' id='word_1_102' title='bbox 906 1335 999 1370; x_wconf 76' lang='lat' dir='ltr'>nihil</span> <span class='ocrx_word' id='word_1_103' title='bbox 1039 1338 1131 1371; x_wconf 75' lang='lat' dir='ltr'>citra</span> <span class='ocrx_word' id='word_1_104' title='bbox 1160 1336 1291 1372; x_wconf 86' lang='lat' dir='ltr'>Turic.</span> <span class='ocrx_word' id='word_1_105' title='bbox 1325 1335 1428 1371; x_wconf 75' lang='lat' dir='ltr'>flor.</span> <span class='ocrx_word' id='word_1_106' title='bbox 1458 1337 1591 1385; x_wconf 86' lang='lat' dir='ltr'>Camp.</span> 
     </span>
     <span class='ocr_line' id='line_1_16' title="bbox 253 1390 1593 1442; baseline -0.004 -8"><span class='ocrx_word' id='word_1_107' title='bbox 253 1412 290 1434; x_wconf 78' lang='lat' dir='ltr'>n.</span> <span class='ocrx_word' id='word_1_108' title='bbox 322 1406 426 1432; x_wconf 74' lang='lat' dir='ltr'>extra</span> <span class='ocrx_word' id='word_1_109' title='bbox 455 1394 554 1430; x_wconf 82' lang='lat' dir='ltr'>Alm.</span> <span class='ocrx_word' id='word_1_110' title='bbox 614 1391 719 1429; x_wconf 78' lang='lat' dir='ltr'>Illud</span> <span class='ocrx_word' id='word_1_111' title='bbox 748 1392 842 1429; x_wconf 78' lang='lat' dir='ltr'>ferri</span> <span class='ocrx_word' id='word_1_112' title='bbox 871 1392 1012 1442; x_wconf 81' lang='lat' dir='ltr'>poffet,</span> <span class='ocrx_word' id='word_1_113' title='bbox 1055 1393 1158 1428; x_wconf 80' lang='lat' dir='ltr'>sensu</span> <span class='ocrx_word' id='word_1_114' title='bbox 1188 1391 1393 1440; x_wconf 83' lang='lat' dir='ltr'>particulae</span> <span class='ocrx_word' id='word_1_115' title='bbox 1413 1390 1497 1441; x_wconf 79' lang='lat' dir='ltr'>fine</span> <span class='ocrx_word' id='word_1_116' title='bbox 1524 1406 1593 1428; x_wconf 88' lang='lat' dir='ltr'>no·</span> 
     </span>
     <span class='ocr_line' id='line_1_17' title="bbox 253 1448 1595 1499; baseline -0.004 -9"><span class='ocrx_word' id='word_1_117' title='bbox 253 1454 330 1490; x_wconf 82' lang='lat' dir='ltr'>stro</span> <span class='ocrx_word' id='word_1_118' title='bbox 360 1450 556 1488; x_wconf 79' lang='lat' dir='ltr'>familiari.</span> <span class='ocrx_word' id='word_1_119' title='bbox 617 1450 691 1488; x_wconf 88' lang='lat' dir='ltr'>Sed</span> <span class='ocrx_word' id='word_1_120' title='bbox 720 1449 837 1498; x_wconf 83' lang='lat' dir='ltr'>longe</span> <span class='ocrx_word' id='word_1_121' title='bbox 869 1449 995 1499; x_wconf 81' lang='lat' dir='ltr'>aptius</span> <span class='ocrx_word' id='word_1_122' title='bbox 1023 1448 1088 1484; x_wconf 84' lang='lat' dir='ltr'>hie</span> <span class='ocrx_word' id='word_1_123' title='bbox 1118 1450 1217 1485; x_wconf 78' lang='lat' dir='ltr'>ultra</span> <span class='ocrx_word' id='word_1_124' title='bbox 1245 1449 1412 1484; x_wconf 84' lang='lat' dir='ltr'>maxime</span> <span class='ocrx_word' id='word_1_125' title='bbox 1438 1449 1519 1498; x_wconf 81' lang='lat' dir='ltr'>post</span> <span class='ocrx_word' id='word_1_126' title='bbox 1547 1449 1595 1485; x_wconf 83' lang='lat' dir='ltr'>il·</span> 
     </span>
    </p>
   </div>
   <div class='ocr_carea' id='block_1_4' title="bbox 252 1505 1596 1724">
    <p class='ocr_par' dir='ltr' id='par_1_5' title="bbox 252 1505 1596 1724">
     <span class='ocr_line' id='line_1_18' title="bbox 253 1505 1595 1558; baseline -0.003 -12"><span class='ocrx_word' id='word_1_127' title='bbox 253 1508 325 1546; x_wconf 85' lang='lat' dir='ltr'>lud</span> <span class='ocrx_word' id='word_1_128' title='bbox 348 1509 458 1558; x_wconf 71' lang='lat' dir='ltr'>satis.</span> <span class='ocrx_word' id='word_1_129' title='bbox 632 1508 861 1555; x_wconf 77' lang='lat' dir='ltr'>proprietate</span> <span class='ocrx_word' id='word_1_130' title='bbox 901 1506 1051 1541; x_wconf 84' lang='lat' dir='ltr'>elabora</span> <span class='ocrx_word' id='word_1_131' title='bbox 1079 1505 1148 1554; x_wconf 81' lang='lat' dir='ltr'>sed</span> <span class='ocrx_word' id='word_1_132' title='bbox 1180 1506 1313 1541; x_wconf 77' lang='lat' dir='ltr'>Turic-</span> <span class='ocrx_word' id='word_1_133' title='bbox 1395 1507 1440 1541; x_wconf 84' lang='lat' dir='ltr'>In</span> <span class='ocrx_word' id='word_1_134' title='bbox 1469 1505 1595 1542; x_wconf 83' lang='lat' dir='ltr'>verbo</span> 
     </span>
     <span class='ocr_line' id='line_1_19' title="bbox 253 1561 1591 1606; baseline -0.002 -5"><span class='ocrx_word' id='word_1_135' title='bbox 253 1566 439 1601; x_wconf 77' lang='lat' dir='ltr'>delectare</span> <span class='ocrx_word' id='word_1_136' title='bbox 470 1564 647 1599; x_wconf 84' lang='lat' dir='ltr'>desinunt</span> <span class='ocrx_word' id='word_1_137' title='bbox 677 1562 789 1598; x_wconf 86' lang='lat' dir='ltr'>codd.</span> <span class='ocrx_word' id='word_1_138' title='bbox 823 1563 927 1600; x_wconf 85' lang='lat' dir='ltr'>Voss.</span> <span class='ocrx_word' id='word_1_139' title='bbox 963 1577 999 1598; x_wconf 75' lang='grc' dir='ltr'>ι.</span> <span class='ocrx_word' id='word_1_140' title='bbox 1031 1571 1067 1606; x_wconf 78' lang='grc'>5.</span> <span class='ocrx_word' id='word_1_141' title='bbox 1098 1561 1214 1598; x_wconf 79' lang='lat' dir='ltr'>Beni.</span> <span class='ocrx_word' id='word_1_142' title='bbox 1327 1565 1466 1598; x_wconf 83' lang='lat' dir='ltr'>moveri</span> <span class='ocrx_word' id='word_1_143' title='bbox 1485 1561 1591 1598; x_wconf 74' lang='lat' dir='ltr'>Flor-</span> 
     </span>
     <span class='ocr_line' id='line_1_20' title="bbox 252 1618 1591 1670; baseline -0.001 -15"><span class='ocrx_word' id='word_1_144' title='bbox 252 1622 426 1670; x_wconf 81' lang='lat' dir='ltr'>plurimis</span> <span class='ocrx_word' id='word_1_145' title='bbox 466 1622 628 1655; x_wconf 82' lang='lat' dir='ltr'>animam</span> <span class='ocrx_word' id='word_1_146' title='bbox 668 1619 799 1655; x_wconf 84' lang='lat' dir='ltr'>Turic.</span> <span class='ocrx_word' id='word_1_147' title='bbox 839 1618 942 1654; x_wconf 85' lang='lat' dir='ltr'>Flor.</span> <span class='ocrx_word' id='word_1_148' title='bbox 1237 1619 1304 1655; x_wconf 76' lang='lat' dir='ltr'><em>his.</em></span> <span class='ocrx_word' id='word_1_149' title='bbox 1364 1618 1427 1654; x_wconf 86' lang='lat' dir='ltr'>Sic</span> <span class='ocrx_word' id='word_1_150' title='bbox 1457 1619 1591 1655; x_wconf 65' lang='lat' dir='ltr'>Turia.</span> 
     </span>
     <span class='ocr_line' id='line_1_21' title="bbox 255 1673 1596 1724; baseline -0.002 -11"><span class='ocrx_word' id='word_1_151' title='bbox 255 1677 383 1713; x_wconf 85' lang='lat' dir='ltr'>Guelf.</span> <span class='ocrx_word' id='word_1_152' title='bbox 416 1677 547 1724; x_wconf 86' lang='lat' dir='ltr'>Camp.</span> <span class='ocrx_word' id='word_1_153' title='bbox 580 1675 659 1720; x_wconf 86' lang='lat' dir='ltr'>(sed</span> <span class='ocrx_word' id='word_1_154' title='bbox 689 1674 754 1709; x_wconf 82' lang='lat' dir='ltr'>hie</span> <span class='ocrx_word' id='word_1_155' title='bbox 787 1688 928 1724; x_wconf 80' lang='lat' dir='ltr'>quoque</span> <span class='ocrx_word' id='word_1_156' title='bbox 958 1674 1042 1719; x_wconf 80' lang='lat' dir='ltr'><em>his).</em></span> <span class='ocrx_word' id='word_1_157' title='bbox 1079 1677 1123 1710; x_wconf 85' lang='lat' dir='ltr'>iis</span> <span class='ocrx_word' id='word_1_158' title='bbox 1151 1674 1309 1722; x_wconf 83' lang='lat' dir='ltr'>reliqui.</span> <span class='ocrx_word' id='word_1_159' title='bbox 1504 1673 1596 1724; x_wconf 80' lang='lat' dir='ltr'>suut</span> 
     </span>
    </p>
   </div>
   <div class='ocr_carea' id='block_1_5' title="bbox 254 1730 1595 1896">
    <p class='ocr_par' dir='ltr' id='par_1_6' title="bbox 254 1730 1595 1896">
     <span class='ocr_line' id='line_1_22' title="bbox 256 1730 1595 1779; baseline -0.001 -11"><span class='ocrx_word' id='word_1_160' title='bbox 256 1735 302 1770; x_wconf 79' lang='lat' dir='ltr'>ab</span> <span class='ocrx_word' id='word_1_161' title='bbox 333 1734 472 1768; x_wconf 82' lang='lat' dir='ltr'>eadem.</span> <span class='ocrx_word' id='word_1_162' title='bbox 512 1732 575 1766; x_wconf 90' lang='lat' dir='ltr'>Sic</span> <span class='ocrx_word' id='word_1_163' title='bbox 601 1730 870 1766; x_wconf 79' lang='lat' dir='ltr'>Tu1·ic.-Flor.</span> <span class='ocrx_word' id='word_1_164' title='bbox 903 1732 1034 1779; x_wconf 82' lang='lat' dir='ltr'>Camp.</span> <span class='ocrx_word' id='word_1_165' title='bbox 1069 1730 1196 1767; x_wconf 75' lang='lat' dir='ltr'>Guelf.</span> <span class='ocrx_word' id='word_1_166' title='bbox 1228 1731 1343 1766; x_wconf 85' lang='lat' dir='ltr'>Goth.</span> <span class='ocrx_word' id='word_1_167' title='bbox 1373 1731 1595 1778; x_wconf 63' lang='lat' dir='ltr'>host-(tae.</span> 
     </span>
     <span class='ocr_line' id='line_1_23' title="bbox 256 1785 1595 1837; baseline -0.001 -12"><span class='ocrx_word' id='word_1_168' title='bbox 256 1791 385 1832; x_wconf 84' lang='lat' dir='ltr'>Gesn.)</span> <span class='ocrx_word' id='word_1_169' title='bbox 414 1787 498 1825; x_wconf 85' lang='lat' dir='ltr'>Ald.</span> <span class='ocrx_word' id='word_1_170' title='bbox 557 1802 592 1823; x_wconf 83' lang='lat' dir='ltr'>a.</span> <span class='ocrx_word' id='word_1_171' title='bbox 625 1801 655 1823; x_wconf 83' lang='lat' dir='ltr'>e.</span> <span class='ocrx_word' id='word_1_172' title='bbox 675 1785 709 1834; x_wconf 86' lang='lat' dir='ltr'>s-</span> <span class='ocrx_word' id='word_1_173' title='bbox 739 1785 886 1834; x_wconf 78' lang='lat' dir='ltr'>reliqui</span> <span class='ocrx_word' id='word_1_174' title='bbox 911 1787 989 1833; x_wconf 80' lang='lat' dir='ltr'>jam</span> <span class='ocrx_word' id='word_1_175' title='bbox 1016 1787 1107 1822; x_wconf 86' lang='lat' dir='ltr'>inde</span> <span class='ocrx_word' id='word_1_176' title='bbox 1139 1801 1160 1823; x_wconf 87' lang='lat' dir='ltr'>a</span> <span class='ocrx_word' id='word_1_177' title='bbox 1189 1787 1305 1823; x_wconf 79' lang='lat' dir='ltr'>Tarv.</span> <span class='ocrx_word' id='word_1_178' title='bbox 1343 1787 1388 1823; x_wconf 78' lang='lat' dir='ltr'>in</span> <span class='ocrx_word' id='word_1_179' title='bbox 1417 1800 1497 1836; x_wconf 86' lang='lat' dir='ltr'>quo</span> <span class='ocrx_word' id='word_1_180' title='bbox 1526 1801 1595 1837; x_wconf 78' lang='lat' dir='ltr'>per</span> 
     </span>
     <span class='ocr_line' id='line_1_24' title="bbox 254 1841 891 1896; baseline -0.003 -15"><span class='ocrx_word' id='word_1_181' title='bbox 254 1845 426 1896; x_wconf 75' lang='lat' dir='ltr'>sphalma</span> <span class='ocrx_word' id='word_1_182' title='bbox 454 1856 549 1879; x_wconf 84' lang='lat' dir='ltr'>mox</span> <span class='ocrx_word' id='word_1_183' title='bbox 579 1841 720 1892; x_wconf 77' lang='lat' dir='ltr'>neceffa</span> <span class='ocrx_word' id='word_1_184' title='bbox 749 1853 891 1879; x_wconf 78' lang='lat' dir='ltr'>natura.</span> 
     </span>
    </p>
   </div>
   <div class='ocr_carea' id='block_1_6' title="bbox 256 1920 1596 2427">
    <p class='ocr_par' dir='ltr' id='par_1_7' title="bbox 256 1920 1596 2427">
     <span class='ocr_line' id='line_1_25' title="bbox 371 1920 1594 1974; baseline 0.001 -16"><span class='ocrx_word' id='word_1_185' title='bbox 371 1929 436 1970; x_wconf 69' lang='grc'>44.</span> <span class='ocrx_word' id='word_1_186' title='bbox 495 1933 532 1958; x_wconf 76' lang='lat' dir='ltr'>et</span> <span class='ocrx_word' id='word_1_187' title='bbox 562 1935 633 1970; x_wconf 83' lang='lat' dir='ltr'>age</span> <span class='ocrx_word' id='word_1_188' title='bbox 658 1924 753 1957; x_wconf 77' lang='lat' dir='ltr'>vires</span> <span class='ocrx_word' id='word_1_189' title='bbox 782 1920 885 1958; x_wconf 85' lang='lat' dir='ltr'>Flor.</span> <span class='ocrx_word' id='word_1_190' title='bbox 946 1931 1012 1958; x_wconf 78' lang='lat' dir='ltr'>aut</span> <span class='ocrx_word' id='word_1_191' title='bbox 1039 1937 1073 1959; x_wconf 86' lang='lat' dir='ltr'>a.</span> <span class='ocrx_word' id='word_1_192' title='bbox 1103 1938 1138 1960; x_wconf 82' lang='lat'>2¹.</span> <span class='ocrx_word' id='word_1_193' title='bbox 1172 1924 1304 1974; x_wconf 85' lang='lat' dir='ltr'>Camp.</span> <span class='ocrx_word' id='word_1_194' title='bbox 1437 1923 1594 1960; x_wconf 77' lang='lat' dir='ltr'>colorem</span> 
     </span>
     <span class='ocr_line' id='line_1_26' title="bbox 257 1977 1594 2029; baseline 0 -12"><span class='ocrx_word' id='word_1_195' title='bbox 257 1981 470 2018; x_wconf 79' lang='lat' dir='ltr'>contrahere</span> <span class='ocrx_word' id='word_1_196' title='bbox 502 1977 631 2014; x_wconf 83' lang='lat' dir='ltr'>Guelf.</span> <span class='ocrx_word' id='word_1_197' title='bbox 702 1979 861 2014; x_wconf 82' lang='lat' dir='ltr'>calorem</span> <span class='ocrx_word' id='word_1_198' title='bbox 899 1988 925 2015; x_wconf 73' lang='lat' dir='ltr'>t.</span> <span class='ocrx_word' id='word_1_199' title='bbox 961 1981 1060 2018; x_wconf 83' lang='lat' dir='ltr'>Jens.</span> <span class='ocrx_word' id='word_1_200' title='bbox 1095 1991 1132 2015; x_wconf 84' lang='lat' dir='ltr'>et</span> <span class='ocrx_word' id='word_1_201' title='bbox 1159 1980 1251 2029; x_wconf 82' lang='lat' dir='ltr'>post.</span> <span class='ocrx_word' id='word_1_202' title='bbox 1283 1991 1369 2016; x_wconf 88' lang='lat' dir='ltr'>ante</span> <span class='ocrx_word' id='word_1_203' title='bbox 1398 1979 1488 2015; x_wconf 85' lang='lat' dir='ltr'>Ald.</span> <span class='ocrx_word' id='word_1_204' title='bbox 1518 1983 1594 2017; x_wconf 55' lang='lat' dir='ltr'>acc‘.</span> 
     </span>
     <span class='ocr_line' id='line_1_27' title="bbox 256 2035 1595 2085; baseline 0 -13"><span class='ocrx_word' id='word_1_205' title='bbox 256 2037 351 2075; x_wconf 85' lang='lat' dir='ltr'>Bad.</span> <span class='ocrx_word' id='word_1_206' title='bbox 481 2045 517 2071; x_wconf 80' lang='lat' dir='ltr'>et</span> <span class='ocrx_word' id='word_1_207' title='bbox 544 2036 727 2083; x_wconf 83' lang='lat' dir='ltr'>loquendo</span> <span class='ocrx_word' id='word_1_208' title='bbox 758 2036 889 2071; x_wconf 82' lang='lat' dir='ltr'>Turic.</span> <span class='ocrx_word' id='word_1_209' title='bbox 925 2035 1028 2073; x_wconf 82' lang='lat' dir='ltr'>Flor.</span> <span class='ocrx_word' id='word_1_210' title='bbox 1064 2037 1153 2081; x_wconf 84' lang='lat' dir='ltr'>(nisi</span> <span class='ocrx_word' id='word_1_211' title='bbox 1184 2036 1290 2085; x_wconf 88' lang='lat' dir='ltr'>quod</span> <span class='ocrx_word' id='word_1_212' title='bbox 1320 2036 1365 2071; x_wconf 87' lang='lat' dir='ltr'>hi</span> <span class='ocrx_word' id='word_1_213' title='bbox 1393 2037 1595 2085; x_wconf 79' lang='lat' dir='ltr'>loquenda)</span> 
     </span>
     <span class='ocr_line' id='line_1_28' title="bbox 259 2088 1593 2144; baseline 0 -16"><span class='ocrx_word' id='word_1_214' title='bbox 259 2096 394 2143; x_wconf 82' lang='lat' dir='ltr'>Camp.</span> <span class='ocrx_word' id='word_1_215' title='bbox 426 2092 552 2128; x_wconf 82' lang='lat' dir='ltr'>Guelf.</span> <span class='ocrx_word' id='word_1_216' title='bbox 587 2104 619 2127; x_wconf 87' lang='lat' dir='ltr'>c.</span> <span class='ocrx_word' id='word_1_217' title='bbox 653 2090 753 2126; x_wconf 84' lang='lat' dir='ltr'>Alm.</span> <span class='ocrx_word' id='word_1_218' title='bbox 784 2093 902 2128; x_wconf 86' lang='lat' dir='ltr'>Goth.</span> <span class='ocrx_word' id='word_1_219' title='bbox 933 2096 971 2128; x_wconf 84' lang='grc' dir='ltr'>ἱη</span> <span class='ocrx_word' id='word_1_220' title='bbox 1003 2094 1098 2144; x_wconf 81' lang='lat' dir='ltr'>eloq.</span> <span class='ocrx_word' id='word_1_221' title='bbox 1129 2093 1231 2133; x_wconf 76' lang='lat' dir='ltr'>Voss&#39;.</span> <span class='ocrx_word' id='word_1_222' title='bbox 1262 2102 1298 2127; x_wconf 89' lang='lat'>2.</span> <span class='ocrx_word' id='word_1_223' title='bbox 1330 2101 1367 2128; x_wconf 78' lang='lat' dir='ltr'>et</span> <span class='ocrx_word' id='word_1_224' title='bbox 1388 2088 1487 2141; x_wconf 47' lang='lat' dir='ltr'>eloqss</span> <span class='ocrx_word' id='word_1_225' title='bbox 1507 2088 1593 2128; x_wconf 74' lang='lat' dir='ltr'>ed&#39;d&#39;.</span> 
     </span>
     <span class='ocr_line' id='line_1_29' title="bbox 257 2148 1596 2196; baseline -0.002 -10"><span class='ocrx_word' id='word_1_226' title='bbox 257 2150 350 2186; x_wconf 81' lang='lat' dir='ltr'>inde</span> <span class='ocrx_word' id='word_1_227' title='bbox 381 2164 400 2186; x_wconf 89' lang='lat' dir='ltr'>a</span> <span class='ocrx_word' id='word_1_228' title='bbox 432 2149 530 2188; x_wconf 83' lang='lat' dir='ltr'>Jens.</span> <span class='ocrx_word' id='word_1_229' title='bbox 589 2148 775 2183; x_wconf 81' lang='lat' dir='ltr'>Nostrum</span> <span class='ocrx_word' id='word_1_230' title='bbox 807 2163 826 2184; x_wconf 89' lang='lat' dir='ltr'>e</span> <span class='ocrx_word' id='word_1_231' title='bbox 857 2151 1088 2196; x_wconf 85' lang='lat' dir='ltr'>conjectura.</span> <span class='ocrx_word' id='word_1_232' title='bbox 1208 2149 1304 2183; x_wconf 82' lang='lat' dir='ltr'>idem</span> <span class='ocrx_word' id='word_1_233' title='bbox 1333 2151 1472 2185; x_wconf 80' lang='lat' dir='ltr'>omines</span> <span class='ocrx_word' id='word_1_234' title='bbox 1499 2148 1596 2183; x_wconf 73' lang='lat' dir='ltr'>alter·</span> 
     </span>
     <span class='ocr_line' id='line_1_30' title="bbox 258 2197 1593 2255; baseline -0.002 -13"><span class='ocrx_word' id='word_1_235' title='bbox 258 2207 383 2243; x_wconf 75' lang='lat' dir='ltr'>decere</span> <span class='ocrx_word' id='word_1_236' title='bbox 413 2206 620 2242; x_wconf 77' lang='lat' dir='ltr'>allocuntur</span> <span class='ocrx_word' id='word_1_237' title='bbox 649 2205 782 2241; x_wconf 88' lang='lat' dir='ltr'>Turic.</span> <span class='ocrx_word' id='word_1_238' title='bbox 813 2205 915 2241; x_wconf 85' lang='lat' dir='ltr'>Flor.</span> <span class='ocrx_word' id='word_1_239' title='bbox 951 2207 1024 2242; x_wconf 82' lang='lat' dir='ltr'>nisi</span> <span class='ocrx_word' id='word_1_240' title='bbox 1052 2206 1158 2255; x_wconf 84' lang='lat' dir='ltr'>quod</span> <span class='ocrx_word' id='word_1_241' title='bbox 1186 2204 1252 2241; x_wconf 84' lang='lat' dir='ltr'>hic</span> <span class='ocrx_word' id='word_1_242' title='bbox 1281 2206 1374 2240; x_wconf 74' lang='lat' dir='ltr'>alter</span> <span class='ocrx_word' id='word_1_243' title='bbox 1397 2197 1467 2254; x_wconf 74' lang='lat' dir='ltr'>per</span> <span class='ocrx_word' id='word_1_244' title='bbox 1488 2216 1593 2240; x_wconf 85' lang='lat' dir='ltr'>com-</span> 
     </span>
     <span class='ocr_line' id='line_1_31' title="bbox 257 2259 1594 2313; baseline 0 -15"><span class='ocrx_word' id='word_1_245' title='bbox 257 2264 447 2313; x_wconf 80' lang='lat' dir='ltr'>pendium</span> <span class='ocrx_word' id='word_1_246' title='bbox 478 2263 535 2298; x_wconf 80' lang='lat' dir='ltr'>alt</span> <span class='ocrx_word' id='word_1_247' title='bbox 564 2274 652 2297; x_wconf 91' lang='lat' dir='ltr'>cum</span> <span class='ocrx_word' id='word_1_248' title='bbox 681 2259 825 2297; x_wconf 88' lang='lat' dir='ltr'>lineola</span> <span class='ocrx_word' id='word_1_249' title='bbox 854 2261 1005 2299; x_wconf 82' lang='lat' dir='ltr'>litterae</span> <span class='ocrx_word' id='word_1_250' title='bbox 1036 2271 1050 2299; x_wconf 77' lang='lat' dir='ltr'>t</span> <span class='ocrx_word' id='word_1_251' title='bbox 1078 2264 1239 2312; x_wconf 83' lang='lat' dir='ltr'>superne</span> <span class='ocrx_word' id='word_1_252' title='bbox 1270 2261 1506 2297; x_wconf 85' lang='lat' dir='ltr'>adhaerente.</span> <span class='ocrx_word' id='word_1_253' title='bbox 1565 2262 1594 2298; x_wconf 88' lang='grc' dir='ltr'>ἱ.</span> 
     </span>
     <span class='ocr_line' id='line_1_32' title="bbox 259 2316 1592 2369; baseline -0.002 -14"><span class='ocrx_word' id='word_1_254' title='bbox 259 2333 294 2355; x_wconf 89' lang='lat' dir='ltr'>o.</span> <span class='ocrx_word' id='word_1_255' title='bbox 327 2321 364 2355; x_wconf 78' lang='lat' dir='ltr'>d.</span> <span class='ocrx_word' id='word_1_256' title='bbox 394 2320 631 2369; x_wconf 81' lang='lat' dir='ltr'>alloquuntur</span> <span class='ocrx_word' id='word_1_257' title='bbox 660 2316 786 2354; x_wconf 87' lang='lat' dir='ltr'>Guelf.</span> <span class='ocrx_word' id='word_1_258' title='bbox 827 2319 872 2352; x_wconf 87' lang='lat' dir='ltr'>In</span> <span class='ocrx_word' id='word_1_259' title='bbox 902 2330 1052 2368; x_wconf 83' lang='lat' dir='ltr'>recepta</span> <span class='ocrx_word' id='word_1_260' title='bbox 1080 2320 1224 2355; x_wconf 88' lang='lat' dir='ltr'>mirum</span> <span class='ocrx_word' id='word_1_261' title='bbox 1251 2317 1408 2354; x_wconf 82' lang='lat' dir='ltr'>videtur</span> <span class='ocrx_word' id='word_1_262' title='bbox 1425 2317 1592 2354; x_wconf 85' lang='lat' dir='ltr'>verbum</span> 
     </span>
     <span class='ocr_line' id='line_1_33' title="bbox 258 2373 1592 2427; baseline -0.001 -16"><span class='ocrx_word' id='word_1_263' title='bbox 258 2376 456 2425; x_wconf 78' lang='lat' dir='ltr'>loquuntur</span> <span class='ocrx_word' id='word_1_264' title='bbox 483 2376 538 2413; x_wconf 86' lang='lat' dir='ltr'>ita</span> <span class='ocrx_word' id='word_1_265' title='bbox 565 2375 668 2412; x_wconf 81' lang='lat' dir='ltr'>nude</span> <span class='ocrx_word' id='word_1_266' title='bbox 696 2374 868 2425; x_wconf 79' lang='lat' dir='ltr'>pofitum</span> <span class='ocrx_word' id='word_1_267' title='bbox 898 2386 935 2411; x_wconf 89' lang='lat' dir='ltr'>et</span> <span class='ocrx_word' id='word_1_268' title='bbox 963 2389 1051 2413; x_wconf 89' lang='lat' dir='ltr'>cum</span> <span class='ocrx_word' id='word_1_269' title='bbox 1079 2377 1260 2427; x_wconf 72' lang='lat' dir='ltr'>sequente</span> <span class='ocrx_word' id='word_1_270' title='bbox 1290 2373 1430 2425; x_wconf 81' lang='lat' dir='ltr'>copula</span> <span class='ocrx_word' id='word_1_271' title='bbox 1452 2374 1506 2410; x_wconf 81' lang='lat' dir='ltr'>ita</span> <span class='ocrx_word' id='word_1_272' title='bbox 1527 2386 1592 2410; x_wconf 83' lang='lat' dir='ltr'>ex·</span> 
     </span>
    </p>
   </div>
   <div class='ocr_carea' id='block_1_7' title="bbox 255 2530 1592 2753">
    <p class='ocr_par' dir='ltr' id='par_1_8' title="bbox 255 2530 1592 2753">
     <span class='ocr_line' id='line_1_34' title="bbox 313 2530 1591 2581; baseline -0.002 -12"><span class='ocrx_word' id='word_1_273' title='bbox 313 2538 380 2581; x_wconf 71' lang='lat'>44.</span> <span class='ocrx_word' id='word_1_274' title='bbox 419 2535 576 2572; x_wconf 72' lang='lat' dir='ltr'>lacertos</span> <span class='ocrx_word' id='word_1_275' title='bbox 596 2552 650 2562; x_wconf 89' lang='lat'><em>-</em></span> <span class='ocrx_word' id='word_1_276' title='bbox 667 2553 721 2561; x_wconf 89' lang='lat'>—</span> <span class='ocrx_word' id='word_1_277' title='bbox 743 2534 895 2570; x_wconf 78' lang='lat' dir='ltr'>trahere.</span> <span class='ocrx_word' id='word_1_278' title='bbox 952 2543 1036 2570; x_wconf 77' lang='lat' dir='ltr'>raca</span> <span class='ocrx_word' id='word_1_279' title='bbox 1065 2541 1101 2568; x_wconf 74' lang='grc' dir='ltr'>ει·</span> <span class='ocrx_word' id='word_1_280' title='bbox 1121 2530 1269 2581; x_wconf 77' lang='lat' dir='ltr'>astricta</span> <span class='ocrx_word' id='word_1_281' title='bbox 1292 2541 1328 2568; x_wconf 80' lang='lat' dir='ltr'>et</span> <span class='ocrx_word' id='word_1_282' title='bbox 1355 2532 1591 2568; x_wconf 67' lang='lat' dir='ltr'>lacertis-421⁶</span> 
     </span>
     <span class='ocr_line' id='line_1_35' title="bbox 257 2587 1591 2641; baseline -0.001 -16"><span class='ocrx_word' id='word_1_283' title='bbox 257 2589 315 2625; x_wconf 83' lang='lat' dir='ltr'>Cf.</span> <span class='ocrx_word' id='word_1_284' title='bbox 340 2597 363 2635; x_wconf 84' lang='grc'><strong>8</strong></span> <span class='ocrx_word' id='word_1_285' title='bbox 386 2593 473 2628; x_wconf 83' lang='lat' dir='ltr'>Pro.</span> <span class='ocrx_word' id='word_1_286' title='bbox 501 2605 562 2639; x_wconf 85' lang='lat'>¹9·</span> <span class='ocrx_word' id='word_1_287' title='bbox 622 2593 785 2638; x_wconf 77' lang='lat' dir='ltr'>Corpora</span> <span class='ocrx_word' id='word_1_288' title='bbox 798 2590 896 2639; x_wconf 81' lang='lat' dir='ltr'>sana</span> <span class='ocrx_word' id='word_1_289' title='bbox 951 2588 1071 2641; x_wconf 66' lang='lat' dir='ltr'>preſjo</span> <span class='ocrx_word' id='word_1_290' title='bbox 1083 2589 1194 2638; x_wconf 81' lang='lat' dir='ltr'>sunt:</span> <span class='ocrx_word' id='word_1_291' title='bbox 1218 2589 1289 2626; x_wconf 87' lang='lat' dir='ltr'>ubi</span> <span class='ocrx_word' id='word_1_292' title='bbox 1304 2589 1479 2626; x_wconf 80' lang='lat' dir='ltr'>vid.110t.</span> <span class='ocrx_word' id='word_1_293' title='bbox 1491 2587 1591 2624; x_wconf 74' lang='lat' dir='ltr'>Add-</span> 
     </span>
     <span class='ocr_line' id='line_1_36' title="bbox 255 2646 1157 2696; baseline 0.003 -18"><span class='ocrx_word' id='word_1_294' title='bbox 255 2653 293 2679; x_wconf 75' lang='lat' dir='ltr'>et</span> <span class='ocrx_word' id='word_1_295' title='bbox 315 2647 450 2695; x_wconf 79' lang='lat' dir='ltr'>integri</span> <span class='ocrx_word' id='word_1_296' title='bbox 473 2646 670 2696; x_wconf 76' lang='lat' dir='ltr'>sanguinis</span> <span class='ocrx_word' id='word_1_297' title='bbox 698 2656 734 2682; x_wconf 84' lang='lat' dir='ltr'>et</span> <span class='ocrx_word' id='word_1_298' title='bbox 759 2650 893 2682; x_wconf 76' lang='lat' dir='ltr'>exerci-</span> <span class='ocrx_word' id='word_1_299' title='bbox 952 2655 987 2694; x_wconf 81' lang='lat'>3,</span> <span class='ocrx_word' id='word_1_300' title='bbox 1019 2656 1058 2690; x_wconf 76' lang='lat'>3,</span> <span class='ocrx_word' id='word_1_301' title='bbox 1095 2659 1157 2682; x_wconf 85' lang='lat'>10.</span> 
     </span>
     <span class='ocr_line' id='line_1_37' title="bbox 255 2700 1592 2753; baseline 0.003 -18"><span class='ocrx_word' id='word_1_302' title='bbox 255 2703 395 2740; x_wconf 72' lang='lat' dir='ltr'>tatione</span> <span class='ocrx_word' id='word_1_303' title='bbox 420 2703 576 2753; x_wconf 71' lang='lat' dir='ltr'>firmata</span> <span class='ocrx_word' id='word_1_304' title='bbox 592 2724 649 2738; x_wconf 90' lang='lat'>-</span> <span class='ocrx_word' id='word_1_305' title='bbox 664 2724 720 2733; x_wconf 92' lang='lat'><em>-</em></span> <span class='ocrx_word' id='word_1_306' title='bbox 738 2714 774 2740; x_wconf 78' lang='lat' dir='ltr'>et</span> <span class='ocrx_word' id='word_1_307' title='bbox 794 2703 892 2741; x_wconf 81' lang='lat' dir='ltr'>colo·</span> <span class='ocrx_word' id='word_1_308' title='bbox 1007 2712 1050 2741; x_wconf 78' lang='lat' dir='ltr'>ac</span> <span class='ocrx_word' id='word_1_309' title='bbox 1069 2702 1274 2753; x_wconf 80' lang='lat' dir='ltr'>loquuntur.</span> <span class='ocrx_word' id='word_1_310' title='bbox 1295 2702 1376 2742; x_wconf 78' lang='lat' dir='ltr'>vid.</span> <span class='ocrx_word' id='word_1_311' title='bbox 1399 2713 1484 2741; x_wconf 82' lang='lat' dir='ltr'>not.</span> <span class='ocrx_word' id='word_1_312' title='bbox 1505 2700 1592 2738; x_wconf 70' lang='lat' dir='ltr'>crit.</span> 
     </span>
    </p>
   </div>
  </div>
 </body>
</html>
