1779 3062
392 122 396 125 ’
462 152 623 200 msT.
663 134 944 203 ORATOR.
975 156 1099 203 121ss.
1132 152 1242 215 xil,
1280 171 1324 203 1.
1475 166 1579 221 499

230 290 372 341 (¹:·ant,·x
412 279 504 330 sed
538 282 748 339 virum,
787 300 910 332 cum
952 286 1174 351 ingenii
1199 297 1387 336 natura
1427 303 1577 353 prae-

228 360 473 416 stantem,
510 369 631 408 tum
650 376 782 408 vero
809 369 887 408 tot
908 363 1298 428 pulcherrimas
1331 375 1464 414 artes
1483 382 1577 431 pe-

226 439 372 488 nitus
408 446 586 485 mente
621 436 987 500 complexum,
1028 440 1214 490 datum
1247 442 1465 490 tandem
1495 459 1579 492 re-

225 515 327 564 bus
353 515 619 571 humanis,
662 514 876 578 qualem
895 516 1045 564 nulla
1068 529 1217 567 antea
1239 518 1467 569 vetustas
1490 538 1578 570 co-

225 593 491 659 gnoverit,
517 590 856 656 singularem,
887 591 1291 660 perfectumque
1316 597 1578 663 undique,

227 672 428 737 optima
451 668 780 726 sentientem,
822 670 1128 735 optimeque
1155 672 1435 724 dicentem.
1513 678 1576 723 In
1606 683 1656 722 26

224 748 330 798 hoc
352 759 517 814 quota
539 764 657 813 pars
678 747 796 804 erit,
837 746 986 812 quod
1007 758 1096 797 aut
1117 750 1431 801 innocentes
1459 762 1578 801 tue-

226 938 334 974 quem
363 923 496 960 Turio.
522 921 628 959 Flor.
688 925 752 960 Ex
784 924 885 961 Alm.
919 926 1079 962 affertur
1108 940 1183 962 non
1213 929 1304 964 utile
1324 929 1420 979 sane
1448 944 1577 980 quem,

225 981 329 1017 unde
348 982 594 1015 Burmannus
617 982 778 1028 conjicit
800 997 835 1018 n.
866 984 1037 1019 inutilem
1067 984 1180 1031 plane
1210 986 1434 1022 advocatum
1457 1001 1579 1034 quem,

225 1039 413 1086 quoniam
443 1037 566 1072 litium
595 1038 820 1075 advocatum
847 1054 895 1076 an
922 1050 1024 1076 recte
1055 1042 1206 1077 dicatur
1225 1042 1491 1078 dubitandum·
1517 1044 1576 1079 [it.

226 1095 344 1142 Quod
375 1094 536 1142 quidem
565 1093 680 1143 plane
714 1097 750 1132 ei
779 1098 984 1139 affentior;
1045 1098 1106 1132 sed
1141 1099 1335 1134 medelam
1370 1113 1452 1135 non
1480 1100 1578 1136 item

222 1151 367 1202 probe.
426 1152 530 1187 Nam
554 1152 776 1188 advocatum
801 1165 837 1190 et
856 1155 984 1204 ipsum
1007 1154 1129 1190 abeffe
1149 1156 1196 1192 ab
1219 1156 1322 1192 Alm.
1347 1157 1496 1192 oblitus
1517 1157 1578 1193 vi-

225 1209 359 1249 detur,
391 1222 462 1245 nec
497 1207 611 1244 valde
644 1210 824 1246 credulus
857 1224 930 1260 ego
965 1209 1031 1246 illi
1069 1212 1180 1248 vocis
1213 1213 1335 1248 litium
1366 1213 1578 1249 omiffioni.

222 1266 432 1314 Habetque
458 1265 535 1301 hoc
557 1266 672 1300 etiam
698 1267 985 1308 difficultatem,
1009 1268 1131 1315 quod.
1166 1282 1256 1304 eum
1279 1271 1324 1305 sit
1345 1270 1388 1304 in
1412 1270 1475 1305 his
1497 1284 1579 1305 ma·

224 1323 382 1359 nifestus
403 1324 447 1357 ad
470 1322 691 1358 honestiora
713 1324 905 1360 vocabula
928 1325 1099 1366 reditus,
1131 1337 1260 1361 tamen
1285 1327 1487 1362 advocatus
1513 1337 1580 1362 aut

223 1381 362 1429 potior
394 1380 444 1415 est
473 1380 541 1425 (cf.
575 1386 610 1422 4,
651 1394 684 1421 1,
720 1380 790 1430 7.),
835 1393 899 1418 aut
927 1381 1056 1416 saltem
1086 1396 1167 1419 non
1192 1383 1359 1419 inferior
1380 1382 1578 1431 causidico.

223 1438 280 1473 Ut
297 1450 377 1473 non
397 1436 569 1472 multum
592 1436 698 1477 absit,
729 1439 824 1486 quin
845 1439 990 1474 vetusta
1011 1438 1079 1473 illa
1101 1440 1288 1488 scriptura
1309 1440 1461 1475 indicio
1495 1450 1582 1475 utar

221 1495 334 1530 vocis
355 1495 520 1542 litigia-m
543 1493 608 1538 (ad
627 1494 792 1529 modum
815 1497 1018 1544 mancipii)
1051 1495 1097 1530 de
1128 1496 1289 1531 homine
1313 1497 1430 1532 etiam
1456 1496 1499 1531 in
1522 1496 1578 1531 fa·

220 1551 369 1586 miliari
391 1552 565 1586 sermone
581 1550 777 1598 usurpatae
793 1555 919 1596 („non
937 1551 1081 1587 inutile
1103 1553 1187 1588 sane
1200 1552 1440 1602 litigium“).
1458 1553 1578 1599 Quod

219 1609 271 1649 si,
303 1618 348 1644 ut
376 1622 445 1656 par
482 1608 550 1648 est,
588 1606 848 1654 displicuerit,
880 1608 972 1643 vide
1010 1621 1058 1643 an
1088 1609 1363 1659 reponendum
1394 1609 1579 1644 videatur

221 1667 344 1702 litium
368 1662 656 1712 instrumentum.
684 1665 792 1706 [Vid.
816 1664 934 1708 Add.]
995 1664 1225 1714 causadicum
1258 1666 1395 1703 Ambr.
1430 1675 1467 1700 2.
1497 1665 1579 1701 vul-

221 1737 272 1772 go
301 1723 426 1757 dicant
449 1721 551 1757 Flor.
612 1734 692 1756 eum
713 1735 785 1770 pro
809 1737 889 1758 cum
915 1724 1049 1770 Camp.
1079 1720 1290 1771 praestante
1311 1724 1445 1759 Turic-
1466 1721 1575 1758 Flor-

223 1789 283 1815 tot
311 1779 445 1815 Turio.
473 1779 609 1826 Camp.
641 1779 843 1816 omittunt.
880 1779 1020 1814 Placet.
1082 1780 1183 1815 Mox
1212 1782 1413 1827 agnoverit
1442 1780 1576 1828 Camp-

221 1838 364 1885 opcime
376 1833 620 1884 annGoth.
641 1833 757 1872 solus.

305 1930 371 1972 26.
432 1936 488 1971 his
508 1936 576 1972 hoc
599 1936 701 1984 quod
731 1950 840 1985 apers
860 1938 930 1972 erit
947 1937 1079 1974 Turic.
1102 1936 1207 1981 Flor.
1239 1936 1325 1982 (hic
1348 1935 1576 1986 asperserit).

221 1994 393 2031 utebatur
424 1994 554 2029 Tui-ic.
583 1993 688 2028 Ποῖ.
714 1995 838 2028 aderit
859 2006 936 2029 om.
951 1995 1083 2030 Tui-ic.
1106 1994 1210 2030 Flor.
1234 2008 1323 2029 cum
1343 1989 1446 2030 Alm.
1475 1993 1576 2044 sum-

220 2066 320 2089 mum
346 2050 481 2087 Turio.
505 2049 660 2100 summis
686 2051 785 2089 Jens.
817 2051 919 2097 (tac.
956 2050 1099 2098 Gesn.)
1141 2052 1256 2087 Tarv.
1289 2050 1462 2100 operibus
1493 2064 1573 2088 om.

209 2211 397 2249 ‘omnium
444 2209 867 2252 honorificentissimo,
924 2209 1030 2250 „scio
1053 2222 1183 2258 quem,
1209 2221 1336 2257 neque
1358 2208 1573 2257 proclama-

214 2268 383 2304 oratoris
405 2280 486 2303 non
507 2267 703 2314 digneris,
753 2267 868 2302 docet
924 2275 1090 2306 „torem‚
1120 2277 1187 2303 aut
1208 2265 1384 2301 rabulam
1399 2266 1476 2301 hoc
1500 2267 1573 2302 ser·

212 2327 462 2362 Burmannus
493 2324 539 2358 ad
569 2337 659 2358 eum
689 2325 866 2360 Petronii
923 2335 1069 2363 „mone
1108 2323 1236 2359 nostro
1282 2323 1570 2370 conquirimus,

212 2381 347 2417 locum
370 2384 422 2425 (c.
445 2380 544 2425 46.),
563 2379 634 2415 ubi
654 2393 742 2417 cum
754 2384 864 2429 psse-
919 2380 1009 2419 „sed
1033 2393 1121 2415 eum
1134 2381 1278 2418 virum,
1311 2380 1379 2426 qui
1395 2380 1572 2427 primum

214 2451 313 2475 cone
350 2436 492 2486 (plane
531 2448 575 2472 ut
603 2450 661 2486 ap.
699 2439 790 2476 Juv.
823 2437 862 2480 6,
920 2437 995 2477 „sit
1022 2437 1141 2482 hujus
1163 2437 1255 2471 artis
1283 2436 1433 2471 antistes
1446 2441 1471 2458 ¹‘
1499 2447 1572 2473 cet.

217 2496 332 2542 458.)
363 2494 617 2542 componitur
636 2494 862 2531 causidicus.
882 2501 884 2503 ’
925 2493 982 2529 Cf.
1008 2494 1124 2529 etiam
1146 2493 1308 2530 initium
1327 2492 1493 2542 Dialogi
1522 2493 1572 2528 de

214 2551 332 2587 Plane
364 2562 492 2586 autem
526 2551 697 2600 apposite
726 2551 772 2586 ad
794 2564 865 2587 no·
925 2548 1173 2587 Oratoribus.

214 2609 334 2645 strum
365 2607 499 2643 locum
532 2607 652 2643 verba
683 2607 744 2643 ibi
774 2608 866 2644 affe·
980 2606 1044 2644 26.
1105 2616 1220 2656 quota
1255 2619 1345 2655 pars
1376 2625 1429 2634 —
1453 2608 1567 2657 quod.

214 2676 357 2701 rantur
389 2666 469 2700 Cic.
505 2665 551 2700 de
585 2664 693 2701 Orat.
729 2677 763 2706 1,
794 2665 861 2710 46.
922 2663 1250 2700 Imminutionem
1280 2663 1397 2699 ineffe
1421 2664 1491 2700 tali
1511 2665 1570 2700 in·

212 2723 337 2765 „Non
380 2722 486 2758 enim
527 2721 762 2761 causidicum
798 2735 864 2759 ne·
921 2721 1183 2772 terxogationi
1244 2719 1420 2771 exempla
1477 2733 1570 2772 pro-

1072 2801 1164 2838 1i2
