1779 3062
441 123 608 170 INST.
645 123 928 174 ORATOR.
967 126 1090 172 LIB.
1126 126 1237 186 ΧΠ,
1269 127 1319 185 9.“

197 247 408 313 aliquid
439 264 505 295 ex
531 247 642 297 illis
675 246 999 306 intervelli,-
1032 258 1191 315 atque
1224 265 1289 297 ex
1319 259 1562 316 tempore

198 323 437 374 dicendis
467 323 629 374 inseri
660 323 837 392 poffit:
886 325 1038 391 quod.
1071 325 1115 374 si
1155 324 1281 385 fiat,
1329 344 1442 376 non
1473 343 1561 375 co-

196 401 401 460 haeret,
441 419 539 452 nec
572 399 923 452 commissuris
953 402 1151 461 mod0‚
1192 414 1255 453 ut
1290 405 1352 452 in
1393 421 1557 471 opere

195 480 335 528 male
366 483 577 542 juncto,
616 478 915 538 hiantibus,
961 478 1053 529 sed.
1088 479 1199 547 ipsa
1233 481 1427 532 coloris
1467 481 1554 531 in-

195 557 508 621 aequalitate
551 557 830 623 detegitur.

193 644 378 702 petus,
416 652 515 683 nec
547 652 674 685 cura
710 642 976 691 contexta;
1055 645 1108 683 et
1143 646 1436 701 utrumque
1471 637 1545 685 al-

192 712 295 760 teri
329 710 519 762 obstat:
559 711 653 759 illa
687 709 859 768 enim,
901 726 1039 774 quae
1065 711 1254 780 scripta
1285 711 1424 771 sunt,
1462 730 1547 762 re-

192 789 366 838 tinent
409 789 674 846 animum,
725 805 839 837 non
871 784 1183 852 sequuntur.
1261 792 1444 856 Itaque
1484 791 1547 840 in

189 865 275 917 his
301 866 600 916 actionibus
624 868 776 924 omni,
816 875 878 915 ut
906 866 1166 932 agricolae
1186 866 1391 928 dicunt,
1408 868 1546 934 pede

1458 136 1558 185 599
1615 182 1618 184 .

913 558 989 604 Ita
1022 575 1121 607 nec
1156 558 1294 607 liber
1333 557 1410 607 est
1449 559 1551 608 im·
1581 575 1628 617 ιε

186 1046 288 1087 Jens.
317 1056 356 1083 et
386 1046 474 1084 edd.
503 1056 589 1083 ante
617 1044 709 1081 Ald.

825 1047 983 1098 aliquod
1006 1046 1143 1083 Turio.

187 1117 256 1153 que
278 1105 413 1140 Turic.
472 1104 662 1140 intervalli
688 1118 722 1140 α.
752 1103 880 1141 Guelf.
915 1117 947 1140 c.
971 1104 1078 1143 Voss'.
1109 1117 1142 1140 ι.
1171 1112 1208 1149 5.

1263 1049 1357 1083 inter
1379 1048 1470 1083 belli
1488 1057 1545 1084 at-

1270 1105 1477 1142 intervallis
1507 1120 1545 1141 α.

187 1161 311 1197 Goth.
338 1163 474 1211 Camp.
505 1162 605 1200 Jens.
639 1171 677 1196 et
706 1161 793 1197 edd.
825 1172 911 1198 ante
941 1164 1078 1199 Burm.
1112 1162 1182 1210 qui
1210 1174 1229 1197 e
1258 1163 1363 1212 Voss'.
1394 1172 1430 1199 2.
1472 1175 1545 1198 no·

187 1218 308 1254 strum
348 1218 519 1267 recepit,
564 1218 671 1267 quod
712 1219 763 1254 est
805 1219 923 1254 etiam
962 1220 1007 1255 in
1035 1218 1142 1254 Flor.
1183 1229 1222 1254 et
1251 1219 1471 1270 agnoscitur
1501 1219 1544 1254 in

186 1276 322 1311 Turio.
362 1274 596 1325 corruptela.

662 1273 881 1324 Vulgatum
931 1275 1030 1312 olim
1073 1276 1281 1311 intervallis
1320 1274 1545 1312 Obrechtus

187 1344 381 1368 commate
422 1345 503 1367 non
546 1330 629 1382 post
666 1332 728 1367 sed
761 1341 848 1368 ante
877 1331 956 1369 hoc
984 1331 1222 1370 vocabulum
1258 1333 1386 1382 posito
1419 1332 1544 1369 sensui

186 1390 443 1426 commodum
474 1389 637 1424 redde1e
668 1390 862 1426 tentabat:
895 1390 1045 1426 frustm.

185 1448 257 1484 ric.
299 1447 406 1483 Flor.
467 1447 623 1482 dicentis
664 1446 794 1483 Guelf.

185 1504 319 1541 Turio.
353 1505 382 1540 F
385 1503 459 1540 lor.

302 1568 365 1606 13.
428 1560 523 1594 lIber
554 1561 643 1608 imp.
684 1560 824 1596 omiss'o
857 1557 909 1609 est
940 1562 1075 1610 Camp.

179 1619 390 1656 accionibus
421 1618 556 1654 Turic.
596 1616 715 1654 Goth.
744 1617 836 1663 (tac.
868 1617 1001 1667 Gefn.)

180 1675 302 1714 Goth.
332 1675 424 1722 (tac.
457 1674 586 1720 Gesn.)

240 1842 305 1878 17.
349 1831 548 1870 intervelli.
590 1831 832 1867 Intervellen-

177 1892 221 1928 di
240 1888 481 1927 vocabulum
503 1888 547 1924 in
559 1888 716 1924 Lexicis
744 1888 831 1924 satis

179 1947 419 1998 explicatum
432 1956 560 1982 actum
575 1944 748 1993 designat
758 1943 832 1981 tol-

174 2005 288 2052 ·lendi
330 2016 379 2041 ex
415 2003 575 2051 integro
614 2001 751 2051 aliquo
787 2015 830 2038 ea

177 2076 278 2113 quae
310 2061 434 2097 nimia
462 2059 673 2100 videntur;
715 2069 753 2095 et
774 2059 829 2094 ita

171 2121 255 2157 fere
286 2119 516 2167 usurpatum
550 2116 600 2152 est
621 2116 733 2165 supra
760 2129 825 2157 ιο,

174 2188 215 2223 7,
240 2183 276 2222 5.
334 2174 440 2211 Alias
457 2174 587 2222 igitur
609 2172 758 2209 avulsae
778 2171 827 2208 il-

173 2233 235 2271 lae
273 2242 400 2283 partes
435 2231 696 2278 abjiciuntur:
758 2229 826 2266 hic

174 2303 274 2328 vero
307 2288 492 2325 intervelli
521 2300 592 2336 per
627 2298 826 2336 contemp·

177 2357 263 2384 rum
293 2345 467 2394 aliquem
509 2344 656 2380 dicitur
678 2345 738 2380 vde
774 2345 826 2391 iis

176 2416 277 2453 quae
307 2402 356 2438 ad
378 2402 490 2439 usum
519 2401 663 2450 raptim
694 2414 824 2438 excer-

174 2464 337 2512 liuntur.

236 2523 302 2563 ¹8·
333 2515 404 2554 illa
424 2518 654 2553 enim—-—
673 2514 823 2565 norz'se·

173 2583 347 2624 quantur.
369 2576 476 2622 Quae
492 2584 713 2625 praeparata
726 2575 822 2616 suut,

170 2632 335 2668 retinent
354 2633 552 2674 animum,
579 2632 675 2668 dum
706 2631 750 2668 iu
779 2631 825 2667 id

169 2687 298 2740 ipsum
319 2689 462 2727 intenti
481 2690 638 2734 sumus,
660 2699 714 2727 -ut
744 2701 827 2726 me·

539 1503 639 1552 quod
669 1515 748 1539 om.
780 1502 910 1540 Guelf.
943 1518 974 1540 c.
1003 1503 1107 1541 Voff.
1145 1517 1178 1540 ι.

1282 1390 1430 1425 dicendi
1460 1390 1543 1425 Tu·

913 1446 1045 1497 inseret
1081 1447 1189 1485 Voss.
1226 1462 1261 1483 1.
1295 1457 1333 1483 2.
1393 1443 1544 1496 poffunss

1258 1506 1382 1540 vincto
1406 1504 1543 1551 Camp-

1159 1569 1269 1612 optat
1300 1559 1429 1596 Guelf.
1495 1561 1543 1595 iis

1175 1617 1366 1668 agricolae
1406 1616 1542 1653 debent

889 1829 1059 1867 moriter
1077 1843 1118 1866 ea
1142 1830 1410 1879 proferamusg
1441 1843 1542 1879 quae

891 1901 939 1924 ex
964 1898 1141 1937 tempore
1172 1887 1541 1929 dicuntu1,libere

888 1955 1094 1994 vagantem
1135 1944 1309 1980 animum
1351 1944 1539 1994 quasise

889 2011 1057 2053 quantur.
1070 2002 1270 2039 contrarii
1288 2012 1442 2038 motus:
1466 2001 1539 2051 qui

885 2061 921 2095 se
949 2059 1122 2096 invicem
1150 2058 1307 2095 tollunt.
1369 2058 1539 2097 Manife-

883 2117 984 2153 stum
1022 2116 1128 2153 lumc
1163 2115 1401 2165 Quintiliani
1451 2116 1555 2151 sen->

884 2174 968 2210 sum
986 2185 1075 2211 >tam
1105 2186 1241 2223 parum
1272 2173 1455 2209 assecutus
1482 2171 1533 2208 est

886 2230 1134 2273 Obrechtus,
1163 2241 1208 2266 ut
1238 2230 1404 2266 nefando
1440 2229 1548 2266 auso*

883 2288 997 2338 plane
1023 2289 1299 2324 interverteret
1327 2299 1416 2322 eum
1440 2281 1529 2322 scri·

884 2346 1015 2383 hendo
1048 2358 1097 2381 ex
1125 2346 1368 2392 conjectura:
1425 2341 1527 2394 „Illa

881 2403 1028 2445 ‚,enim‚
1062 2416 1159 2451 quae
1180 2402 1318 2450 scripta
1338 2401 1436 2442 suut,
1454 2412 1527 2438 >te-

880 2461 1034 2501 „tinent
1044 2459 1216 2495 animum
1231 2473 1239 2499 ς
1261 2471 1358 2507 quae
1373 2471 1419 2494 ex
1429 2467 1525 2493 tem·

880 2529 1004 2566 „pore
1033 2516 1197 2552 dicenda
1227 2517 1334 2558 sunt,
1365 2527 1446 2551 non
1473 2513 1525 2549 see·

879 2599 905 2616 ῃ
909 2578 1127 2623 quantur-‘⁸

939 2633 1043 2667 omni
1059 2651 1117 2659 -—
1134 2630 1229 2681 pede
1251 2627 1432 2680 standum
1462 2624 1526 2677 eft.

881 2688 1072 2727 Graecum
1099 2684 1171 2737 ἕλω
1199 2687 1278 2728 ποδὶ
1303 2689 1409 2726 idem
1433 2699 1528 2739 pro·
