1794 3057
401 177 566 222 INST.
615 173 897 220 ORATOR.
943 175 1066 223 LIB.
1111 176 1184 233 Χ)
1228 188 1271 223 1.

1449 189 1509 234 15

155 301 432 365 omnium,
496 318 849 370 quaecunque
895 303 1183 364 docemus,
1243 306 1348 357 hoc
1390 305 1515 358 sunt

154 387 395 452 exempla
425 383 725 450 potentiora
759 382 915 428 etiam
946 381 1096 446 ipsis,
1132 401 1269 448 quae
1295 385 1514 435 tradun-

152 475 264 522 tur,
315 464 540 518 artibus,
589 477 710 508 cum
749 475 844 517 eo,
883 459 980 524 qui
1012 459 1187 519 discit,
1227 461 1513 527 perductus

153 542 254 600 est,
304 551 364 590 ut
399 538 695 602 intelligere
742 552 803 584 ea
838 534 947 584 fine
985 535 1406 598 demonstrante,
1461 552 1514 590 et

152 619 304 685 sequi
323 622 427 680 jam
445 616 552 664 suis
573 615 782 662 viribus
803 612 977 679 poffit:
1001 614 1142 679 quia,
1166 631 1303 679 quae
1324 617 1513 668 doctor

151 697 434 766 praecepit,
477 702 652 743 orator
675 688 918 741 ostendit.
999 691 1116 740 Alia
1136 708 1267 742 vero
1291 695 1512 745 audien-

149 787 262 833 tes,
317 774 417 824 alia
463 772 697 836 legentes
733 769 899 834 magis
934 767 1198 829 adjuvant.
1291 774 1512 833 Excitat,

150 853 247 919 qui
277 852 432 907 dicit,
469 846 659 912 spiritu
679 845 821 912 ipso,
861 863 960 895 nec
982 847 1213 911 imagine
1232 858 1283 895 et
1307 849 1514 900 ambitu

149 947 360 987 rerum,
413 925 503 975 sed
541 924 700 974 rebus
738 923 996 978 incendit.
1086 925 1292 974 Vivunt
1330 928 1513 977 omnia

238 1087 305 1122 hoc
319 1081 420 1133 sunt.
482 1081 615 1119 Turic.
641 1078 749 1129 hecs.
808 1078 912 1117 Flor.
936 1079 1064 1117 Guelf.
1091 1079 1223 1130 Camp.
1259 1080 1396 1131 haec-fi
1422 1096 1512 1119 cum

150 1143 271 1182 Goth.
308 1145 404 1187 (tac.
437 1141 583 1182 Gesn.)
623 1138 729 1176 Voss.
764 1149 799 1174 2.
853 1138 942 1182 (fed
974 1139 1041 1173 hic
1071 1152 1090 1171 a
1120 1139 1186 1173 sec.
1220 1153 1273 1174 m.
1307 1139 1512 1185 nostrum)

150 1202 252 1239 Alm.
285 1211 322 1237 et
354 1198 439 1234 cdd.
470 1207 554 1232 ante
583 1195 671 1231 Ald.
703 1195 849 1242 Regius
881 1196 1073 1235 correxit,
1116 1209 1197 1231 non
1229 1198 1303 1231 fine
1333 1196 1511 1245 ingenio,

149 1260 198 1296 cf.
222 1270 266 1299 2,
293 1269 338 1293 21
357 1283 367 1297 ,
397 1261 456 1303 14.
487 1255 582 1289 item
613 1252 678 1287 hie
701 1256 734 1299 §.
756 1261 820 1295 34.
850 1251 921 1286 ubi
943 1253 1066 1293 „haec
1084 1254 1344 1301 potentiora“
1377 1255 1512 1291 Turio.

149 1315 253 1352 Flor.
287 1318 335 1357 (a
371 1314 439 1348 see.
469 1324 521 1346 m.
555 1308 709 1356 uterq.)
744 1308 872 1343 Guelf.
905 1310 1039 1356 Camp.
1068 1322 1156 1344 cum
1192 1309 1309 1345 Goth.
1342 1310 1448 1347 Voss.
1473 1321 1511 1347 2.

147 1373 247 1412 Jens.
271 1371 387 1406 Tarv.
419 1367 639 1414 corrigente
674 1365 790 1399 etiam
812 1364 951 1412 Regio.
1186 1368 1386 1414 praecepit.
1449 1368 1513 1404 Sic

148 1429 282 1464 Turic-
323 1426 427 1462 1:101..
459 1422 587 1459 Guelf.
629 1434 717 1456 cum
751 1421 848 1458 Jens.
890 1420 990 1466 (tac.
1021 1422 1168 1464 Gesn.)
1205 1423 1320 1457 Tarv.
1348 1423 1516 1472 Reliqui

145 1486 340 1535 praecipit.
402 1484 478 1516 Pro
502 1481 630 1514 doctor
651 1488 779 1512 autem
805 1478 915 1513 decor
935 1477 1053 1513 Goth.
1076 1479 1182 1517 Voff.
1207 1489 1243 1515 2.
1272 1492 1342 1526 par
1361 1480 1510 1518 nobile.

146 1543 194 1578 cf.
218 1554 264 1589 9,
291 1548 336 1585 4,
363 1538 429 1583 36.
457 1539 551 1572 item
576 1535 642 1570 hic
667 1538 700 1582 ᾗ.
727 1543 791 1575 27.

236 1598 300 1634 16.
335 1596 421 1632 aud.
451 1595 501 1630 al.
534 1592 605 1639 leg.
667 1591 730 1626 Sic
759 1591 893 1626 Turic.
925 1589 1030 1626 Flor.
1059 1591 1189 1628 Guelf.
1221 1593 1354 1641 Camp.
1389 1593 1510 1630 Goth.

146 1658 236 1700 (tac.
263 1653 400 1699 Gesn.)
430 1665 520 1687 cum
543 1647 649 1687 Voff.
673 1659 707 1683 2.
741 1647 903 1696 Reliqui
927 1648 999 1696 leg.
1030 1650 1079 1684 al.
1103 1649 1192 1687 aud.
1386 1653 1512 1687 omnia

145 1715 254 1749 enim.
312 1713 402 1746 Hoc
433 1708 570 1744 ordine
601 1705 734 1741 Turio.
766 1705 869 1740 Flor.
902 1704 1030 1740 Guelf.
1063 1707 1196 1756 Camp.
1218 1706 1381 1756 Reliqui
1412 1721 1442 1744 e.
1475 1721 1510 1744 o.

124 1769 283 1807 -Tertio
310 1768 398 1803 1000
422 1766 589 1814 positum
620 1766 719 1799 enim
740 1762 822 1799 vid.
852 1768 888 1806 5,
918 1777 982 1804 ιι,
1006 1772 1072 1808 57.

209 1898 223 1919 ι
239 1890 274 1927 5.
318 1882 500 1917 docemus.
573 1877 797 1926 suspicabar
913 1878 1066 1914 artibus.
1130 1878 1188 1915 Cf.
1212 1890 1293 1915 not.
1315 1880 1361 1916 ad
1382 1891 1419 1923 2,
1446 1888 1509 1925 15,

146 1941 257 1978 fuiffe
283 1940 466 1973 docemur.
525 1937 666 1983 Neque
691 1935 796 1969 enim

143 1997 259 2036 valde
280 2006 425 2044 aptum,
449 2004 492 2028 ut
512 1994 546 2028 [e
569 1993 733 2039 suosque
754 1991 795 2025 in

145 2052 322 2090 docendo
361 2051 484 2086 socios
519 2049 585 2084 hic
619 2048 797 2096 respiciat

143 2110 258 2147 solos.
332 2107 439 2156 Quid
477 2105 709 2141 hominibus
753 2104 795 2138 in

143 2180 284 2217 genere
315 2164 482 2203 accidat,
516 2161 794 2198 ostendendum

143 2225 205 2260 est.
239 2223 276 2258 Ii
295 2222 454 2270 quidem
476 2220 626 2255 discunt
645 2231 793 2259 omnes,

141 2294 224 2317 non
272 2279 424 2314 docent.
511 2276 614 2324 Quia
667 2286 795 2310 tamen

142 2350 238 2373 mox
266 2336 317 2372 est
347 2337 408 2383 qui
427 2333 556 2383 discit,
590 2332 795 2368 retinenda

140 2407 246 2430 nunc
267 2392 427 2428 videtur
449 2390 619 2439 vulgata.

201 2451 269 2486 hoc
298 2469 354 2476 -·
384 2451 483 2497 quia.
553 2449 659 2484 Haec
690 2447 794 2482 inter

141 2507 369 2543 seinvicem
400 2505 646 2545 referuntur,
690 2504 793 2552 quasi

140 2572 339 2612 propterea
352 2580 406 2587 —
419 2563 530 2611 quod.
577 2559 699 2596 Nulla
725 2575 792 2595 au-

140 2631 219 2657 tem
259 2619 359 2654 ratio
403 2619 470 2653 hoc
499 2617 671 2653 struendi
702 2630 792 2652 cum

139 2676 409 2725 comparativo
440 2676 657 2723 potentiora
688 2675 791 2723 quasi

141 2734 292 2770 dictum
314 2744 387 2782 pro
410 2740 528 2768 tanto.

858 1947 893 1979 4.
933 1949 971 1984 p.
996 1942 1089 1980 344.
1120 1937 1162 1971 it.
1187 1943 1223 1980 8,
1247 1946 1284 1980 5,
1311 1949 1346 1973 2.
1384 1950 1447 1979 11,
1475 1951 1509 1978 1,

859 2000 921 2037 54.
982 1995 1154 2042 Apparet
1189 1992 1276 2034 hic,
1315 1993 1510 2042 pluralem

857 2050 937 2085 dici
978 2050 1023 2085 de
1064 2050 1246 2099 pluribus
1290 2050 1370 2086 illis
1400 2065 1509 2099 prae·

855 2107 989 2156 ceptiS,
1012 2109 1157 2155 quibus
1181 2108 1406 2142 continetur
1428 2118 1510 2143 tota

855 2178 927 2201 ars.
997 2165 1241 2200 Annotarant
1272 2164 1349 2199 hoc
1382 2164 1508 2213 Stige·

854 2221 932 2257 lius
959 2231 995 2256 et
1025 2220 1303 2257 Landfideiius.

916 2277 978 2313 16.
1021 2278 1164 2313 ambitu
1201 2291 1330 2313 rerum.
1401 2279 1508 2315 Huic

855 2347 927 2383 ego
949 2334 1146 2371 locutioni
1167 2333 1414 2370 insolentiori
1427 2349 1509 2372 non

854 2391 1048 2427 concilior
1075 2391 1164 2427 loco
1193 2390 1395 2432 Pliniano,
1426 2387 1506 2440 quo

852 2448 1011 2483 mollire
1043 2462 1124 2484 eam
1157 2447 1280 2482 studet
1298 2447 1507 2491 Gesnerus,

851 2507 901 2542 H.
927 2506 979 2541 N.
1008 2513 1078 2549 15,
1100 2514 1164 2548 50.
1199 2503 1224 2538 s.
1250 2512 1316 2551 59.
1347 2504 1418 2540 ubi
1437 2505 1506 2540 afi-

854 2562 958 2610 quod
983 2561 1085 2597 lauri
1106 2574 1227 2609 genus
1244 2573 1333 2595 cum
1356 2561 1507 2598 dictum

852 2619 902 2654 est
935 2619 1007 2653 effe
1041 2618 1082 2652 in
1114 2617 1256 2652 ambitu
1280 2618 1505 2659 nominum,

852 2675 990 2710 deinde
1032 2674 1234 2722 complura
1277 2676 1359 2721 ejus
1390 2688 1505 2710 voca·-

850 2730 942 2767 bula
972 2731 1230 2766 recensentur.
1293 2731 1389 2767 Inde
1411 2732 1505 2768 Ges·

1539 697 1588 735 16
