1779 3062
467 144 633 191 1NST.
672 144 969 207 ORATOR..
991 110 1116 192 Liss.
1152 147 1266 205 ΧΠ,
1300 157 1346 203 5.
1487 158 1585 210 549

1385 239 1394 260 X

233 283 295 322 ut
328 270 678 319 abominanda
715 270 1133 323 suntcontraria
1176 273 1261 323 his
1299 275 1429 323 vitia
1460 293 1587 326 con-

230 348 511 406 fidentiae,
551 349 882 405 temeritatis,
923 351 1296 416 improbitatis,
1337 351 1586 418 arrogan-

234 427 364 474 tiae:
441 426 513 471 ita
554 427 684 472 citra
723 424 1096 486 constantiam,
1131 427 1418 487 fiduciam,
1471 429 1586 478 for-

232 500 548 558 titudinem,
599 500 741 548 nihil
783 517 890 558 ars,
940 504 1081 552 nihil
1123 504 1388 564 studium,
1442 506 1585 555 nihil

231 578 505 646 profectus
542 576 654 645 ipse
684 574 979 644 profuerit:
1059 592 1122 630 ut
1146 580 1189 630 fi
1223 582 1315 632 des
1349 600 1490 632 arma
1518 585 1585 631 ti-

230 656 392 707 midis
429 666 481 703 et
514 654 838 704 imbellibus.
917 657 1125 708 Invitus
1157 659 1584 721 meherculerdi-

228 752 317 791 co,
366 733 626 798 quoniam
666 742 718 780 et
764 732 914 780 aliter
959 735 1125 804 accipi
1165 735 1362 801 potest,
1416 735 1584 802 ipsam

226 809 636 869 verecundiam,
674 810 876 860 ‚vitium
915 809 1171 876 quidem,
1212 811 1302 861 fed
1340 814 1582 872 amabile,

342 1018 380 1044 2.
401 1008 595 1057 fidentiae
625 1009 731 1046 Voss'.
763 1018 799 1053 3.
833 1009 1006 1058 pessime.
1070 1010 1328 1058 improbabitis
1357 1010 1462 1047 Flor.
1496 1010 1582 1047 'm‘-

225 1067 280 1103 hil
306 1075 403 1102 artes
430 1065 535 1101 Flor.
567 1068 808 1115 (quanquam
841 1079 888 1101 ex
919 1067 996 1102 hoc
1027 1065 1153 1115 arcer)
1197 1068 1330 1103 Ambr.
1365 1079 1400 1102 2.
1445 1067 1577 1104 Guelf.

225 1123 346 1161 Goth.
392 1122 602 1171 *profuerat
629 1123 762 1158 Turic.
797 1124 902 1159 Flor.
955 1123 1076 1172 fuerit
1106 1125 1240 1160 Ambr.
1258 1136 1293 1160 2.
1317 1122 1444 1160 Guelf.
1467 1123 1577 1172 quod.

225 1194 318 1217 cave
349 1180 532 1228 arripias:
565 1192 655 1215 nam
680 1180 849 1229 figuram
880 1181 952 1215 effe
982 1182 1025 1216 in
1056 1181 1118 1216 his
1146 1181 1336 1231 profectus
1366 1181 1459 1216 nihil
1487 1194 1578 1229 pro·

218 1237 338 1286 fuerit
366 1237 479 1272 facile
509 1237 654 1276 sentias,
690 1248 727 1272 et
758 1237 960 1273 annotavit
989 1238 1081 1273 Bad.
1131 1238 1287 1274 bellibus
1317 1237 1448 1273 Turio.

340 1294 554 1330 mehercule.
615 1295 677 1328 Sic
709 1293 842 1343 Camp.
885 1304 922 1329 et
962 1293 1048 1329 edd.
1090 1295 1165 1339 (de
1193 1295 1291 1332 Jens.
1336 1305 1406 1329 tac.
1438 1295 1574 1338 Gesn.)

222 1351 303 1386 mei
336 1351 495 1400 quidem
529 1361 614 1386 ante
645 1351 755 1386 Ruso.
823 1364 879 1386 me
920 1350 1080 1385 hercules
1118 1351 1250 1386 Tui-ic.
1292 1349 1398 1386 Flor.
1441 1343 1574 1387 Guelf.

223 1409 355 1444 Ceteri
385 1408 573 1442 mehercle.
618 1407 704 1443 Nos
738 1408 845 1456 quod
876 1407 1078 1456 posuimus
1108 1406 1337 1443 constantiae
1370 1407 1575 1443 dedimus:

222 1479 312 1500 nam
341 1465 425 1502 vid.
455 1464 583 1513 Spald.
616 1464 663 1500 ad
696 1464 733 1505 6,
767 1473 804 1507 5,
838 1471 903 1508 74.
1021 1466 1167 1513 quidem
1198 1464 1361 1500 amabile
1393 1465 1495 1502 Voff.
1532 1473 1575 1509 5.

280 1637 316 1662 2.
349 1622 800 1674 profectus—profuerit
828 1637 867 1661 v.
927 1637 1007 1660 non
1039 1623 1299 1671 distinguere;
1360 1623 1420 1659 sed
1454 1623 1498 1658 in
1530 1635 1578 1659 eo

217 1693 301 1719 not.
332 1683 417 1717 crit.

251 1739 404 1776 'vitium
427 1738 584 1786 quidem,
601 1736 670 1786 sed
691 1737 864 1773 amabile.

217 1798 323 1832 Haec
344 1794 556 1830 verborum
577 1796 770 1841 junctura,
794 1808 868 1842 qua

220 1851 510 1889 commendatio
525 1851 620 1886 vitii
638 1862 708 1899 per
721 1849 791 1899 sed
803 1850 867 1885 ad-

217 1908 368 1956 jicitur,
388 1908 535 1942 causam
557 1906 699 1947 reddit,
724 1920 792 1942 cur
815 1909 869 1941 in-

218 1967 317 2002 vitus
337 1963 441 1999 illud
462 1964 628 1999 damnet.
647 1963 764 2010 Quod
777 1963 868 1998 ideo

145 2043 147 2046 ·
215 2034 386 2075 Jnoneo,
417 2034 465 2056 ne
499 2021 586 2070 quis
622 2020 869 2056 omiffionem

218 2077 432 2128 particulae
453 2075 525 2127 sed
550 2078 594 2112 in
627 2089 706 2111 uno
736 2076 869 2112 codice

221 2135 382 2184 arripiat
413 2134 460 2169 ad
489 2134 595 2169 hunc
625 2134 773 2169 sensum
804 2146 869 2168 ex-

214 2192 488 2230 ·tundendum:
550 2189 753 2232 „amabile
784 2190 870 2238 qui-

220 2250 340 2292 „dem
368 2249 531 2289 vitium,
561 2259 598 2283 et
623 2260 720 2296 quae
743 2247 869 2283 virtu-

221 2318 306 2347 „tes
327 2315 497 2353 generet,
530 2305 602 2340 effe
621 2315 748 2340 tamen
768 2305 871 2338 inter

220 2362 448 2403 ‚‚adversa.‘⁸
504 2362 600 2397 Non
619 2372 721 2397 recte
742 2371 872 2396 autem

224 2418 379 2461 docent,
410 2418 481 2466 qui
501 2417 698 2466 duplicem
721 2419 793 2454 effe
806 2430 872 2452 ve-

222 2475 452 2510 recundiam
483 2474 674 2516 statuunt,
705 2487 872 2523 quarum

214 2531 384 2571 alteram
407 2541 557 2567 tantum
587 2531 654 2566 hic
672 2532 873 2580 vituperet

226 2589 298 2635 Qu.
312 2589 415 2623 Nam
427 2588 457 2622 si
474 2589 529 2623 ita
547 2588 651 2629 effet,
671 2599 773 2624 certe
791 2600 873 2623 non

222 2644 325 2680 hanc
342 2647 519 2681 virtutum
537 2646 751 2692 genitricem
766 2658 874 2694 prae-

226 2701 384 2738 dicaret.
444 2703 618 2752 Apparet
636 2702 761 2750 igitur
785 2713 875 2737 eum

926 1681 1116 1731 paradoxi
1161 1679 1317 1727 aliquid
1370 1693 1579 1728 quaerere,

927 1738 1037 1787 quod
1057 1737 1335 1772 verecundiam
1350 1738 1426 1772 fine
1442 1735 1578 1772 discri-

925 1794 1032 1828 mine
1060 1793 1206 1828 vitium
1231 1794 1302 1829 effe
1322 1793 1575 1842 pronuntiat:

925 1851 967 1885 id
988 1849 1094 1884 haud
1116 1848 1234 1885 dubie
1257 1851 1437 1898 spectans,
1466 1850 1578 1896 quod

927 1920 1011 1943 non
1039 1906 1086 1941 fit
1115 1915 1186 1940 ουτ
1208 1914 1378 1942 vereatur
1399 1916 1576 1953 unquam

927 1963 1154 1999 virbonus:
1187 1963 1333 1998 vitium
1354 1963 1491 2011 igitur,
1515 1962 1577 1998 sed

929 2019 1039 2069 quod
1073 2031 1118 2055 eo
1158 2020 1319 2056 nomine
1365 2019 1521 2054 veniam
1557 2032 1580 2054 a

929 2076 1167 2126 sapientibus
1216 2077 1332 2113 etiam
1378 2075 1578 2124 impetret,

929 2134 1037 2182 quod
1060 2133 1263 2175 homines,
1293 2132 1481 2168 vitiosum
1511 2145 1578 2180 ge-

928 2204 1028 2232 nus,
1069 2204 1089 2225 a
1117 2191 1320 2240 peJ'oribus
1349 2189 1457 2224 haud
1487 2200 1578 2223 raro

928 2247 1114 2288 abducat,
1148 2259 1185 2283 et
1212 2248 1283 2283 fiat
1314 2246 1419 2295 quasi
1439 2247 1503 2281 via
1530 2243 1579 2279 ad.

927 2304 1026 2353 ipsas
1044 2304 1223 2341 virtutes,
1255 2306 1310 2339 Ita
1331 2313 1368 2339 et
1386 2302 1483 2338 alibi.
1499 2301 1574 2336 ho-

928 2361 1033 2398 nesto
1067 2360 1157 2397 loco
1187 2359 1464 2397 verecundiam
1496 2370 1576 2392 me·

929 2429 1060 2454 morat
1092 2418 1191 2463 (vid.
1226 2425 1263 2461 4.
1298 2428 1333 2457 2,
1366 2421 1432 2460 88.
1464 2414 1502 2456 6,
1534 2421 1575 2458 5.

932 2475 998 2517 64.
1030 2476 1076 2510 it.
1107 2473 1346 2511 verecundior
1380 2480 1417 2516 4,
1443 2480 1481 2513 2,
1514 2471 1576 2515 8.)

932 2541 970 2567 et
988 2531 1056 2566 hic
1074 2544 1145 2580 per
1167 2542 1390 2579 oxymoron
1417 2527 1579 2564 amabile

930 2589 1063 2623 vitium
1091 2588 1208 2629 dicit,
1259 2586 1319 2621 sed
1347 2585 1493 2620 vitium
1524 2594 1577 2618 ta·

932 2657 1035 2686 men,
1049 2645 1115 2680 cui
1134 2644 1390 2680 obnitendum
1411 2642 1469 2683 sit,
1482 2652 1580 2691 quo-

935 2701 1010 2738 ties
1031 2701 1086 2738 ab*
1101 2701 1272 2738 honestis
1296 2700 1468 2737 reducat.
