1779 3062
257 199 356 242 510
533 191 536 194 >
578 170 654 228 M.
691 182 825 227 ΕΑΒ.
861 179 1278 241 QUINTILIANI

259 320 463 366 orator,
501 323 615 356 non
640 302 948 356 defendisset
970 304 1200 353 eundem
1221 303 1487 354 Rufinum
1507 305 1596 354 vel

182 406 230 448 44
260 383 522 435 manifesti
547 384 823 448 peculatus
862 383 1050 431 reum?
1128 382 1302 432 Multa
1334 381 1442 430 dici
1476 379 1595 448 pos-

177 863 225 906 45

257 463 380 512 sunt
413 460 626 524 similia,
670 459 759 507 sed
791 459 880 506 vel
911 476 1082 507 unum
1117 475 1180 506 ex
1214 459 1280 506 iis
1314 458 1688 524 quodfibet1056

257 536 466 588 sufficit.
555 539 687 586 Non
732 537 875 584 enim
913 536 1016 584 hoc
1057 536 1288 599 agimus,
1356 543 1418 582 ut
1453 532 1593 582 istud

257 617 371 674 illi,
411 631 572 680 quem
613 612 926 669 formamus,
966 615 1085 659 viro
1115 609 1265 675 saepe
1305 608 1369 657 sit
1399 608 1593 657 facien-

259 692 416 741 dum:
456 690 546 739 sed.
582 701 670 748 ut,
709 687 751 736 si
789 689 904 737 talis
937 688 1164 751 coegerit
1203 686 1368 743 ratio,
1417 683 1483 734 sit
1519 696 1593 733 ta-

253 786 383 817 men
421 785 546 817 vera
587 765 795 822 finitio,
855 775 1110 814 oratorem
1151 758 1255 834 effe
1292 764 1466 809 virum
1507 759 1593 810 bo-

255 864 398 903 num,
450 844 646 893 dicendi
680 845 917 907 peritum.
1010 841 1316 903 Praecipere
1357 854 1488 886 vero
1535 855 1592 885 ac

256 921 452 972 discere
493 919 765 986 quomodo
807 919 960 965 etiam
1000 917 1318 982 probatione
1352 912 1593 975 difficilia

255 1009 568 1055 tractentur,
610 993 949 1044 necessarium
989 992 1074 1041 est.
1157 994 1300 1040 Nam
1341 990 1594 1056 frequen-

254 1087 336 1124 ter
377 1077 532 1123 etiam
574 1074 804 1138 optimae
845 1068 1022 1118 causae
1052 1069 1249 1116 similes
1274 1066 1397 1116 sunt
1424 1068 1592 1125 malis,

253 1163 308 1201 et
336 1154 593 1200 innocens
621 1166 743 1197 reus
775 1148 957 1195 multis
984 1144 1361 1193 verisimilibus
1396 1146 1592 1210 premi-

255 1239 370 1277 tur:
410 1245 520 1291 quo
561 1225 643 1279 fit,
683 1234 744 1272 ut
786 1223 967 1271 eadem
1000 1222 1222 1269 actionis
1260 1221 1466 1269 ratione
1499 1220 1589 1268 de-

253 1303 555 1354 fendendus
578 1300 657 1357 sit,
700 1317 818 1364 qua,
856 1298 896 1346 si
929 1314 1125 1347 nocens
1162 1294 1295 1345 esset.
1375 1300 1482 1350 Jam
1508 1298 1592 1345 in-

252 1379 605 1431 numerabilia
636 1376 759 1426 sunt
791 1376 946 1424 bonis
981 1372 1145 1423 causis
1172 1374 1430 1439 malisque
1450 1391 1594 1423 com-

249 1555 319 1589 ric.
352 1553 457 1588 Flor.
492 1552 624 1600 Camp.
657 1563 746 1585 cum
777 1549 863 1584 edd.
891 1547 956 1596 (de
985 1549 1085 1588 Jens
1118 1560 1188 1584 tic.
1220 1548 1349 1595 Gesn.)
1388 1559 1473 1584 ante
1503 1547 1591 1584 Ald.

250 1611 308 1646 hic
329 1610 502 1644 inserunt
524 1607 683 1654 ieliqui.

339 1675 402 1709 44.
433 1661 784 1712 ᾱίεἰροβειἩιΙειιΓ
819 1674 850 1696 c.
883 1662 967 1696 cdd.
1002 1662 1095 1710 post.
1127 1672 1211 1697 ante
1244 1661 1394 1710 Gryph.
1453 1673 1497 1696 ex
1534 1662 1590 1697 iis.

248 1723 313 1758 Sic
343 1721 476 1757 Turic.
509 1720 643 1754 Ambr.
679 1728 715 1754 2.
748 1720 880 1766 Camp.
912 1717 1030 1752 Goth.
1062 1719 1159 1756 Jens.
1187 1719 1419 1762 (tac.Gesn0)
1451 1730 1480 1752 c.
1503 1718 1590 1753 edd.

248 1790 336 1814 ante
369 1776 478 1812 ssaffl.
508 1789 552 1810 ex
583 1776 639 1808 his
668 1774 825 1822 reliqui.
857 1777 937 1810 viro
969 1788 1006 1809 re
1027 1773 1084 1822 sit:
1106 1774 1285 1821 facienda
1315 1774 1449 1809 Turic.
1481 1773 1583 1809 Flor.

240 1834 357 1884 saepe
386 1844 535 1868 tantum
563 1844 642 1866 om.
677 1832 812 1878 Camp.

337 1898 401 1934 45.
463 1889 661 1935 Praecipue
693 1886 821 1922 Guelf.
852 1886 920 1931 (cf.
949 1885 986 1927 6,
1015 1894 1053 1929 5,
1087 1887 1144 1929 2.)
1176 1887 1320 1922 omissis
1349 1899 1444 1922 mox
1473 1886 1587 1936 neces-

237 1947 383 1997 sarium
412 1943 474 1993 est.
535 1944 609 1979 Sed
649 1944 782 1979 'ruz-ie.
814 1942 917 1978 Flor.
963 1941 1160 1992 neceffario
1193 1940 1242 1990 est
1271 1956 1358 1978 cum
1387 1942 1490 1979 Alm.
1526 1957 1587 1978 ne-

246 2002 336 2052 ceffe
367 2000 416 2050 est
448 2001 564 2037 Goth.
598 2001 695 2038 Jens.
729 2013 760 2034 c.
792 2000 876 2035 edd.
905 2000 1000 2048 post.
1033 2011 1119 2034 ante
1148 1999 1251 2035 Gibs.
1284 2012 1365 2034 exc.
1396 1999 1484 2035 Ald.
1516 1999 1585 2045 (cf.

245 2068 285 2104 5,
323 2073 384 2100 10,
419 2059 517 2107 69.)
579 2058 757 2092 Tuentur
788 2056 959 2091 nostrum
990 2055 1123 2091 Ambr.
1147 2065 1184 2090 2.
1214 2056 1345 2103 Camp.

359 2114 538 2164 virisimil.
568 2113 628 2149 bis
653 2113 787 2148 Ambr.
818 2122 855 2147 2.
895 2113 1023 2148 eadem
1054 2110 1302 2160 responsionis
1333 2112 1585 2147 accommoda·

245 2174 348 2208 tione
380 2173 476 2209 Obr.
511 2170 611 2206 mira
648 2169 828 2205 libidine.
1109 2167 1186 2214 def.
1211 2166 1277 2217 sic.
1352 2168 1415 2203 Sic
1446 2168 1578 2203 Turic.

301 2331 364 2370 44.
388 2323 426 2374 si
447 2325 544 2362 talis.
605 2322 742 2359 Malim
768 2321 805 2371 si
831 2332 886 2358 ta·
941 2321 1102 2371 probatu
1121 2320 1202 2368 d1ff.
1235 2331 1418 2356 monente
1440 2320 1583 2366 idjam

237 2383 305 2418 lia.
369 2381 524 2425 [Mihi,
557 2382 606 2418 ob
641 2393 783 2416 nexum
809 2380 885 2414 sen·
941 2379 1075 2414 Badio.
1144 2379 1283 2425 Neque
1320 2377 1438 2412 velim
1471 2377 1584 2412 scribi

241 2438 462 2478 tentiarum,
490 2435 755 2486 praestabilior
774 2436 883 2470 vide·
940 2435 1167 2483 probationi.
1214 2434 1260 2469 cf.
1293 2432 1493 2470 Drakeub.
1535 2433 1582 2468 ad

241 2505 304 2530 tur
334 2494 512 2542 vulgata,
544 2494 587 2529 in
617 2506 689 2540 qua
717 2492 882 2527 verbum
938 2492 1030 2526 Liv.
1050 2497 1115 2536 45,
1139 2500 1203 2533 30,
1229 2500 1264 2524 2.

239 2550 380 2598 spectat
401 2551 447 2584 ad
468 2559 663 2585 oratorem.
686 2549 878 2589 BUTTM]
994 2548 1079 2581 Jam
1099 2545 1390 2581 innumerabilia.
1421 2546 1497 2581 Hic
1512 2559 1577 2580 ne-

298 2613 360 2649 45.
394 2606 625 2653 probatione.
669 2605 772 2640 Cave
803 2603 879 2639 hoc
937 2616 1003 2638 mo
1023 2603 1067 2637 de
1080 2602 1340 2637 substituendo
1358 2601 1577 2648 Namcogi·

239 2662 377 2697 referas
401 2663 448 2696 ad
471 2672 680 2701 tractentur,
704 2660 764 2695 sed
787 2672 877 2695 con·
938 2669 1014 2699 tet,
1047 2669 1088 2692 ut
1112 2658 1188 2693 hoe
1208 2658 1424 2706 imputetur
1448 2656 1575 2705 negle-

237 2718 416 2764 junctum
434 2719 528 2755 voci
547 2717 721 2766 difficilia
747 2717 875 2765 accipe
933 2715 1015 2750 ctui
1045 2713 1109 2749 illi
1129 2714 1263 2764 ‚nostri
1294 2714 1489 2762 scriptoris
1517 2712 1572 2749 so-

1764 193 1769 288 k

1765 297 1772 426 !·
