1779 3062
245 190 346 240 404

568 177 642 223 M.
680 177 817 222 ΕΑΒ.
856 174 1269 237 QUINTILIANI

250 324 361 374 quo
383 303 539 355 usum
561 303 760 368 optime
783 298 1220 351 CraffumCicero
1245 299 1397 358 dicit,
1423 299 1587 366 expli-

255 384 359 433 cari
394 381 535 431 solet.

609 383 658 428 Is
695 381 754 427 in
795 378 1161 444 exprobrando
1200 387 1251 425 et
1283 376 1589 434 indicando,

253 459 399 510 unde
427 469 478 506 et
516 458 566 505 ei
601 472 799 505 nomen
835 454 933 512 est,

978 456 1146 504 valet:
1199 464 1251 501 et
1285 454 1502 501 allevata
1532 469 1588 500 ac

253 536 515 603 spectante
546 533 837 581 humerum
870 549 1033 580 manu
1059 530 1282 595 paulum
1306 530 1590 577 inclinatus

255 613 497 662 affirmat:
539 608 719 658 versus
740 610 797 657 in
819 619 1008 656 terram
1030 618 1080 654 et
1102 604 1247 670 quasi
1276 621 1477 671 pronus
1503 621 1593 652 ur-

181 710 234 752 95
257 701 367 758 get:
409 686 694 753 aliquando
716 701 813 753 pro
840 700 1064 735 numero
1089 682 1174 730 est,
1216 681 1364 730 Idem
1383 679 1592 730 summo

260 859 401 907 optime
419 855 522 890 Flor.
542 856 579 889 in
609 855 639 888 is
659 855 694 887 ῑη
718 865 798 900 exp.
822 853 879 897 <et
899 850 1029 887 Turio.
1054 849 1210 898 quidem
1232 861 1302 899 per
1320 846 1597 896 compendium

257 911 460 960 exprobra')
495 910 625 946 Turio.
647 909 752 946 Flor-

1014 908 1109 942 umle
1137 917 1172 942 et
1203 909 1246 942 εἰ.
1288 905 1350 941 Sic
1372 903 1476 939 Flor.
1506 914 1598 937 cum

258 969 361 1006 Alm-
389 981 469 1003 non
493 966 625 1002 Turio.
661 965 725 1010 (cf.
752 966 836 1013 90.)
874 964 1034 1012 Reliqui
1064 964 1250 999 omittunt
1273 970 1318 998 ec.
1351 959 1467 996 Goth.
1490 972 1600 993 manu

257 1038 404 1075 parum.
446 1023 529 1058 Post
551 1023 745 1057 inclinatus
766 1022 896 1056 Turic.
919 1020 1021 1056 Flor.
1047 1020 1219 1055 inserunt
1240 1022 1267 1054 is
1287 1031 1375 1052 cum
1399 1015 1500 1051 Alm.

431 1088 557 1127 urget:
597 1079 811 1127 aliquando.
844 1077 946 1112 flor.
980 1077 1113 1112 Ambr.
1135 1086 1169 1110 2.
1204 1073 1331 1111 Guelf.
1360 1074 1534 1108 inserunt
1564 1079 1599 1105 et

260 1151 349 1173 cum
372 1136 470 1172 Alm.
494 1134 598 1172 Voss.
623 1143 684 1177 5.;
717 1134 850 1168 Turio.
882 1144 932 1168 ut.
969 1135 1067 1169 Mox
1089 1145 1157 1180 pro
1183 1133 1328 1167 humero
1351 1131 1481 1177 Camp.
1511 1140 1600 1164 cum

259 1193 411 1242 Gryph.
443 1193 482 1235 (1
494 1190 617 1234 556.)-

350 1277 414 1318 95.
448 1269 560 1303 Idem.
593 1266 719 1301 Guelf.
744 1267 787 1301 Id
806 1264 866 1314 est.
891 1268 1012 1302 Stoer.
1041 1265 1206 1301 Chouet.
1232 1264 1341 1300 Leid.
1367 1265 1473 1300 Item.
1503 1263 1618 1304 Mox&

261 1327 361 1367 Jens.
384 1326 515 1360 leniter
545 1336 635 1357 cum
654 1320 755 1357 Alm.
783 1324 854 1366 (ut
877 1324 951 1358 fert
969 1320 1132 1369 Burni.)
1172 1332 1208 1356 et
1228 1321 1312 1356 edd.
1335 1320 1492 1369 posterr.
1517 1329 1604 1354 ante

264 1386 389 1419 Stoer.
422 1393 503 1417 exc.
531 1378 619 1414 Ald.
650 1392 724 1413 acc.
756 1379 858 1414 Gibs.
886 1378 980 1414 Obr.
1009 1378 1224 1421 cf.§.1o3.
1246 1378 1341 1412 item
1361 1374 1533 1412 Wallaer.
1557 1373 1607 1410 ad

265 1440 346 1476 cic.
372 1438 418 1475 de
443 1438 495 1474 N.
516 1437 568 1472 D.
592 1449 630 1485 p.
651 1435 806 1471 Davisii
827 1441 919 1483 244.
952 1437 1098 1475 Vocem
1121 1434 1271 1469 omittit
1292 1433 1419 1470 Guelf-

262 1582 406 1634 „gefim
429 1583 553 1631 digito
575 1583 732 1630 denique
749 1581 817 1617 isto
837 1593 905 1617 tuo

262 1639 501 1690 ⁹‚significari
529 1637 632 1688 solet
666 1645 765 1673 ete.“
815 1639 906 1673 Ges-

263 1710 394 1735 nexus.

323 1753 420 1788 unde
447 1761 482 1785 et
510 1752 556 1785 ei.
595 1750 763 1788 Videtur
790 1759 908 1786 trans-

263 1807 492 1860 ponendum
514 1814 561 1840 ec.

327 1865 491 1899 allevata
501 1882 559 1890 -—
569 1881 622 1889 --
637 1857 815 1909 affirmat.
848 1864 913 1897 In-

267 1916 372 1959 {licat
431 1918 711 1953 Almelovenus
771 1932 911 1955 numos

267 1976 457 2027 quosdam
498 1974 654 2009 Claudii
684 1974 785 2022 apud
823 1975 910 2011 Alb.

265 2032 494 2071 Rubenium
508 2029 550 2064 in'
562 2030 754 2065 Numism.
785 2032 912 2067 Ducis

269 2087 454 2136 Croyiaci
482 2085 556 2122 tab.
584 2098 645 2133 ¹9·
670 2092 758 2130 n-8.
784 2097 822 2121 et
848 2097 910 2122 12.

269 2146 341 2195 qui
371 2145 537 2192 figuram
561 2141 746 2176 exhibent
767 2142 836 2177 alii
852 2145 913 2190 ju-

269 2202 404 2240 venis,
451 2199 520 2233 alii
549 2197 714 2233 feminae
741 2199 912 2234 indicem

271 2255 498 2295 attollentis,
520 2266 636 2287 manu
654 2254 813 2302 paulum
828 2269 914 2290 ver-

271 2315 332 2349 sus
357 2326 398 2348 os
420 2309 624 2348 inclinata,
657 2322 746 2344 cum
769 2311 916 2359 epigra-

271 2369 370 2419 phe:
399 2364 614 2403 Constantia
634 2366 809 2413 Augusti.
838 2368 914 2402 Ad-

273 2425 405 2462 movit
438 2433 565 2457 autem
601 2419 682 2455 illis
715 2419 916 2459 Rubeni‘us

274 2493 433 2530 quoque
470 2477 644 2513 nostnun
680 2477 917 2524 Quintiliani

274 2537 428 2572 locum:
462 2544 728 2582 -quamrecte,
760 2547 840 2569 non
860 2535 916 2568 di-

272 2593 412 2628 xerim.
483 2590 557 2624 Sed
606 2589 734 2624 multo
786 2591 915 2626 minus

272 2647 463 2682 Eckheiio
481 2645 650 2680 affentiri
661 2644 822 2693 poffum,
846 2647 916 2694 qui

272 2704 315 2738 in
342 2703 400 2750 D.⁴
420 2702 472 2742 N.
505 2712 557 2739 to.
582 2702 647 2742 VI.
679 2714 718 2751 p.
741 2702 833 2746 236.
867 2703 915 2739 ad

963 1581 1159 1617 silentium
1189 1581 1269 1616 viri
1294 1580 1495 1617 constantis
1516 1593 1606 1616 cum

964 1639 1108 1685 gestum
1131 1638 1268 1678 refert,
1299 1651 1385 1673 cum
1408 1649 1546 1676 tamen,
1576 1637 1606 1671 [i

942 1694 1061 1729 'fides
1082 1695 1238 1742 quidem
1266 1693 1517 1742 imaginibus,
1547 1693 1606 1727 ni-

964 1750 1040 1784 mis
1063 1750 1108 1784 ab
1133 1763 1198 1785 ore
1220 1761 1369 1785 remota
1392 1751 1437 1784 sit
1457 1761 1606 1788 manus,

963 1805 1018 1839 ita
1046 1815 1091 1840 ut
1118 1818 1237 1852 aeque
1267 1806 1379 1841 facile
1398 1798 1608 1840 humerum

970 1861 1135 1909 spectare
1155 1862 1315 1897 dixeris.
1352 1864 1524 1898 BUTTM.
1606 1897 1609 1902 ,

1028 1918 1231 1965 aliquando
1268 1932 1336 1966 pro
1369 1931 1518 1952 numero
1549 1915 1615 1966 efi.'

970 1975 1074 2008 Haec
1115 1973 1234 2009 verba
1275 1975 1438 2022 minima
1481 1974 1624 2009 distin-v

971 2030 1100 2064 ctione
1143 2031 1464 2079 praecedentibus
1505 2040 1613 2065 antea

968 2086 1247 2132 jungebantur:
1281 2088 1324 2121 in
1346 2101 1417 2135 qua
1440 2087 1614 2121 sensuu'm'

973 2152 1262 2178 continuatione
1323 2153 1425 2178 recte
1476 2152 1614 2190 utique

973 2196 1220 2246 Spaldingius
1246 2198 1425 2247 copulam
1448 2207 1484 2234 et
1505 2211 1524 2232 e
1545 2207 1616 2234 ven-¹

972 2253 1077 2289 mstis
1103 2256 1215 2290 codd.
1242 2255 1421 2290 insertam
1444 2253 1614 2294 volebat,

974 2310 1020 2345 de
1050 2312 1166 2357 Regii
1197 2322 1233 2346 et
1252 2311 1615 2346 Pseudo-Turnebi

972 2367 1178 2408 sententia,
1196 2395 1199 2399 .
1221 2368 1381 2415 triginta
1408 2380 1616 2402 numerum

975 2436 1020 2458 eo
1060 2423 1164 2471 geftu
1205 2423 1441 2471 significari,
1491 2424 1614 2459 verbo

974 2489 1123 2514 tantum
1169 2480 1212 2514 in
1252 2480 1399 2514 schedis
1439 2492 1613 2519 monens,

973 2536 1135 2570 minime
1167 2535 1346 2571 credulus
1373 2535 1466 2571 illis.
1537 2534 1617 2582 Qui

972 2591 1146 2627 secundis
1196 2592 1298 2627 curis
1345 2591 1522 2640 profecto
1571 2591 1628 2636 in>

972 2660 1097 2682 meam
1134 2648 1360 2683 sementiam
1394 2646 1613 2682 deveniffet.

974 2704 1005 2751 Q
1013 2704 1128 2754 uippe
1143 2716 1269 2754 neque
1289 2704 1355 2741 hie
1363 2716 1490 2753 neque
1502 2706 1534 2751 ᾖ.
1548 2701 1615 2748 86.
