1779 3062
233 178 297 222 72
542 162 620 208 Μ.
668 163 801 214 FAB.
853 163 1272 225 QUINTILIANI

240 290 460 339 Ovidius
477 326 490 346 ‚
530 299 582 336 et
615 287 843 337 nimium
868 299 1066 338 amator
1094 289 1297 353 ingenii
1320 287 1429 338 suit
1466 290 1582 340 lau-

158 380 209 421 89
235 365 442 414 dandus
468 376 646 412 tamen
666 366 911 430 partibus.
996 366 1260 414 Cornelius
1286 375 1460 414 autem
1490 369 1581 415 Se-

231 459 415 498 verus,
454 441 653 489 etiamst
680 440 991 490 versificator
1013 459 1173 506 quam
1195 445 1346 506 poeta
1371 443 1581 501 melior,

232 518 270 567 fi
304 529 504 576 tamen,
546 528 607 565 ut
643 517 714 564 est
752 519 981 573 dictum,
1024 519 1088 566 ad
1123 518 1390 583 exemplar
1418 514 1582 584 primi

230 595 357 643 libri
379 595 581 643 bellum
606 595 844 643 Siculum
873 593 1249 660 perscripssffet‚
1286 593 1583 644 vindicaret

231 758 336 793 enim
366 759 407 793 in
428 758 562 808 elegiis
584 760 789 808 quisquam
812 758 1047 793 luxuriantis
1067 758 1219 805 ingenii
1241 755 1399 793 delicias
1421 770 1582 806 magno·

228 827 321 863 pere
341 814 591 863 improbabit,
614 818 640 850 fi
659 817 826 851 maxime
850 815 991 849 alienas
1014 828 1032 847 a
1052 824 1314 848 matronarum
1332 813 1582 849 heroicarum

229 870 430 918 dignitate.
490 872 611 919 Epica
644 873 818 920 profecto
851 870 1178 918 metamorphofes
1208 880 1422 917 potuerunt
1453 869 1583 918 appel-

228 925 322 966 lari,
355 940 518 974 quarum
551 929 676 963 noster
708 927 802 963 alibi
829 940 987 975 quoque
1018 926 1148 973 tetigit
1180 925 1380 961 levitatem
1415 936 1452 960 et
1478 925 1584 960 lusus

231 988 268 1024 4,
299 997 331 1022 1,
358 993 423 1025 77.
996 983 1058 1017 Sic
1081 982 1212 1016 Turio.
1240 981 1343 1016 Flor.
1369 995 1455 1016 cum
1478 980 1582 1018 Alm.

228 1038 338 1074 Bafil.
401 1039 474 1074 Sed
499 1053 518 1074 a
541 1040 607 1075 sec.
629 1054 679 1075 m.
703 1040 805 1075 Flor.
832 1049 856 1074 t.
883 1040 1037 1085 parcius,
1070 1049 1106 1073 et
1128 1038 1172 1072 fic
1193 1037 1324 1085 Camp.
1346 1051 1435 1072 cum
1461 1037 1581 1073 Goth.

230 1105 269 1129 et
300 1095 384 1131 edd.
422 1109 441 1129 a
474 1097 572 1134 Jens.
605 1096 651 1130 ad
673 1096 780 1130 Bam.
805 1095 1000 1130 laudandis
1019 1093 1186 1141 partibus
1209 1095 1283 1128 fine
1306 1094 1582 1139 conjunctione

230 1150 358 1186 Guelf.
399 1152 430 1185 E
455 1153 556 1187 Voss'.
581 1161 617 1195 5.
652 1153 862 1186 laudandus
890 1150 1070 1198 partibus.
1103 1150 1208 1187 Voff.
1234 1159 1270 1185 2.
1302 1149 1512 1184 laudandus
1545 1151 1584 1183 in

227 1208 396 1254 partibus
443 1209 517 1251 (cf.
552 1207 616 1251 86.
659 1209 702 1243 it.
736 1209 843 1254 89.)
915 1205 1077 1254 Reliqui
1111 1215 1135 1241 t.
1171 1208 1208 1240 in
1239 1219 1277 1253 p.
1347 1205 1583 1254 Praepofitio

230 1263 427 1298 omittitur
454 1264 567 1299 etiam
592 1276 637 1310 9,
665 1276 712 1311 9,
743 1276 833 1297 ιιι.

612 993 733 1018 tamen
757 984 934 1031 partibus.

288 1371 353 1412 89.
385 1363 537 1414 etiamfi.
569 1365 700 1399 Turio.
724 1366 835 1399 etiam
846 1362 910 1412 fit.
945 1361 1072 1397 Guelf.
1096 1362 1210 1397 etiam
1233 1362 1281 1396 fic
1303 1374 1392 1396 cum
1414 1362 1520 1400 Von'.
1545 1371 1584 1406 5.

227 1423 366 1457 Fateor
395 1421 496 1455 mihi
526 1423 720 1456 tei-florem
741 1420 870 1455 videri
892 1419 1126 1458 orationem,
1157 1420 1183 1452 fi
1205 1428 1417 1466 reponatur
1442 1417 1585 1469 etiamfi

219 1476 301 1527 fit,
352 1489 512 1526 propter
551 1477 656 1512 illud
700 1477 807 1524 quod
846 1488 940 1509 mox
979 1474 1146 1509 infertur
1187 1474 1350 1508 alterum
1379 1472 1418 1523 fi
1445 1484 1581 1509 tamen.

231 1535 366 1581 Camp.
391 1542 425 1568 et
437 1533 485 1582 fi.
669 1532 865 1581 exemplar.
925 1531 1056 1565 Turic.
1082 1530 1261 1576 exempla.
1322 1530 1438 1564 Goth.
1462 1543 1582 1564 exem-

228 1591 333 1637 plum
363 1603 449 1624 cum
481 1589 580 1626 Vall.
621 1589 760 1634 (cujus
791 1601 878 1621 cum
918 1585 1025 1621 nulla
1059 1599 1116 1633 ap.
1147 1585 1314 1620 Badium
1347 1587 1390 1620 fit
1419 1586 1584 1626 mentio,

230 1645 399 1689 suspicor
423 1645 493 1680 effe
514 1646 556 1680 in
575 1644 680 1681 Voss‘.
709 1653 744 1679 2.
787 1643 833 1678 cf.
859 1646 892 1690 ᾗ.
917 1649 979 1686 83.
1001 1642 1095 1676 item
1120 1643 1228 1687 91.).
1431 1640 1584 1690 perscri-

230 1690 365 1751 pfiffet.
436 1701 569 1737 Turio.
602 1705 651 1746 (a
680 1713 739 1749 pr.
774 1702 855 1744 m.)
896 1695 1186 1747 praescripfiffet.

937 1855 1017 1877 non
1035 1852 1226 1877 memorat
1241 1840 1456 1879 scholiastes
1467 1842 1586 1879 Perfii

939 1899 985 1932 ad
1010 1912 1041 1938 1,
1069 1905 1132 1944 95.

292 1853 355 1894 39.
392 1846 581 1881 Cornelius
619 1863 674 1872 —
716 1844 876 1879 Severus.

234 1901 292 1938 Cf.
334 1902 438 1938 Voff.
491 1903 536 1937 de
573 1900 735 1936 Historia
775 1901 875 1934 Latt.

232 1972 270 2007 p.
319 1965 429 2005 109.'
473 1959 515 1993 Si
548 1968 710 2006 propter
746 1955 877 1991 locum

236 2015 281 2049 de
321 2015 508 2051 Cicerone
548 2028 566 2048 a
604 2016 743 2049 Seneca
771 2022 879 2060 pane

234 2070 455 2119 prolatum,
491 2071 589 2105 Suas-
614 2070 663 2108 6.,
692 2070 766 2106 Jos.
795 2071 880 2103 Sca-

233 2126 334 2174 liger
359 2127 606 2172 conjectabat,
628 2138 699 2173 pro
723 2125 881 2159 Siculum

234 2183 278 2217 in
324 2184 453 2218 nostro
497 2181 764 2231 reponendum
810 2181 881 2215 effe

235 2240 341 2274 civile
359 2239 520 2280 bellarm
541 2248 691 2287 poterat
702 2236 879 2276 vicissiru,

221 2295 277 2330 ,id
316 2296 422 2343 quod
459 2305 621 2331 monent
647 2291 881 2328 Colomefius

238 2361 274 2385 et
307 2352 513 2393 Gesnerus,
550 2353 694 2386 Aetnae
723 2348 789 2382 illa
820 2349 881 2383 de-

235 2407 415 2455 scriptio,
459 2421 573 2455 quam
625 2405 750 2441 adhuc
790 2404 880 2439 teri-

236 2475 345 2504 mus,
383 2473 681 2499 commemorata
721 2463 882 2495 Senecae

239 2516 323 2553 filio
351 2521 452 2567 epist.
475 2530 538 2567 79.
563 2518 812 2567 suspicionem
824 2517 883 2550 in-

239 2574 356 2620 jicere
378 2575 585 2624 particulae
609 2588 655 2609 ex
675 2572 746 2608 illo
770 2585 885 2621 opere

242 2632 385 2665 Siculae
409 2633 652 2680 expeditionis
675 2629 886 2676 decerptae.

995 1953 1148 2003 etiamst.
1183 1955 1229 1990 cf.
1255 1965 1336 1990 not.
1363 1955 1447 1991 crit.

995 2018 1035 2045 ut
1067 2009 1115 2057 est
1151 2012 1298 2046 dictum.
1363 2010 1482 2046 Nihil
1510 2025 1583 2061 ego

937 2067 1003 2102 hic
1052 2066 1257 2114 significari
1296 2067 1471 2103 existimo
1513 2070 1586 2104 nifi

939 2136 1187 2158 communem
1235 2134 1272 2158 et
1309 2122 1585 2172 pervulgatum

937 2180 1040 2214 inter
1068 2178 1248 2214 homines
1266 2179 1372 2214 istius
1393 2179 1459 2214 vel
1477 2181 1585 2228 supe·

938 2235 1058 2270 rioris
1118 2237 1306 2283 temporis
1355 2236 1584 2277 sermonem,

940 2292 1010 2340 qui
1039 2291 1084 2325 de
1107 2303 1222 2339 opere
1254 2292 1389 2327 Severi
1407 2292 1460 2326 ita
1480 2292 1586 2338 judi-

940 2347 1122 2382 caverint.
1191 2348 1286 2383 Non
1327 2360 1423 2396 opus
1461 2348 1587 2396 igitur

939 2403 1161 2451 requirere,
1194 2417 1213 2437 a
1243 2416 1320 2452 quo
1345 2404 1497 2439 tandem
1519 2404 1587 2439 hoc

941 2459 1074 2493 dictum
1086 2458 1150 2508 fit,
1171 2459 1298 2495 multo
1319 2460 1448 2494 minus
1470 2460 1587 2495 etiam
1616 2460 1617 2463 '

940 2515 1168 2550 memoriam
1193 2527 1374 2564 torquere
1389 2542 1400 2557 ,
1425 2527 1470 2551 ut
1488 2516 1522 2551 is
1541 2516 1586 2550 in

944 2584 1059 2619 opere
1088 2571 1353 2617 Quintilianco
1387 2572 1496 2607 locus
1524 2572 1585 2606 in·

943 2627 1133 2663 veniatur.
1192 2628 1332 2676 Neque
1364 2627 1468 2663 enim
1491 2626 1588 2663 solet

242 2688 436 2724 Carminis
489 2687 689 2723 Severiani
729 2683 888 2722 titulum
944 2683 1001 2719 ita
1019 2683 1082 2719 [ua
1106 2684 1206 2720 dicta
1226 2684 1430 2732 defignare.
