1779 3062
438 125 602 197 ξΝὸΤ.
641 125 921 173 ORATOR.
956 127 1079 174 LIB.
1117 127 1214 185 XI,
1258 139 1304 184 3.
1424 138 1539 184 -555

193 271 325 306 mus.
383 255 448 301 Et
479 252 696 301 hercule
732 269 854 301 cum
885 251 1095 303 valeant
1123 256 1357 304 multum
1379 256 1539 314 verba
1562 268 1598 310 9*

192 349 289 400 per
310 329 377 389 fe,
413 339 463 378 et
481 348 590 379 vox
612 330 882 395 propriam
907 333 1019 379 vim
1043 333 1252 393 adjiciat
1272 334 1450 391 rebus,
1489 344 1541 382 et

194 407 368 474 gestus
407 417 694 472 motusque
728 405 992 472 significet
1022 409 1256 474 aliquid,
1297 409 1539 475 profecto

191 484 487 552 perfectum
531 484 790 549 quiddam
830 483 982 543 fieri,
1034 504 1157 535 cum
1189 486 1368 535 omnia
1405 490 1541 537 coie-

192 574 338 621 runt,
357 561 555 611 neceffe
576 561 661 612 est.
704 564 839 611 Sunt
862 572 1037 611 tamen
1056 564 1151 628 qui
1166 563 1355 613 rudem
1378 566 1539 624 illam,
1568 593 1615 618 10

191 651 242 689 et
256 641 468 706 qualem
491 642 723 707 impetus
748 642 1006 705 cujusque
1027 642 1191 690 animi
1216 643 1355 698 tulit,
1380 644 1540 692 actio-

188 732 313 768 nem
337 718 576 779 judicent
590 716 887 775 fortiorem,
903 728 954 765 et
973 715 1135 767 solam
1149 720 1279 768 viris
1297 718 1538 784 dignam:

187 794 279 844 sed
304 812 415 845 11011
442 796 533 843 alii
562 793 689 852 fere,
731 812 890 860 quam
915 795 1012 860 qui
1034 797 1191 843 etiam
1221 798 1279 844 111
1308 796 1538 846 dicendo

189 889 371 921 curam
405 883 456 920 et
488 883 652 921 artem
685 883 735 920 et
768 874 1027 931 nitorem,
1070 884 1122 921 et
1146 873 1415 939 quidquid
1436 873 1542 922 stu-

190 949 282 999 dio
317 960 560 1016 paratur,
607 961 669 998 ut
709 946 940 998 affectata
974 960 1024 999 et
1056 968 1245 1018 parum
1281 953 1542 1000 :naturalia

101 1026 360 1078 999I'olent
393 1027 698 1094 improbare
712 1045 726 1086 ;
791 1029 880 1075 vel
919 1031 1015 1093 qui
1050 1030 1343 1078 verborum
1384 1040 1542 1093 atque

187 1102 357 1171 ipsius
380 1105 537 1153 etiam
560 1103 678 1154 soni
702 1104 989 1154 rusticitate
1004 1145 1017 1164 ‚
1060 1118 1120 1156 ut
1144 1111 1201 1156 L.
1229 1109 1438 1157 Cottam
1462 1106 1542 1154 di-

190 1182 260 1230 cit
298 1183 486 1231 Cicero
536 1180 738 1240 feciss'e,
803 1184 1159 1233 imitationem
1210 1185 1540 1249 antiquitatis

189 1256 443 1308 affectant.
522 1263 723 1308 Verum
754 1258 837 1307 illi
868 1259 1204 1325 persuasione
1233 1260 1324 1309 sua
1357 1261 1539 1309 fruan-
1569 1287 1614 1309 u

188 1347 295 1393 tur,
335 1336 429 1401 qui
451 1336 783 1394 hominibus,
823 1347 884 1385 ut
903 1336 1004 1385 sint
1025 1348 1272 1397 oratores,
1302 1336 1418 1387 satis
1443 1357 1544 1404 pu-

178 1424 300 1475 ‘tant
344 1411 507 1463 nasci:
557 1412 737 1463 nostro
779 1415 950 1464 labori
987 1413 1115 1463 dent
1150 1417 1397 1474 veniam,
1447 1418 1545 1481 qui

188 1492 329 1541 nihil
363 1491 630 1540 credimus
662 1489 759 1539 effe
792 1491 1117 1559 perfectum,
1168 1490 1271 1541 nisi
1316 1494 1414 1542 ubi
1453 1512 1542 1542 na-

188 1579 311 1618 tura-
328 1584 451 1618 cura
474 1573 705 1630 juvetur.
787 1572 850 1618 In
877 1567 982 1619 hoc
1016 1570 1181 1635 igitur
1212 1588 1327 1619 non
1356 1582 1545 1620 contu-

275 1715 312 1751 9.
343 1703 497 1739 hercule.
531 1704 593 1739 Sic
611 1704 742 1740 Turio.
767 1699 896 1742 Guelf.
917 1704 1050 1754 Camp.
1082 1700 1246 1753 Reliqui
1268 1705 1398 1741 hercle.
1413 1706 1458 1741 cf.
1477 1719 1541 1748 10,

189 1772 226 1802 2,
254 1769 290 1802 3.
325 1762 423 1798 Mox
437 1761 570 1795 Turic.
592 1762 689 1797 dum.
725 1762 826 1798 Voff.
857 1776 889 1798 1.
923 1763 1145 1797 convaleant
1164 1776 1236 1810 pro
1259 1763 1426 1797 cunii-al.
1463 1766 1539 1799 Pro

190 1818 350 1862 adjiciat
372 1818 505 1852 Turio.
530 1818 646 1852 adiat.
689 1821 763 1854 Pro
786 1820 860 1853 vim
880 1818 1015 1853 Ambr.
1039 1828 1075 1854 2.
1101 1819 1202 1853 viam
1221 1831 1309 1853 cum
1332 1819 1434 1855 Voff.
1454 1833 1488 1854 1.
1503 1828 1542 1862 3.

188 1876 305 1910 Bern.
556 1876 732 1910 coierunt.
775 1875 837 1910 Sic
864 1875 997 1909 Turio.
1025 1874 1129 1910 Flor.
1164 1876 1300 1923 Camp.
1332 1888 1420 1910 cum
1452 1876 1540 1913 edd.

192 1941 277 1966 ante
308 1928 418 1966 Basil.
453 1932 597 1966 coirunt
617 1932 751 1968 Ambr.
778 1943 812 1967 2.
838 1929 915 1966 cof.
941 1931 1068 1967 Guelf.
1093 1932 1349 1975 coieretGoth.
1370 1933 1475 1970 Voss.
1502 1942 1539 1969 2.

164 2043 166 2046 .
191 1989 368 2035 coffiiter.
398 1998 501 2035 Voff.
522 2012 554 2034 1.
590 2000 711 2035 Modo
729 1998 949 2049 significent
966 1998 1084 2036 Goth.
1098 2001 1201 2036 Voff.
1219 2011 1253 2037 2.
1286 2015 1329 2035 ne
1343 2000 1540 2049 significet:

190 2057 296 2095 Voss'.
319 2070 348 2091 1.
365 2052 414 2103 est
427 2056 510 2104 post
530 2055 665 2104 neceffe
678 2058 826 2092 omittit
840 2055 965 2092 Guelf.
998 2057 1097 2092 Mox
1106 2059 1202 2102 juris
1216 2057 1340 2094 Guelf.
1355 2072 1426 2106 pro
1442 2060 1541 2094 viris.

282 2126 344 2147 11.
376 2122 512 2147 natura
537 2127 622 2147 cura
647 2115 808 2158 juvetur.
839 2114 971 2149 Turio.
1004 2128 1040 2148 n.
1068 2114 1253 2159 juventus.
1285 2115 1388 2150 Flos.
1418 2108 1463 2166 (a
1482 2128 1542 2163 pr.

190 2171 273 2215 m.)
298 2184 333 2207 η.
351 2171 537 2215 juventur.
574 2170 635 2206 Ab
655 2170 757 2206 Alm.
778 2171 879 2207 abest
900 2185 996 2207 cura.
1241 2175 1365 2220 igitur.
1406 2173 1541 2221 Camp-

253 2297 320 2319 10.
361 2286 511 2320 Cottam
563 2285 653 2319 dicit
701 2285 837 2322 Cicero.
895 2284 1093 2334 Displicet
1191 2283 1543 2323 homoeoteleuton

192 2341 297 2377 Loca
316 2341 402 2376 sunt
422 2341 467 2375 de
488 2340 594 2376 Orat.
617 2351 653 2385 3,
680 2355 742 2380 11.
775 2355 838 2379 12.
897 2344 1152 2384 continu-um,
1197 2343 1308 2391 quale
1351 2354 1387 2377 et
1431 2343 1543 2392 supra

191 2399 303 2436 Brut.
329 2407 392 2440 74.
431 2397 523 2432 vide
556 2408 592 2432 et
622 2411 692 2434 nos
719 2401 766 2435 ad
803 2414 837 2442 1,
896 2400 928 2444 ᾖ.
953 2413 987 2448 9.
1018 2401 1188 2449 profecto
1211 2400 1426 2448 perfectum.
1457 2401 1542 2436 No-

192 2460 232 2501 4,
262 2464 324 2498 ¹7·
365 2454 478 2489 Ratio
522 2454 728 2491 ref'ellendi
763 2456 837 2492 hos
896 2458 971 2492 stro
994 2468 1120 2492 tamen
1142 2457 1229 2492 loco
1244 2456 1542 2492 remedjofuiffe

193 2511 266 2560 qui
301 2521 420 2546 artem
463 2511 676 2548 excludunt
706 2514 837 2549 eadem
896 2515 1057 2549 videtur
1092 2514 1375 2562 cacophoniae,
1435 2514 1541 2562 quod

193 2581 291 2617 quae
315 2579 352 2616 9,
372 2574 410 2615 4,
434 2577 470 2612 5-
494 2575 529 2612 4.
895 2586 981 2606 cura
1012 2572 1054 2605 in
1077 2572 1292 2630 Penultima
1316 2570 1431 2606 habet
1452 2584 1541 2606 acu-

893 2639 990 2669 tum,
1022 2640 1156 2663 natura
1179 2626 1485 2667 circumflexum.

253 2693 319 2718 ιι.
361 2690 494 2718 natura
544 2697 630 2721 cura
677 2686 836 2731 juvetur.
958 2695 1021 2723 12.
1051 2699 1127 2721 non
1158 2689 1433 2723 contumaciter.
1491 2686 1541 2721 In
