1779 3062
267 220 269 222 -
290 193 391 243 454

290 308 500 360 modus.
578 311 662 358 De
676 310 914 374 partibus
937 309 1128 370 causae,
1148 322 1199 360 et
1223 310 1491 360 sententiis
1513 315 1634 361 Ver-

289 387 504 450 bisque‚
556 401 689 449 quae
727 384 849 434 sunt
879 388 1224 454 multiplicia,
1267 389 1513 453 pluribus¹
1549 388 1633 436 di*-

213 478 285 520 ³54
295 462 538 511 cendum.
579 464 705 511 Tria
731 474 907 512 autem
931 463 1186 528 praestare
1208 464 1365 512 debet
1388 471 1629 530 pronun‘-

291 540 475 588 ciatio:
515 540 756 597 conciliet,
791 535 1122 611 persuadeat,
1152 553 1388 590 moveat.-
1425 542 1628 610 quibus

288 626 478 666 natura
519 615 786 674 cohaeret,
826 618 984 664 etiam
1025 617 1251 668 delectet.
1330 612 1629 666 conciliatio

288 690 401 740 fere
437 702 525 741 aut
559 692 1015 742 commendatione
1045 710 1286 751 morum,
1325 694 1422 759 qui
1451 691 1628 742 nescio

287 768 566 834 quomodo
604 786 667 817 ex
696 786 827 818 voce
864 771 1021 818 etiam
1049 781 1205 835 atque
1228 771 1433 820 actione
1455 769 1629 835 pellu-

283 856 434 903 ‘cent‚
472 856 562 894 aut
582 846 832 895 orationis
859 845 1112 895 suavitate
1137 846 1362 896 constat:
1409 841 1629 918 persua-

284 922 440 970 dendi
462 924 544 972 vis
565 918 929 982 affirmatione,
960 941 1094 989 quae
1117 925 1334 973 interim
1355 925 1478 991 plus
1500 921 1718 990 ipfiS¹034

609 183 684 230 Μ.
722 167 861 230 FA'BJ
897 169 1313 246 QmNnfilAm
1367 210 1370 211 ν

280 1089 378 1124 Exc.
402 1090 553 1142 Stanten.
579 1089 712 1138 Camp.
735 1089 852 1125 Goth.
878 1090 976 1127 Jens.
1011 1088 1100 1134 (tac.
1125 1091 1253 1135 Gefn.)
1287 1102 1376 1126 cum
1395 1088 1497 1125 Alm.
1517 1086 1624 1127 Voss'.

286 1157 323 1180 ι.
348 1154 385 1179 2.
409 1153 446 1187 3.
477 1155 514 1179 et
542 1145 628 1180 edd.
658 1156 744 1181 ante
776 1145 863 1180 Ald.
897 1146 971 1181 Sed
998 1146 1100 1182 Vall.
1134 1160 1255 1181 rerum
1277 1147 1365 1182 dare
1387 1145 1538 1181 testatur
1555 1145 1625 1180 Ba-

282 1200 385 1239 dius,
415 1212 486 1248 per
514 1212 720 1249 operarum
750 1201 911 1241 vitium,
945 1211 991 1236 ut
1018 1202 1174 1250 opinor,
1205 1215 1295 1238 cum
1322 1200 1443 1238 venet
1463 1201 1630 1252 seribere

283 1269 444 1295 reorum.

374 1328 464 1365 ²54·
497 1322 679 1364 cohaeret,
711 1325 834 1359 etiam.
867 1323 930 1358 Sic
956 1324 1090 1360 Turic-
1115 1325 1219 1362 Flor.
1245 1326 1377 1375 Camp.
1410 1339 1499 1361 cum
1520 1324 1625 1361 Alm.

278 1377 445 1426 Reliqui
465 1379 637 1415 inserunt
658 1389 709 1416 ut.
744 1380 818 1416 Sed
841 1381 1035 1416 cohaereat
1055 1391 1094 1416 ut
1114 1397 1143 1418 e.
1166 1381 1300 1418 Ambr.
1324 1391 1361 1419 2.
1388 1381 1516 1419 Guelf.
1537 1391 1630 1418 cum

282 1436 381 1474 Jens.
412 1436 526 1470 Ta1·v.
554 1450 596 1470 ac
625 1439 774 1473 actione
800 1435 917 1472 Goth.
944 1438 1032 1483 (tac.
1055 1439 1183 1483 Gesn.)
1216 1438 1263 1472 cf.
1306 1452 1379 1481 ιι,
1410 1449 1459 1479 2,
1493 1445 1556 1481 41.
1588 1438 1628 1480 6,

283 1501 321 1532 2,
347 1501 389 1540 ⁴7.
419 1491 607 1539 perlucent
635 1492 738 1529 Flor.
772 1493 908 1528 Ambr.
937 1503 974 1527 2.
1007 1493 1133 1530 Guelf.
1168 1496 1300 1542 Camp.
1331 1509 1420 1531 cum
1449 1494 1567 1531 Goth.
1590 1505 1629 1530 et

282 1540 370 1582 edd.
405 1558 490 1581 ante
516 1548 628 1584 Leid.
662 1562 745 1585 exc·
774 1548 885 1584 Basil.
922 1549 968 1585 cf.
995 1550 1031 1590 6,
1056 1561 1092 1591 2,
1129 1560 1190 1594 15.
1214 1551 1297 1591 ubi,
1321 1563 1364 1588 ut
1386 1552 1452 1587 hic
1479 1551 1628 1591 T'uric„

280 1603 337 1639 ita
369 1601 534 1638 viciffim
558 1604 662 1639 Flor.
697 1617 784 1639 cum
812 1615 964 1652 recepta
993 1606 1095 1642 facit.
1127 1617 1164 1649 7,
1196 1619 1258 1645 10,
1286 1607 1347 1643 16.
1377 1620 1514 1654 omnes
1536 1619 1632 1642 con·

278 1658 476 1694 sentiunt..
504 1659 596 1694 vide
618 1671 655 1696 et
678 1667 716 1705 8,
740 1671 775 1704 5,
802 1668 866 1704 25.
897 1661 975 1696 Hic
1000 1662 1095 1698 Obr.
1122 1662 1323 1711 prolucent,
1353 1664 1479 1699 forma
1508 1675 1628 1711 quam

276 1727 361 1750 uno
385 1716 548 1750 Senecae
571 1715 660 1751 loco
686 1716 898 1752 defendunt
922 1717 967 1751 de
995 1719 1076 1752 vita
1099 1719 1201 1754 beat<
1233 1731 1264 1753 c.
1298 1729 1363 1762 32.
1397 1720 1468 1756 ubi
1499 1729 1627 1754 tamen

275 1771 457 1820 produxit
480 1770 662 1807 meliores
687 1773 810 1808 codd.
834 1773 923 1807 teste
945 1773 1178 1809 Forcellino.
1237 1776 1338 1810 Mox
1359 1776 1626 1811 auctoraeionis

275 1825 385 1861 Flor.
417 1824 686 1874 affeveratione
715 1841 788 1876 pro
821 1827 959 1875 affirm.
989 1829 1076 1864 Ald.
1111 1843 1201 1864 cum
1233 1831 1318 1866 edd.
1349 1832 1507 1880 posterr.
1539 1840 1627 1866 ante

273 1882 412 1918 Burm.
439 1882 484 1917 de
507 1884 623 1930 Regii
643 1895 788 1932 optato.
850 1884 924 1919 Sed
956 1885 1128 1920 nostrmu
1159 1897 1319 1922 tuentur
1351 1889 1478 1928 MSS„
1510 1886 1627 1922 etiam

280 1938 362 1973 mei
391 1950 545 1979 omnm,
575 1953 655 1989 quo
680 1953 755 1976 acc.
778 1942 871 1976 Exc.
898 1943 1049 1978 Samen.
1074 1942 1310 1992 probationis
1330 1943 1435 1980 Flor-

280 2085 452 2134 privatz's,
485 2083 531 2119 cf.
564 2094 601 2130 3,
639 2098 701 2126 10,
742 2100 775 2121 1.
800 2096 840 2121 et
861 2085 928 2121 hio

281 2140 317 2185 §.
345 2150 437 2184 130,
469 2141 506 2175 ei
534 2141 656 2177 obstat
679 2143 785 2189 quod
806 2143 925 2177 modo

281 2196 348 2245 (§.
373 2199 491 2240 150.)
528 2198 804 2233 continuantur
833 2198 928 2233 haec

284 2253 388 2300 apud
417 2253 597 2302 populum
628 2264 666 2290 et
691 2254 838 2302 publico
868 2256 928 2298 ju·

284 2309 398 2343 dicio.
455 2311 516 2344 An
536 2310 660 2358 igitur
682 2309 926 2345 declamatio-

284 2364 403 2399 nibus
423 2364 501 2399 hoc
521 2376 648 2401 totum
662 2367 928 2413 assignandum

285 2420 373 2459 erit,
405 2420 476 2456 ubi
505 2422 631 2457 causae
670 2422 771 2471 apud
802 2434 928 2470 popu-

284 2473 371 2512 lum
398 2485 501 2512 actae
528 2476 756 2526 fingantur?
807 2480 852 2512 In
877 2477 927 2512 iis

285 2530 451 2578 dignitas
472 2533 739 2574 custodienda,
769 2547 817 2569 ne
849 2532 929 2567 ulla

283 2585 503 2634 βωμολοχίᾳ
601 2591 922 2626 contaminemur.

285 2643 434 2678 Modus
479 2643 647 2694 denique
688 2648 725 2681 in
769 2646 927 2694 privatis

285 2696 392 2735 idem
409 2699 459 2735 est
468 2702 813 2750 pronunciationis,
834 2714 926 2751 qua·

983 2088 1033 2123 lis
1061 2088 1139 2123 fuit
1167 2087 1400 2125 elocutionis
1430 2095 1467 2133 8,
1497 2097 1536 2132 5,
1564 2092 1629 2136 14.

984 2146 1042 2178 Eo
1062 2144 1142 2192 ipso
1163 2144 1253 2180 loco
1278 2145 1325 2180 est
1346 2145 1527 2194 populus,
1563 2143 1627 2180 sed

984 2200 1027 2234 in
1052 2198 1260 2247 suadendo.
1327 2204 1389 2236 An
1421 2211 1457 2237 et
1485 2200 1552 2236 hic
1580 2200 1628 2235 de

985 2256 1122 2291 eodem
1150 2255 1442 2304 cogitabimus?
1483 2257 1558 2292 Sed
1576 2268 1627 2291 ne

983 2313 1035 2347 sic
1085 2312 1246 2361 quidem
1294 2314 1508 2362 quidquam
1558 2311 1627 2347 hic

985 2370 1146 2416 agnosco
1175 2369 1248 2404 nisi
1275 2369 1456 2405 scholam.

1047 2431 1136 2468 154.
1167 2422 1354 2474 praestare
1375 2426 1492 2462 debet.
1522 2425 1570 2462 cf.
1590 2428 1628 2473 §-

990 2487 1079 2523 151.
1113 2481 1256 2529 efficere
1276 2482 1365 2531 quid
1383 2483 1485 2517 velit.

1042 2551 1086 2572 ex
1103 2551 1190 2573 voce
1201 2558 1258 2565 —-
1269 2547 1380 2587 atque
1395 2538 1626 2586 actionepel-

984 2593 1118 2629 lucent.
1177 2594 1303 2629 Sicuti
1323 2606 1371 2629 ex
1388 2594 1560 2629 oratione
1583 2592 1623 2635 6,

985 2658 1021 2690 2,
1047 2659 1110 2691 κῆ.

1040 2706 1304 2754 affirmatione.
1362 2706 1473 2743 Hanc
1510 2703 1626 2755 plane
