1779 3062
253 136 350 196 296
566 134 641 180 M.
677 134 812 180 ΕΑΒ.
850 137 1268 209 QU1NT1L1AN1

255 261 457 312 obstare
489 261 774 310 memoriae
797 259 954 310 usum
978 263 1303 328 litterarum:
1346 260 1599 310 videlicet

257 338 553 403 quod-illa,
609 354 742 400 quae
788 336 993 406 scriptis
1032 337 1394 404 reposuimus,
1446 339 1599 387 velut

259 414 523 463 custodire
555 412 868 473 desinimus,
907 426 958 463 et
987 414 1095 482 ipsa
1126 414 1400 463 securitate
1420 414 1599 463 dimit-

187 511 236 535 ιο
259 493 436 541 timus.
516 493 633 540 Nec
665 491 888 540 dubium
923 491 1020 550 est,
1060 493 1193 557 quin
1223 492 1520 555 plurimum
1541 492 1601 539 in

257 569 355 618 hac
380 577 526 635 parte
546 569 716 617 valeat
739 569 928 617 mentis
950 569 1193 625 intentio,
1221 578 1273 615 et
1297 568 1446 616 velut
1467 569 1602 616 acies

256 646 532 694 luminum
565 662 592 692 a
620 644 899 711 prospectu
932 662 1140 703 rerum,
1183 661 1312 709 quas
1342 645 1601 702 intuetur,

256 740 370 771 non
392 720 582 771 aversa.
636 722 791 770 Unde
814 721 1016 780 accidit,
1056 732 1117 770 ut
1143 738 1277 786 quae
1297 737 1392 786 per
1413 721 1597 787 plures

257 787 371 848 dies
420 797 696 848 scribimus
737 797 1003 847 ediscendi
1050 797 1226 858 causa,
1281 799 1600 864 cogitatione

256 943 327 980 ric.
351 942 455 980 Flor.
476 941 603 980 Guelf.
624 941 742 980 Goth.
771 944 858 986 (tac.
882 944 1009 987 Gesn.)
1034 944 1165 992 Camp,
1188 940 1372 992 poffumus
1393 955 1481 977 cum
1501 942 1600 998 Jens.

258 1011 374 1046 Tarv.
395 1011 483 1046 ΑΜ.
714 1011 885 1046 videlicet
906 1011 1014 1059 quod.
1035 1011 1166 1045 Turic.
1180 1025 1213 1046 v.
1227 1025 1308 1059 quo·
1322 1009 1424 1045 flor.
1436 1025 1468 1046 v.
1485 1024 1600 1058 quan·

259 1087 348 1113 tum.
381 1078 507 1114 Guelf.
538 1078 671 1127 Camp.
702 1092 738 1114 v.
768 1091 839 1127 quo
863 1079 985 1114 modo.
1029 1080 1089 1113 Ex
1109 1077 1210 1114 Alm.
1243 1070 1313 1126 ᾆῧι.
1373 1080 1434 1114 An
1457 1089 1536 1113 erat
1567 1092 1610 1115 v.¹

262 1138 471 1184 quatenus?

348 1215 409 1237 10.
441 1202 644 1252 prospectu.
677 1203 810 1238 Tui-ic.
840 1203 942 1237 Flor.
960 1202 1086 1238 Guelf.
1108 1203 1192 1247 (hic
1213 1203 1374 1252 quidem
1396 1200 1538 1238 inserto
1553 1203 1602 1249 P)

255 1267 407 1306 promtu
435 1252 648 1294 cum'Alm.
682 1260 806 1294 blodo
827 1274 850 1293 a
871 1260 1002 1307 Camp.
1028 1259 1188 1294 omittit.
1423 1261 1596 1294 intuetur.

255 1316 391 1362 Camp.
420 1317 601 1350 intuemur
627 1329 716 1351 cum
737 1315 857 1350 Goth.
882 1316 951 1363 qui
974 1327 1010 1350 et
1038 1314 1141 1364 quasi
1171 1330 1242 1365 pro
1275 1330 1383 1364 quas:
1430 1328 1602 1364 quorum

260 1370 362 1406 illud
383 1370 520 1419 placet.
745 1371 884 1420 aversa.
914 1372 1046 1407 Turic-
1066 1371 1168 1408 Flor.
1191 1371 1345 1421 adversa
1362 1386 1449 1408 cum
1471 1371 1571 1406 Alm.

429 1427 614 1476 ediscendi
643 1427 762 1477 causa,
784 1430 1022 1475 cogitatione.
1045 1429 1175 1464 Turic.
1200 1429 1302 1465 Flor.
1325 1428 1419 1477 (hic
1443 1428 1603 1477 quidem

260 1497 280 1518 a
298 1498 356 1532 pr.
378 1498 431 1518 m.
457 1486 712 1533 cogitatione)
737 1484 863 1522 Guelf.
885 1499 913 1520 e.
929 1484 1009 1534 sint
1031 1487 1291 1532 cogitationes.
1314 1487 1446 1532 Camp.
1469 1483 1506 1533 si
1527 1485 1603 1520 edi-

251 1539 392 1589 scenda
413 1539 493 1588 sint
521 1554 549 1575 c.
584 1553 675 1575 cum
707 1541 817 1576 Bodl.
847 1542 965 1576 Andr.
989 1541 1076 1576 Ald.
1101 1547 1244 1590 (neque
1268 1543 1370 1577 enim
1390 1542 1603 1590 postremus

252 1595 372 1645 sunt.)
403 1599 463 1631 Ex
487 1596 586 1631 Alm.
606 1597 665 1631 nil
687 1598 759 1632 nisi
775 1596 864 1646 sunt
883 1611 953 1645 pro
976 1596 1093 1645 causa.
1134 1598 1231 1636 Obr.
1259 1612 1287 1632 e.
1304 1597 1390 1645 fine
1414 1613 1442 1634 c.
1507 1599 1605 1633 Mox

262 1654 378 1687 etiarn
411 1654 667 1688 contineantur
686 1653 807 1689 Aldus
822 1681 830 1693 ‚
862 1653 975 1690 solus.
1035 1654 1112 1688 Hic
1130 1655 1252 1702 igitur
1273 1655 1486 1701 subjectum
1509 1655 1602 1689 desi-

263 1709 415 1745 deravit
441 1710 485 1745 in
513 1708 670 1757 vulgata
687 1737 696 1750 ,
729 1711 836 1758 quod
863 1711 1007 1746 Badius
1039 1710 1080 1744 in
1104 1711 1278 1758 margine
1303 1711 1491 1759 designat:
1518 1709 1601 1759 scil.

260 1769 393 1801 menris
418 1767 590 1802 intentio.
651 1766 810 1814 Reliqui
831 1767 953 1802 securi
977 1767 1223 1802 transierunt.
1268 1769 1433 1815 Recepta
1451 1767 1528 1815 ipsa
1554 1767 1605 1802 est

260 1823 301 1857 in
318 1822 435 1858 Goth.
457 1822 525 1870 qui
546 1822 665 1858 ethic
686 1823 795 1868 (vide
818 1824 925 1871 supra
954 1838 968 1857 1
984 1838 1016 1863 1,
1044 1836 1077 1863 1,
1103 1827 1187 1867 82.)
1214 1824 1259 1859 de
1282 1824 1347 1858 suo
1374 1824 1481 1860 dedit
1497 1822 1604 1873 causa

259 1878 436 1929 prosint,
463 1891 532 1913 nec
555 1880 638 1914 edd.
659 1879 854 1920 recedunt,
884 1880 957 1915 nisi
978 1879 1084 1927 quod
1096 1881 1192 1918 Jens.
1207 1882 1321 1915 Tarv.
1347 1881 1514 1915 edicendi
1535 1894 1605 1929 per

260 1936 341 1983 sph.
401 1935 536 1970 Potuit
563 1936 645 1971 sane
680 1947 716 1972 et
746 1936 876 1985 Camp.
909 1936 1068 1984 ingenio
1101 1935 1252 1984 aliquid
1281 1937 1369 1971 dare
1401 1937 1443 1972 in
1472 1937 1602 1972 verbis

257 1992 367 2028 hisce
390 1992 635 2033 adornandis,
680 2005 767 2027 cum
798 1993 908 2029 Bodl.
940 1992 1007 2028 illa
1035 1994 1241 2028 auctoritas
1263 1994 1520 2029 imminuatur
1543 2006 1603 2034 eo,

261 2049 369 2097 quod
406 2049 487 2094 ejus
520 2049 618 2084 testis
650 2048 694 2084 fit
724 2050 928 2098 Gibsonus.
986 2050 1059 2084 Sed
1080 2050 1395 2096 acquiescendum
1424 2050 1601 2097 profecto

259 2119 341 2141 non
362 2115 452 2141 erat.
481 2104 665 2153 ediscendi
686 2105 793 2154 causa
811 2106 906 2153 quin
920 2117 1021 2142 recte
1036 2116 1073 2139 et
1087 2104 1280 2152 eleganter
1304 2106 1499 2146 scribatur,
1521 2118 1602 2140 non

259 2162 423 2202 dubito,
466 2161 770 2197 Obrechtianum
801 2162 902 2196 illud
931 2163 1016 2210 fine
1046 2175 1093 2195 ne
1125 2162 1208 2196 satis
1242 2162 1399 2209 quidem
1435 2161 1602 2196 latinum

264 2219 416 2254 censens
444 2218 511 2263 (cf.
539 2224 573 2260 4,
606 2227 643 2258 2,
677 2222 806 2262 ¹18·)²
840 2219 900 2253 sed
921 2219 1165 2253 nominativo
1190 2231 1287 2266 opus
1309 2218 1358 2253 est
1385 2218 1601 2254 sententiae.

264 2276 356 2310 Sive
377 2274 501 2324 igitur
519 2272 556 2322 si
577 2273 767 2323 ediscenda
783 2273 863 2322 sint
883 2276 1037 2315 retines,
1070 2275 1147 2309 sive
1169 2275 1210 2308 in
1234 2274 1454 2310 obscuriore
1481 2275 1603 2309 ductu

255 2329 337 2380 sinc
368 2329 570 2380 obrepsisse
597 2344 670 2380 pro
707 2331 816 2381 causa
842 2331 1051 2372 existimas,
1092 2331 1281 2380 postrema
1310 2331 1361 2365 sic
1393 2330 1603 2380 refingam:

264 2458 359 2486 „eos
381 2445 451 2493 qui
471 2445 623 2484 discant,
655 2442 794 2480 litteris
818 2457 908 2479 con·
963 2458 1033 2486 „ac
1048 2445 1274 2480 memoriam
1292 2444 1527 2479 remittant.“
1548 2442 1607 2492 se·

263 2500 401 2541 ‚‚fisos,
426 2502 558 2537 minus
593 2501 802 2536 memoriae
833 2500 906 2536 stu-
965 2504 1157 2536 caritatem
1177 2501 1268 2536 vide
1291 2501 1405 2536 etiam
1424 2513 1483 2540 10,
1507 2499 1544 2541 6,
1566 2511 1602 2536 2.

263 2558 394 2597 ‚,de1·e‚
411 2558 516 2605 quod
536 2557 615 2593 fere
627 2557 824 2606 plerisque
848 2571 907 2592 ac-

264 2614 397 2653 ‚,cidit‚
423 2625 467 2649 ut
484 2615 674 2662 praesidio
689 2614 905 2648 litterarum
1025 2627 1087 2651 ιο.
1134 2615 1236 2650 Unde
1263 2613 1397 2650 accidit
1413 2632 1469 2641 —
1489 2614 1606 2649 conti-

263 2668 538 2718 „disigentiam
573 2670 616 2708 in
654 2670 905 2720 perdiscendo
964 2681 1062 2712 neat.
1085 2671 1131 2710 cf.
1154 2681 1234 2708 not.
1257 2671 1343 2707 crit.
