1779 3062
424 185 591 230 INST.
628 184 909 234 ORATOR.
945 188 1067 234 LIB.
1103 188 1151 232 X
1163 222 1176 246 ,
1216 200 1260 245 7.
1425 196 1526 241 :205

161 312 366 364 desunt.
448 314 600 364 Tum
635 311 1001 362 intendendus
1030 314 1268 373 animus,
1317 332 1431 364 non
1465 315 1524 363 in
1551 320 1604 359 16

160 392 394 457 aliquam
429 408 544 439 rem
569 407 751 448 unam,
789 388 879 438 sed
907 392 965 438 in
987 391 1171 457 plures
1208 391 1371 440 simul
1398 410 1528 442 con-

70 478 150 522 954
164 470 369 518 tinuas:
407 478 494 525 ut,
533 467 576 517 si
614 485 709 534 per
743 468 974 532 aliquam
1006 478 1202 517 rectam
1233 470 1375 518 viam
1404 471 1528 518 mit·

162 557 339 595 tamus
367 546 581 604 ‘oculos‚
624 544 786 594 simul
829 546 1026 603 omnia,
1066 561 1201 609 quae
1229 545 1353 595 sunt
1387 536 1446 595 in
1468 563 1530 594 ea

162 625 435 687 circaque,
499 625 805 680 intuemur,
857 639 971 671 non
1015 623 1273 671 ultimum
1321 634 1532 673 tantum

162 700 429 759 videmus,
467 699 559 749 sed
594 717 768 765 usque
792 698 858 748 ad.
888 700 1162 748 ultimum.
1243 699 1327 748 Ad
1349 700 1534 749 dicen-

163 777 299 827 dum
336 779 493 827 etiam
523 778 704 845 pudor
731 776 975 827 stimulos
1007 777 1166 826 habet
1189 788 1241 825 et
1274 777 1533 827 dicendo-

162 873 284 906 rum
310 866 575 920 expectata
607 857 749 904 laus:
786 856 1096 919 mirumque
1131 855 1309 904 videri
1339 853 1527 921 potest,

165 932 333 998 quod,
357 949 480 981 cum
501 932 653 982 stilus
674 931 872 981 secreto
893 932 1134 998 gaudeat,
1159 944 1320 998 atque
1341 949 1530 982 onmes

164 1011 391 1059 arbitros
433 1009 764 1069 reformidet,
805 1011 1177 1076 extemporalis
1215 1012 1350 1058 actio
1377 1009 1531 1059 audi-

162 1097 345 1138 torum
364 1085 682 1153 frequentia,
701 1100 760 1137 ut
779 1089 933 1138 miles
958 1087 1210 1154 congestu
1232 1086 1530 1154 signorum,

250 1220 394 1271 desunt.
427 1222 562 1258 Turic.
594 1221 701 1258 Flor.
734 1222 820 1268 (hic
840 1236 860 1257 a
882 1236 943 1271 pr.
968 1223 1043 1269 m.)
1064 1222 1171 1272 sunt.

256 1280 321 1315 16.
357 1279 452 1314 Tum
482 1280 740 1315 intendendus.
775 1278 904 1315 Guelf.
939 1290 1063 1315 tamen
1089 1282 1113 1316 i.
1156 1294 1246 1316 cum
1280 1280 1379 1319 Jens.
1413 1279 1531 1315 Tarv-

251 1350 326 1372 non
359 1337 397 1370 in
423 1337 599 1385 aliquam.
628 1335 734 1371 ΠΟΥ.
766 1341 804 1378 (a
824 1349 884 1384 pr.
903 1339 977 1380 111.)
1009 1337 1159 1372 omittit
1192 1339 1243 1373 in.

251 1394 388 1443 plures.
419 1394 554 1428 Turic.
585 1391 691 1427 Flor.
722 1393 809 1440 (hic
834 1406 852 1426 a
873 1407 934 1442 pr.
956 1396 1028 1437 m.)
1061 1394 1252 1429 omittunt
1272 1405 1362 1427 cum
1383 1390 1475 1427 Alm

255 1453 473 1486 continuas.-
513 1459 566 1490 ut,
592 1447 630 1497 si
659 1464 736 1498 per.
780 1450 911 1487 'rm-ic.
955 1454 1131 1487 continua
1154 1449 1246 1500 sunt
1263 1448 1390 1498 super.
1428 1447 1535 1486 Flor-

167 1514 208 1556 (ὃ
230 1521 289 1560 pr.
311 1510 383 1551 m.)
415 1509 607 1543 continuae
621 1503 794 1556 sisuper.
856 1508 918 1542 Ex
943 1507 1044 1543 Alm.
1069 1506 1185 1556 super
1214 1519 1288 1556 pro
1313 1504 1352 1554 si
1369 1519 1448 1554 per.

245 1565 338 1616 sunt
370 1567 407 1599 in
440 1578 484 1599 ea
513 1566 690 1610 circaque.
730 1563 835 1598 Flor.
877 1578 972 1614 quae
997 1563 1107 1612 fiunt
1137 1578 1231 1612 quae
1252 1561 1403 1611 semper
1442 1564 1466 1599 i.
1503 1577 1534 1600 e.

167 1627 265 1661 circa
289 1636 396 1670 quae,
432 1635 451 1656 a
474 1621 544 1655 see.
566 1632 619 1653 m·
652 1634 746 1668 quae
763 1619 870 1667 fiunt
896 1623 933 1656 in
955 1635 998 1656 ea
1022 1622 1116 1656 circa
1139 1634 1245 1669 quae.

256 1682 452 1719 intuemur,
506 1690 593 1712 non.
649 1677 784 1712 Turic.
829 1677 934 1714 Flor.
988 1678 1072 1723 (hic
1099 1692 1119 1712 a
1148 1691 1207 1726 pr.
1239 1679 1311 1722 m.)
1362 1676 1539 1713 inserunt

168 1739 289 1775 omnis
319 1749 407 1771 cum
430 1734 535 1770 Alm.
773 1744 930 1771 tantum.
961 1735 1082 1770 Goth.
1111 1734 1203 1779 (tac.
1226 1734 1356 1779 Gesn.)
1400 1743 1536 1771 tamen.

254 1794 316 1830 Ad
351 1793 560 1828 dicendum.
605 1791 668 1826 Sic
707 1792 842 1839 Camp.
878 1804 968 1828 cum
999 1792 1119 1827 Goth.
1158 1792 1264 1829 Voff.
1287 1801 1325 1826 2.
1361 1789 1536 1827 Colbert.

172 1853 247 1889 Sed
275 1850 410 1885 Turio.
442 1847 548 1884 flor.
594 1846 870 1896 addiscendum.
912 1849 1018 1885 Flor.
1067 1849 1106 1892 (a
1132 1849 1201 1883 sce.
1222 1849 1294 1892 m.)
1335 1847 1541 1896 anteponit

172 1910 293 1946 addit.
354 1905 516 1953 Reliqui
562 1905 684 1940 Addit
717 1905 768 1940 ad
802 1905 838 1940 d.
913 1908 1014 1941 Mox
1046 1918 1120 1954 pro
1171 1903 1349 1954 stimulos
1404 1904 1540 1939 Turio.

173 1969 212 2010 (a
236 1965 304 2000 sec.
325 1964 397 2007 m.)
425 1959 605 2006 stimulus.
841 1962 963 1999 hahet,
997 1963 1062 1998 Sic
1095 1961 1200 1998 Flor.
1241 1961 1371 1997 Guelf.
1405 1960 1542 2009 Camp-

174 2035 264 2059 cum
295 2020 414 2055 Goth.
447 2018 549 2056 Voss.
572 2030 608 2054 2.
645 2017 758 2055 colb.
803 2029 841 2054 et
874 2019 960 2056 edd.
996 2030 1083 2055 ante
1114 2019 1266 2068 Gryph.
1299 2018 1373 2054 Sed
1405 2017 1541 2052 Turic-

173 2078 279 2115 Flor.
314 2076 399 2121 (hie
419 2090 438 2111 a
459 2089 518 2125 pr.
543 2077 615 2119 m.)
646 2074 741 2110 haec
774 2077 905 2111 omnia
935 2077 1109 2119 habea—
1121 2076 1203 2112 laus
1230 2076 1421 2112 omittunt
1451 2085 1542 2108 cum

157 2134 276 2172 emm.
314 2133 420 2172 Voss'.
448 2141 539 2176 1.5.
581 2131 744 2180 Reliqui
781 2133 900 2169 addit.
1138 2136 1354 2182 mirumque.
1399 2131 1538 2166 Turio.

173 2204 407 2240 mar-umque,
438 2201 475 2226 et
507 2203 526 2223 a
552 2190 622 2224 fec.
655 2202 707 2225 m.
752 2204 1004 2240 amarumque.
1046 2190 1177 2226 Guelf.
1216 2200 1409 2238 utrumque
1450 2200 1542 2223 cum

172 2248 280 2288 Voss'.
310 2261 344 2282 1.
372 2256 410 2290 5.
460 2246 559 2285 Jens.
602 2247 720 2283 Tarv.
773 2247 848 2282 Sed
868 2248 983 2283 Bern.
1033 2250 1167 2283 mirum
1198 2256 1401 2294 utrumque.
1441 2245 1544 2280 Mox

174 2319 247 2355 pro
269 2302 380 2354 stilus
410 2303 514 2339 Flor.
557 2306 596 2348 (a
616 2316 675 2351 pr.
700 2305 774 2352 m.)
805 2301 992 2352 stimulos.
1229 2304 1402 2340 arbitros.
1434 2300 1543 2336 Flor-

175 2367 216 2408 (a
238 2375 297 2411 pr.
320 2364 391 2407 m.)
423 2361 557 2409 Camp.
598 2359 758 2397 arbores.
1044 2358 1229 2409 congestu.
1262 2359 1368 2395 Flor.
1403 2359 1567 2405 camp.»

177 2427 353 2455 concentu
393 2431 482 2454 cum
513 2416 633 2452 Andr.
669 2417 758 2454 Ald.
800 2417 914 2456 Bafil.
953 2419 1106 2468 Gryph.
1146 2417 1323 2462 (1556.).
1355 2423 1546 2450 contentus

175 2475 280 2512 Alm.
314 2475 378 2519 (cf.
409 2479 444 2522 ᾖ.
475 2475 558 2519 14.)
596 2487 675 2509 cum
705 2472 810 2524 gestu
833 2476 943 2516 Voss'.
973 2490 1008 2512 1.
1047 2474 1172 2512 Valde
1203 2473 1423 2509 obnoxium
1456 2484 1545 2521 per-

176 2531 391 2568 mutationi
418 2530 656 2567 vocabulum
698 2532 766 2576 (ef.
796 2545 871 2575 10,
904 2543 942 2578 5,
980 2534 1086 2577 17.),
1117 2545 1188 2566 nec
1221 2531 1271 2565 est
1299 2528 1408 2578 quod
1435 2541 1545 2565 aver·

177 2590 305 2624 femur
336 2596 547 2623 concentum
577 2587 784 2636 signorum,
819 2603 916 2638 quae
947 2589 1066 2626 toties
1099 2588 1203 2638 apud
1228 2586 1396 2622 Livium
1425 2584 1546 2620 alios·

176 2659 253 2695 que
272 2645 476 2694 scriptores
507 2658 637 2680 canere
667 2645 865 2683 dicuntur.
926 2647 1024 2688 Sed,
1054 2645 1098 2682 id
1130 2644 1238 2694 quod
1270 2654 1375 2679 recte
1409 2651 1548 2679 monet

237 2747 300 2784 16.
332 2743 506 2797 congestu
526 2746 738 2797 signorum.
777 2748 827 2786 cf.
859 2759 943 2787 not.
966 2750 1051 2786 crit.
