1779 3062
440 141 606 187 INST.
644 141 924 192 ORATOR.
962 145 1085 191 LIB.
1119 144 1215 198 XI,
1253 160 1299 203 5.
1447 159 1545 207 451

193 268 361 319 soluta
381 284 438 314 ac
463 267 616 334 velut
636 268 817 319 labens
840 270 1084 338 undique
1104 283 1240 338 toga.
1292 278 1413 343 Quo
1433 288 1621 330 mamm

192 346 272 410 gis
304 345 473 393 miror
502 344 639 392 hanc
665 359 883 411 quoque
912 348 1218 398 succurriffe
1240 352 1415 402 Plinio
1448 371 1540 403 cu—

188 439 320 479 ram,
359 431 422 470 ut
445 422 517 469 ita
538 420 752 470 sudario
774 421 1008 474 frontem
1028 424 1208 476 [iocari
1231 429 1453 490 juberet,
1469 447 1540 482 ne

192 515 372 548 comae
408 498 776 557 turbarentur,
814 517 944 565 quas
980 507 1234 571 componi
1262 505 1378 572 post
1409 525 1541 572 pau-

190 576 336 634 lum,
371 574 529 625 ficuti
567 574 795 641 dignum
828 588 963 635 erat,
1003 583 1234 644 graviter
1271 593 1322 630 et
1359 582 1541 636 severe

189 654 377 701 vetuit.
427 652 575 702 Mihi
603 671 733 703 vero
758 654 880 702 illae
905 672 1127 721 quoque
1151 659 1387 708 turbatae
1414 679 1542 726 prae

189 728 242 779 se
262 729 402 779 ferre
427 730 634 794 aliquid.
659 727 905 789 affectus,
943 742 996 779 et
1019 734 1128 798 ipsa
1152 735 1429 785 oblivione
1449 756 1542 787 cu-

189 824 277 857 rae
306 807 468 869 hujus
497 808 859 856 commendari
883 809 1154 859 videntur.
1235 815 1303 862 At
1333 812 1376 861 fi
1408 816 1621 875 inci-149

188 885 462 952 pientibus
494 895 586 933 aut
617 887 840 951 paulum
870 887 1142 954 progreffis
1173 887 1380 940 decidat
1404 901 1545 957 toga,

186 978 303 1011 non
340 978 599 1027 reponere
634 979 773 1021 eam,
811 962 1026 1029 prorsus
1065 966 1409 1031 negligentis,
1451 979 1545 1019 aut

185 1039 354 1105 pigri,
393 1049 485 1087 aut
505 1039 781 1104 quomodo
807 1040 993 1090 debeat
1019 1043 1226 1091 amiciri
1258 1043 1545 1096 nescientis

184 1114 273 1165 est.
352 1118 494 1164 Haeo
522 1115 646 1165 sunt
679 1119 769 1167 vel
798 1118 1182 1168 illustramenta
1216 1123 1544 1186 pronuncia-

182 1194 367 1252 tionis,
404 1194 493 1243 vel
518 1194 674 1244 vitia:
715 1196 914 1260 quibus
935 1196 1236 1263 propositis,
1258 1199 1426 1248 multa
1450 1217 1543 1248 co-

275 1342 366 1382 ¹48-
401 1348 567 1375 curatam
597 1347 638 1374 ut:
667 1339 799 1374 Turio.
831 1339 935 1376 Hor.
962 1339 1098 1390 siccari
1123 1344 1264 1376 viveret
1291 1340 1396 1380 Flor.
1429 1356 1543 1392 quam

184 1397 437 1442 componimus
457 1396 610 1444 paulum
627 1395 758 1431 Turio.
781 1395 885 1432 Flor.
912 1411 1020 1444 quam
1039 1413 1067 1434 c,
1086 1413 1123 1446 p.
1148 1413 1186 1445 p.
1221 1400 1355 1447 Camp.

278 1457 368 1500 149.
397 1455 435 1487 ἱιι
455 1452 685 1500 capientibus
705 1453 839 1488 Turic.
861 1453 1102 1500 instrumenta
1120 1457 1444 1502 pronunciationis
1461 1456 1541 1490 Tu-

184 1509 256 1545 ric.
275 1507 381 1545 Flor.
405 1521 495 1543 cum
526 1507 629 1544 Alm.
661 1508 791 1543 Habet
820 1511 904 1544 sane
927 1510 971 1545 in
993 1523 1072 1558 quo
1102 1511 1258 1546 haereas
1282 1508 1545 1557 illustramenci

182 1564 445 1605 vocabulum,
479 1565 586 1613 quod
620 1564 716 1599 alibi
746 1565 907 1613 quidem
931 1579 1011 1601 non
1036 1566 1236 1611 objicitur,
1270 1577 1308 1602 et
1341 1567 1458 1609 dicas,
1485 1570 1540 1602 in-

173 1620 379 1672 strumenta
402 1633 473 1669 pro
496 1621 673 1656 subsidiis
688 1620 758 1656 vel
777 1621 843 1657 hic
867 1622 973 1671 pos‘ffo
999 1622 1106 1656 ferri.
1166 1622 1307 1671 Aptius
1332 1634 1459 1658 tamen
1483 1626 1540 1658 ri-

183 1681 249 1715 tiis
275 1688 533 1727 opponuntur
559 1674 830 1725 illustramenta
844 1704 855 1718 ,
886 1691 983 1726 quae
1005 1680 1091 1714 sunt
1113 1678 1214 1714 dicta
1233 1692 1306 1728 pro
1328 1680 1540 1721 luminibus,

178 1747 225 1772 ut
245 1746 282 1771 et
304 1732 489 1783 illustrare
513 1735 732 1770 orationem
754 1741 793 1781 4,
818 1744 854 1778 3,
878 1741 916 1782 4.
952 1741 992 1780 8,
1015 1735 1054 1777 6,
1080 1742 1142 1782 ¹4·
1181 1748 1246 1776 ιι,
1279 1748 1314 1777 ι,
1343 1746 1380 1771 2.
1413 1760 1417 1762 v

240 1854 332 1893 148.
364 1861 410 1882 ne
431 1861 558 1882 comae
581 1847 829 1882 turbarentur.
886 1845 987 1895 „effe
1012 1861 1165 1895 corpore
1194 1848 1332 1883 inculto
1354 1858 1392 1884 et
1417 1850 1537 1886 borri-

178 1905 376 1948 „Videtur
395 1905 446 1940 ob
465 1905 508 1939 id
527 1904 653 1952 ipsum
666 1904 829 1938 vetuiss‘e
886 1904 973 1942 „dm
987 1905 1436 1952 capillafiorquamante,
1451 1907 1537 1941 bar-

179 1961 361 2004 „Piiuius
412 1961 576 1996 nimiam
626 1973 828 1996 comarum
886 1960 1032 2007 „Imque
1063 1963 1215 2005 majore,
1247 1962 1329 1996 Cic.
1356 1962 1400 1998 in
1427 1962 1536 2000 Rull.

177 2017 501 2067 ,‚negligentiam,
526 2030 575 2052 ne
600 2017 740 2052 deinde
762 2029 828 2051 cu·
884 2027 952 2057 ‚‚2,
975 2023 1042 2060 5.“
1065 2018 1265 2053 Gesnerus.

178 2089 251 2117 „ra
271 2074 458 2110 molliore
489 2085 527 2110 et
559 2072 755 2122 turpicula
786 2087 829 2108 ea

177 2131 416 2180 „reparanda
438 2131 539 2166 effet.
583 2130 709 2177 Quam
726 2129 827 2165 male
946 2135 1036 2178 149.
1058 2129 1163 2180 si—
1177 2131 1325 2166 decidat
1347 2141 1450 2179 toga.
1479 2130 1535 2168 Si-

176 2188 402 2229 „audierint
427 2186 625 2235 alioquin,
667 2186 738 2235 qui
768 2187 828 2221 ni·
884 2187 1097 2235 gnificatur
1125 2189 1226 2223 finus
1259 2202 1278 2222 a
1297 2188 1438 2224 dextro
1460 2188 1536 2224 hu-

175 2246 282 2286 „mis
319 2257 452 2280 comae
491 2243 704 2284 studerent,
755 2243 826 2292 qui
883 2256 993 2279 mero
1020 2243 1213 2280 delabens.

175 2316 275 2351 „uno
297 2302 432 2349 digito,
460 2314 510 2335 ne
533 2300 734 2336 turbarent
756 2299 825 2334 ali·
940 2297 1217 2347 illustramenta⁷
1248 2302 1294 2336 cf.
1329 2313 1411 2338 not.
1444 2303 1533 2340 crit.

174 2358 323 2406 „quid,
354 2366 464 2405 caput
486 2356 721 2406 sculperent,
753 2370 825 2392 no·
940 2357 1068 2405 quibus
1086 2356 1297 2406 propositis.
1317 2359 1532 2405 „Quorum

175 2426 290 2457 „tum
317 2414 410 2450 est.“
443 2414 508 2458 (cf.
533 2415 624 2451 Juv.
646 2426 684 2461 9,
713 2416 823 2461 155.)
881 2427 1000 2457 „cum
1032 2414 1149 2461 possit
1181 2425 1217 2449 et
1249 2414 1386 2450 debeat
1427 2414 1529 2450 dele·

174 2471 395 2513 „Turbatas
416 2482 544 2506 comas
577 2469 732 2517 affectus
753 2471 821 2505 ali-
878 2483 990 2512 „ctus
1022 2470 1163 2510 fieri;“
1203 2470 1248 2506 cf.
1285 2470 1386 2505 dicta
1421 2471 1468 2505 ad
1488 2480 1530 2514 5,

174 2528 403 2578 „quidprae
418 2525 566 2575 seferre
576 2527 717 2567 videri,
738 2540 819 2562 non
874 2534 917 2573 8,
944 2535 1008 2571 42.
1068 2528 1170 2562 Nam
1193 2538 1229 2561 et
1244 2526 1310 2561 hic
1332 2526 1531 2575 proposita

172 2583 406 2632 „ignorabat
429 2582 567 2618 Rullus
586 2582 665 2622 iste,
691 2584 761 2630 qui
779 2592 820 2618 ut:
875 2598 954 2620 non
974 2583 1022 2619 est
1032 2584 1241 2631 praeterito
1266 2593 1442 2631 tempore
1453 2597 1528 2619 nec

168 2641 434 2682 „denunciaret
464 2639 635 2675 omnibus
657 2642 732 2674 vim
756 2643 820 2675 tri·
876 2640 1059 2676 historice
1081 2639 1363 2688 accipiendum,
1386 2641 1448 2676 sed
1467 2653 1528 2675 ra-

163 2697 392 2741 „btmiciam,
424 2695 673 2732 meditabatur
701 2699 817 2733 etiam
874 2697 931 2733 tio
955 2697 1006 2732 est
1025 2710 1122 2746 quae
1146 2696 1247 2732 infra
1271 2705 1335 2737 12,
1371 2711 1406 2738 1,
1433 2706 1470 2742 5.

955 2775 1069 2813 Ff2
