1779 3062
268 181 368 232 453
593 172 669 218 M.
698 168 833 218 ΓΑΒ.
872 170 1287 233 QUINTILIANI

270 299 456 348 vultus
482 295 711 362 severus,
735 313 847 346 non
867 296 1114 357 moestus,
1136 315 1234 348 nec
1255 293 1484 366 stupens,
1514 316 1614 349 nec

272 373 584 440 languidus:
638 374 853 423 brachia
887 391 915 421 a
954 375 1111 423 latere
1142 375 1352 425 modice
1384 387 1612 426 remota:

272 468 463 501 manus
505 449 736 508 sinistra,
786 451 997 515 qualem
1038 450 1192 517 supra
1228 452 1612 503 demonstravi:

273 527 481 596 dextra⁷
524 545 646 577 cum
681 532 787 589 jam
823 527 1192 593 incipiendum
1228 530 1351 586 erit,
1389 531 1614 593 paulum

198 617 202 633 “’
272 606 476 672 prolata
502 604 638 653 ultra
661 603 837 653 finum
861 603 1007 669 gestu
1031 621 1191 669 quam
1217 603 1614 664 modestiffimo‚

197 683 424 733 ³60velut
445 691 721 748 expectans
747 680 961 744 quando
992 680 1362 746 incipiendum
1390 680 1464 730 sit.
1526 683 1614 731 Vi-

271 758 401 810 tiosa
443 760 587 806 enim
629 756 895 814 sumina,
932 758 1133 805 intueri
1162 758 1452 816 lacunaria,
1489 775 1610 825 per-

269 837 457 887 fricare
484 834 688 892 faciem,
711 845 763 883 et
784 831 928 899 quasi
947 834 1246 900 improbam
1269 832 1464 884 facere:
1495 845 1610 884 ten-

269 914 395 963 dere
428 911 750 962 confidentia
773 912 1014 969 vultum,
1053 921 1168 969 aut,
1210 929 1319 976 quo
1347 910 1413 960 sit
1444 912 1611 977 magis

268 1001 476 1047 torvus,
494 987 788 1054 superciliis
804 986 1111 1052 astringere:
1140 989 1357 1054 capillos
1381 1006 1410 1037 a
1431 987 1611 1038 fronte

269 1078 452 1116 contra
480 1076 720 1114 naturam
753 1074 1075 1129 retroagere,
1112 1075 1175 1113 ut
1209 1063 1275 1113 [it
1304 1065 1498 1115 horror
1519 1065 1613 1114 ille

268 1143 550 1192 terribilis:
593 1153 726 1198 tum,
745 1140 804 1188 id
825 1141 973 1206 quod
988 1142 1172 1189 Graeci
1193 1139 1612 1206 frequentissime

269 1220 490 1276 faciunt,
531 1218 715 1265 crebro
745 1216 1038 1281 digitorum
1062 1218 1437 1283 labiorumque
1458 1229 1612 1268 motu

269 1294 634 1352 commentari,
685 1293 820 1341 clare
858 1308 1115 1352 excreare,
1161 1293 1355 1362 pedem
1387 1295 1612 1345 alterum

361 1462 450 1500 160.
477 1460 674 1512 perfricari
704 1461 839 1498 Ambr.
873 1469 910 1496 2.
943 1460 1072 1498 Guelf.
1100 1462 1192 1498 Exc.
1225 1464 1377 1498 Santen.
1409 1460 1613 1500 eumVoff.

270 1533 309 1560 '1-
339 1531 377 1566 5.
405 1519 608 1570 perfricare
641 1519 760 1554 Goth.
792 1514 879 1570 (tac.
912 1518 1055 1563 Germ).
1086 1518 1345 1568 improbiorem
1367 1520 1499 1567 Camp.
1522 1531 1615 1554 cum

267 1579 389 1615 Andr.
441 1587 479 1611 et
515 1588 637 1623 marg.
681 1575 822 1611 Colon.
866 1573 1133 1622 confidentiam
1170 1575 1294 1610 volum
1335 1576 1465 1612 Turio.
1506 1574 1613 1610 Flor-

266 1634 539 1682 confidentiam
565 1647 599 1667 v.
633 1630 761 1666 Guels.
794 1631 926 1679 Camp.
959 1631 1098 1679 capillo
1125 1631 1260 1667 Ambr.
1276 1639 1315 1669 2.
1339 1640 1379 1666 uc
1395 1631 1432 1680 si
1453 1632 1488 1669 h.
1512 1631 1612 1670 Jens.

267 1691 385 1727 Tarv.
419 1686 715 1739 frequentffnze
758 1687 906 1723 omittit
937 1686 1063 1722 Guelf.
1094 1686 1334 1736 lahorumque
1366 1697 1506 1722 motum
1534 1688 1613 1723 Tu-

267 1747 337 1783 ric.
370 1746 473 1781 Flor.
507 1745 618 1793 prius
651 1745 765 1779 etiam
798 1744 931 1792 Camp.
961 1745 1060 1781 Jens.
1105 1745 1203 1787 (tac.
1234 1742 1378 1792 Gelu.)
1419 1745 1534 1779 Tarv.
1566 1744 1613 1779 li-

269 1803 486 1850 brorumque
526 1814 572 1835 m.
613 1799 743 1835 Guelf.
779 1800 875 1833 Exc.
917 1801 1069 1834 Santen.
1110 1799 1371 1849 labrorumque
1409 1814 1456 1835 m.
1491 1800 1610 1836 Goth.

267 1858 513 1906 (tac.›Gesn.)
550 1869 639 1892 cum
671 1853 773 1893 Vall.
802 1855 907 1893 Voss.
943 1866 979 1891 2.
1009 1854 1097 1891 Ald.
1126 1856 1246 1891 ridere
1273 1869 1346 1904 pro
1376 1857 1472 1891 clare
1495 1870 1613 1905 prava

267 1916 490 1962 conjectura
522 1913 617 1949 Obr.
651 1925 818 1946 excreare
856 1913 1045 1947 omittunt
1075 1912 1210 1948 Ambr.
1241 1921 1279 1948 2.
1322 1912 1449 1950 Guelf.
1487 1919 1616 1962 pacem

268 1980 468 2020 ——tegure
497 1968 629 2005 Turio.
659 1967 764 2004 Flor.
795 1969 987 2017 posterius
1017 1981 1107 2004 cum
1134 1967 1238 2005 Alm.

268 2106 361 2144 gato
384 2107 479 2130 mox
498 2093 716 2141 suspicatur.
777 2093 822 2127 In
854 2093 915 2128 de·
971 2105 1053 2129 non
1075 2086 1276 2134 lacunaria,
1308 2092 1385 2127 dici
1415 2093 1618 2139 jubentem.

269 2152 450 2188 mittendo
487 2148 628 2197 aliquis
659 2159 782 2184 tamen
808 2159 913 2185 actus
970 2163 1009 2198 p.
1029 2147 1178 2185 Putsch.
1205 2148 1326 2192 2246.
1386 2151 1433 2183 In
1467 2163 1508 2185 re
1537 2150 1617 2199 ipsa

239 2242 246 2248 ,
269 2208 322 2244 est
353 2206 540 2246 oratoris;
581 2205 650 2253 qui
679 2219 769 2240 cum
793 2207 914 2239 remic-
971 2206 1018 2243 cf.
1038 2204 1157 2254 praef.
1177 2204 1290 2240 nostr.
1305 2205 1616 2254 p.LXXXV111.

267 2268 315 2300 tit
345 2263 554 2303 humeros,
595 2262 725 2297 omnia
753 2271 913 2296 naturae

265 2320 470 2368 relinquit.
547 2317 798 2354 Contrarium
840 2317 911 2357 est,
958 2352 963 2356 ,
1027 2318 1149 2354 crebro
1165 2337 1218 2345 —-
1238 2325 1340 2353 motu
1364 2319 1613 2355 commentari.

269 2390 360 2412 cum
400 2376 450 2410 ad
489 2376 699 2423 occipitium
736 2373 916 2408 ducuntur
970 2375 1135 2423 Elegans
1194 2372 1495 2424 χαρακτηρισμός
1552 2373 1617 2409 de·

268 2434 410 2468 humeri
430 2432 462 2475 §.
491 2431 580 2466 160.
971 2431 1183 2467 monstrans
1218 2434 1334 2470 eum',
1362 2430 1432 2478 qui
1458 2430 1617 2477 jamjam

328 2489 475 2538 qualem
503 2505 560 2513 —
588 2482 844 2534 demonstravi.
880 2488 1150 2533 §.dicturus
1171 2487 1272 2527 astet,
1301 2486 1540 2523 inveniendo
1552 2486 1616 2520 ad-

274 2551 366 2593 142.
971 2544 1053 2579 huc
1083 2544 1277 2579 intentum
1306 2553 1343 2578 et
1380 2541 1616 2591 inspicienti·

333 2602 423 2637 160.
438 2600 638 2635 lacunaria.
652 2597 916 2634 Commodum
973 2600 1046 2636 bus
1081 2600 1274 2635 audituris
1311 2598 1525 2646 digitorum
1560 2596 1614 2631 la·

270 2657 498 2694 Passeratius
543 2656 711 2704 Caprum
756 2655 914 2690 demon·
975 2656 1212 2704 biorumque
1242 2665 1355 2691 motu
1383 2667 1477 2702 quae
1512 2652 1614 2689 intra

272 2714 359 2751 strat
379 2712 917 2764 Gramnmticum,laquearia,
972 2712 1007 2749 [e
1028 2713 1174 2762 cogitat
1195 2710 1510 2750 manifestantem.
