1779 3062
398 185 569 232 INST.
598 184 878 231 ORATOR.
916 186 1036 230 LIB.
1077 186 1150 230 XI
1161 219 1174 242 ‚
1207 197 1253 231 2.
1395 198 1493 245 291

148 329 326 365 rerum
349 329 406 360 ac
426 312 720 361 verborum
741 323 1050 362 contextum
1068 311 1240 378 sequi:
1269 323 1334 371 et,
1358 330 1493 379 quae

146 391 249 440 sint
281 390 343 438 ab
377 388 590 439 adversa
627 399 773 455 parte
811 389 975 447 dicta,
1025 389 1344 440 meminisse:
1394 409 1493 440 nec

144 470 336 532 utique
354 484 429 525 ea,
451 485 560 533 quo
586 467 726 515 dicta
747 465 869 514 funt
891 467 1096 524 ordine,
1121 467 1367 526 refutare,
1400 467 1491 517 fed

143 547 465 611 opportunis
488 546 619 594 locis
641 561 855 610 ponere.
909 544 1054 612 Quid
1071 546 1093 591 ἓ
1124 546 1491 610 extemporalis
1512 562 1538 598 5

144 624 314 686 oratio
346 639 445 671 nec
487 623 592 671 alio
633 623 770 670 mihi
806 620 1022 669 videtur
1063 623 1259 670 mentis
1305 623 1492 688 vigore

143 699 392 749 constare.
435 701 577 749 Nam
595 699 726 748 dum
750 699 851 747 alia
874 698 1120 756 dicimus,
1135 715 1271 763 quae
1293 699 1492 748 dicturi

142 775 345 835 sumus,
382 777 637 825 intuenda
659 776 792 826 sunt.
829 778 901 824 ita
922 793 1044 824 cum
1067 774 1271 841 semper
1298 778 1492 841 cogita-

139 855 215 904 tio
238 855 374 903 ultra
397 854 455 902 id
471 892 484 912 ,
526 853 676 919 quod
696 864 786 911 est,
826 854 1041 918 longius
1072 854 1291 917 quaerit,
1332 852 1490 918 quid-

139 931 274 996 quid
299 932 514 980 interim
535 934 747 997 reperit,
787 929 1189 995 quodammodo
1214 930 1358 995 apud
1380 947 1491 978 me-

137 1010 364 1058 moriam
392 1008 639 1074 deponit:
664 1008 813 1073 quod
833 1009 939 1065 illa,
965 1005 1113 1072 quasi
1133 1006 1308 1055 media
1330 1024 1490 1072 quae-

139 1084 261 1134 dam
295 1103 513 1144 manus,
568 1097 842 1153 acceptum
881 1086 943 1134 ab
983 1086 1301 1134 inventione
1331 1083 1491 1134 tradit

225 1239 262 1266 2.
292 1245 346 1272 ea,
371 1245 454 1281 quo.
489 1231 551 1266 Sic
563 1230 696 1266 Turic-
719 1230 847 1266 Guelf.
872 1231 1005 1278 Camp.
1032 1242 1119 1264 cum
1142 1229 1247 1266 Voss'.
1273 1239 1308 1264 2.
1331 1227 1431 1264 Vall.
1454 1238 1493 1264 et

140 1288 225 1324 edd.
257 1298 342 1323 ante
362 1288 449 1323 Ald.
473 1301 547 1323 acc.
571 1288 663 1323 Bad.
695 1302 739 1323 ea
763 1301 856 1335 quae
878 1287 983 1322 Flor.
1007 1299 1096 1321 cum
1121 1285 1239 1321 Goth.
1263 1284 1422 1334 Reliqui
1447 1298 1490 1321 eo

140 1358 223 1394 quo,
245 1345 462 1393 corrigente
487 1344 624 1392 Regio.

228 1433 265 1468 5.
296 1438 360 1458 nec
384 1423 475 1458 alio.
511 1423 573 1457 Sic
603 1421 734 1458 Turic.
759 1422 850 1467 (nisi
879 1421 985 1471 quod
1006 1423 1084 1457 alia
1108 1434 1194 1456 cum
1216 1419 1319 1455 Flor.
1343 1419 1494 1468 Guelf.)

140 1481 270 1518 Guelf.
292 1482 424 1529 Camp.
447 1493 535 1515 cum
559 1479 677 1517 Goth.
696 1480 802 1517 Voss.
826 1491 862 1514 2.
884 1478 985 1515 Vall.
1011 1478 1106 1513 Obr.
1131 1489 1168 1513 et
1194 1477 1278 1512 edd.
1301 1488 1387 1512 ante
1403 1475 1492 1514 Ald.

138 1537 301 1586 Reliqui
329 1551 404 1572 non
437 1553 473 1574 a.
708 1537 807 1570 ultra
827 1555 878 1562 —
903 1536 1059 1582 quaerit.
1084 1534 1217 1569 Turio.
1242 1532 1346 1568 Flor.
1366 1533 1449 1581 (hie
1471 1547 1493 1568 a

138 1609 198 1645 pr.
218 1596 289 1639 m.)
315 1594 408 1628 ultre
427 1594 477 1628 ad
500 1594 539 1628 id
562 1593 663 1644 quod
686 1593 808 1639 (Flor.
832 1594 945 1640 quae)
966 1606 994 1626 e.
1019 1592 1042 1625 l.
1068 1606 1101 1639 q.
1145 1592 1245 1624 Item
1267 1590 1388 1625 modo
1412 1591 1492 1625 Tu-

137 1653 208 1687 ric.
222 1650 369 1700 semper
387 1664 464 1698 per.
497 1652 635 1686 Fateor
654 1648 883 1685 insolentius
903 1648 1005 1681 mihi
1027 1647 1154 1683 videri
1174 1646 1323 1680 dictum
1339 1647 1377 1681 id
1389 1647 1492 1695 quocl

136 1707 187 1758 est
213 1721 285 1757 pro
314 1708 352 1741 id
382 1708 482 1756 quod
510 1704 635 1754 adest,
676 1708 715 1742 ιίἰ
736 1708 827 1740 circa
852 1705 949 1753 quod
977 1701 1025 1752 est
1047 1703 1124 1738 scil.
1149 1705 1344 1750 cogitatio.
1406 1705 1492 1739 Neo

137 1766 223 1801 fatis
258 1777 472 1812 congruere
506 1765 675 1798 arbitror
708 1763 970 1798 indicativum
1004 1775 1084 1795 cum
1115 1761 1284 1808 quaerit,·
1327 1759 1494 1795 debebat

139 1823 211 1857 effe
233 1822 319 1856 dam
348 1834 381 1868 q.
416 1820 476 1855 sed
505 1820 581 1855 hoc
603 1820 786 1860 alienum,
811 1819 900 1867 quia
930 1819 1049 1852 modo
1072 1816 1271 1865 praeceffit
1295 1817 1380 1850 dum
1403 1817 1493 1851 dici·

138 1892 227 1913 mus.
268 1878 330 1911 An
358 1876 457 1911 forte
490 1876 586 1911 haec
614 1875 766 1925 placere
797 1875 975 1924 possunt:
1023 1874 1121 1908 ultra
1148 1870 1203 1920 sit
1239 1880 1274 1906 et
1309 1873 1408 1920 quod
1441 1869 1493 1919 est*

138 1936 288 1982 longius
321 1936 508 1981 quaerut?
749 1934 907 1967 interim.
946 1930 1078 1965 Turic.
1111 1928 1214 1963 Flor.
1247 1937 1372 1963 autem
1402 1941 1492 1963 cum

139 1990 266 2032 Alm.;
313 1990 463 2025 omittit
483 1990 616 2038 Camp.
857 1989 954 2037 quod
978 1988 1056 2023 illa.
1081 1985 1212 2021 Turic.
1234 1984 1337 2019 Flor.
1360 1984 1489 2022 Guelf.

140 2062 210 2097 quo
239 2050 262 2085 i.
528 2048 754 2082 invencione.
776 2046 909 2081 Turio.
935 2044 1038 2080 Ποῖ.
1064 2041 1193 2079 Guelf.
1214 2042 1347 2090 Camp.
1369 2042 1490 2077 inten-

196 2181 234 2217 5.
296 2172 427 2224 Quid?
503 2169 781 2219 extemporalis.
842 2181 923 2204 ram
948 2168 1136 2204 deducere
1152 2163 1263 2201 malit
1280 2165 1424 2206 locum,
1448 2175 1492 2202 ut

138 2230 321 2267 Alienum
363 2230 519 2278 prorsus
561 2229 691 2280 Quid?
741 2228 784 2261 in
843 2227 919 2261 alio
936 2227 1207 2261 fiatneutrum.
1235 2226 1491 2258 Paruum-ecte

138 2289 250 2334 cujus
272 2287 437 2333 abrupto
461 2298 497 2321 et
520 2286 706 2321 subitario
726 2285 783 2319 di·
841 2282 928 2324 ille,
964 2296 1050 2318 cum
1084 2283 1178 2316 alius
1207 2282 1314 2327 vigor
1346 2279 1411 2313 hic
1445 2280 1492 2315 [it

139 2344 253 2378 cendi
270 2356 408 2391 genere
430 2355 545 2377 nemo
559 2343 783 2389 acquiescat.
842 2340 968 2376 dictus
1000 2352 1072 2388 pro
1107 2339 1185 2374 alia
1225 2338 1340 2370 animi
1364 2335 1490 2382 facul-

139 2400 278 2435 Malim
295 2400 419 2447 igitur
432 2400 542 2449 Quin.
558 2398 604 2433 cf.
620 2398 656 2439 6,
670 2410 705 2438 2,
721 2409 783 2434 12.
845 2405 921 2431 tate
950 2406 1100 2444 praeter
1125 2396 1340 2428 mentm-iam
1361 2393 1387 2427 i.
1414 2391 1492 2427 sola

141 2468 178 2496 2,
202 2464 239 2502 (4,
265 2464 301 2500 5.
334 2467 371 2495 2,
397 2465 433 2495 2,
462 2465 521 2498 15.
842 2454 1033 2488 memoria
1075 2451 1219 2486 constat
1247 2461 1491 2497 extempora-

193 2527 258 2547 πει·
293 2513 369 2547 alio
399 2511 424 2545 i.
446 2525 554 2551 „non
584 2509 714 2547 alio.“
737 2511 784 2547 cf,
843 2509 890 2545 lis
914 2511 1052 2545 oratio.

138 2569 338 2605 Drakenb.
376 2567 422 2602 ad
453 2569 542 2603 Liv.
567 2576 613 2610 5,
643 2578 714 2607 22,
749 2579 786 2612 7.
902 2569 1000 2601 ultra
1039 2583 1094 2592 —
1133 2564 1290 2614 quaerit.
1327 2563 1373 2598 cf.
1407 2572 1490 2601 not.

139 2627 385 2661 Burmannus
428 2625 629 2659 inserendo
676 2639 786 2673 quam
845 2623 927 2659 crit.

140 2682 224 2731 post
249 2684 393 2718 videtur
419 2681 464 2715 ad
492 2680 601 2715 illam
634 2681 679 2716 de
712 2695 785 2730 qua
901 2680 1241 2715 media—manus.
1272 2675 1492 2713 Rectissime

144 2739 267 2790 egerit
291 2739 396 2787 supra
422 2747 459 2780 2,
483 2744 518 2781 4,
544 2746 606 2781 ²5·
626 2738 785 2775 structu·
843 2741 1090 2775 Burmannus
1111 2733 1286 2770 conferre
1297 2734 1409 2781 jubet
1427 2743 1491 2777 22.

997 2815 1087 2851 ‘1¹2
