<?xml version="1.0" encoding="UTF-8"?>
<!DOCTYPE html PUBLIC "-//W3C//DTD XHTML 1.0 Transitional//EN"
    "http://www.w3.org/TR/xhtml1/DTD/xhtml1-transitional.dtd">
<html xmlns="http://www.w3.org/1999/xhtml" xml:lang="en" lang="en">
 <head>
  <title>
</title>
<meta http-equiv="Content-Type" content="text/html;charset=utf-8" />
  <meta name='ocr-system' content='tesseract 3.04.00' />
  <meta name='ocr-capabilities' content='ocr_page ocr_carea ocr_par ocr_line ocrx_word'/>
</head>
<body>
  <div class='ocr_page' id='page_1' title='image "./deinstitutioneor04quinuoft_0208.png"; bbox 0 0 1779 3062; ppageno 0'>
   <div class='ocr_carea' id='block_1_1' title="bbox 177 188 271 231">
    <p class='ocr_par' dir='ltr' id='par_1_1' title="bbox 177 188 271 231">
     <span class='ocr_line' id='line_1_1' title="bbox 177 188 271 231; baseline -0.011 -10"><span class='ocrx_word' id='word_1_1' title='bbox 177 188 271 231; x_wconf 72' lang='lat'>132</span> 
     </span>
    </p>
   </div>
   <div class='ocr_carea' id='block_1_2' title="bbox 496 177 1193 239">
    <p class='ocr_par' dir='ltr' id='par_1_2' title="bbox 496 177 1193 239">
     <span class='ocr_line' id='line_1_2' title="bbox 496 177 1193 239; baseline 0.003 -18"><span class='ocrx_word' id='word_1_2' title='bbox 496 177 572 221; x_wconf 88' lang='lat' dir='ltr'>M.</span> <span class='ocrx_word' id='word_1_3' title='bbox 604 178 738 222; x_wconf 72' lang='grc' dir='ltr'>ΕΑΒ.</span> <span class='ocrx_word' id='word_1_4' title='bbox 776 178 934 239; x_wconf 83' lang='lat' dir='ltr'><strong>QUIN</strong></span> <span class='ocrx_word' id='word_1_5' title='bbox 941 179 1193 223; x_wconf 86' lang='lat' dir='ltr'>TlLIANI</span> 
     </span>
    </p>
   </div>
   <div class='ocr_carea' id='block_1_3' title="bbox 100 302 1611 1062">
    <p class='ocr_par' dir='ltr' id='par_1_3' title="bbox 100 302 1611 1062">
     <span class='ocr_line' id='line_1_3' title="bbox 173 302 1520 371; baseline -0.001 -19"><span class='ocrx_word' id='word_1_6' title='bbox 173 304 432 367; x_wconf 77' lang='lat' dir='ltr'>aliquem,</span> <span class='ocrx_word' id='word_1_7' title='bbox 506 302 656 367; x_wconf 85' lang='lat' dir='ltr'>quod</span> <span class='ocrx_word' id='word_1_8' title='bbox 702 303 845 371; x_wconf 58' lang='lat' dir='ltr'>apud</span> <span class='ocrx_word' id='word_1_9' title='bbox 882 308 1103 366; x_wconf 83' lang='lat' dir='ltr'>majores</span> <span class='ocrx_word' id='word_1_10' title='bbox 1149 303 1274 352; x_wconf 80' lang='lat' dir='ltr'>fieri</span> <span class='ocrx_word' id='word_1_11' title='bbox 1308 302 1520 360; x_wconf 81' lang='lat' dir='ltr'>solebat,-</span> 
     </span>
     <span class='ocr_line' id='line_1_4' title="bbox 173 379 1520 445; baseline -0.001 -17"><span class='ocrx_word' id='word_1_12' title='bbox 173 381 399 444; x_wconf 77' lang='lat' dir='ltr'>defigat,</span> <span class='ocrx_word' id='word_1_13' title='bbox 421 396 582 443; x_wconf 86' lang='lat' dir='ltr'>quem</span> <span class='ocrx_word' id='word_1_14' title='bbox 607 379 867 445; x_wconf 79' lang='lat' dir='ltr'>sequatur,</span> <span class='ocrx_word' id='word_1_15' title='bbox 888 399 1049 445; x_wconf 85' lang='lat' dir='ltr'>quem</span> <span class='ocrx_word' id='word_1_16' title='bbox 1074 382 1338 439; x_wconf 88' lang='lat' dir='ltr'>imitetur;</span> <span class='ocrx_word' id='word_1_17' title='bbox 1380 380 1520 441; x_wconf 79' lang='lat' dir='ltr'>judi-</span> 
     </span>
     <span class='ocr_line' id='line_1_5' title="bbox 176 455 1521 523; baseline 0.002 -20"><span class='ocrx_word' id='word_1_18' title='bbox 176 457 269 505; x_wconf 86' lang='lat' dir='ltr'>ciis</span> <span class='ocrx_word' id='word_1_19' title='bbox 294 455 497 505; x_wconf 79' lang='lat' dir='ltr'>intersit</span> <span class='ocrx_word' id='word_1_20' title='bbox 533 474 691 521; x_wconf 84' lang='lat' dir='ltr'>quam</span> <span class='ocrx_word' id='word_1_21' title='bbox 724 459 985 523; x_wconf 83' lang='lat' dir='ltr'>plurimis,</span> <span class='ocrx_word' id='word_1_22' title='bbox 1026 468 1075 505; x_wconf 89' lang='lat' dir='ltr'>et</span> <span class='ocrx_word' id='word_1_23' title='bbox 1105 457 1170 506; x_wconf 77' lang='lat' dir='ltr'>sit</span> <span class='ocrx_word' id='word_1_24' title='bbox 1207 458 1521 515; x_wconf 81' lang='lat' dir='ltr'>certaminis,</span> 
     </span>
     <span class='ocr_line' id='line_1_6' title="bbox 100 532 1524 601; baseline 0.001 -22"><span class='ocrx_word' id='word_1_25' title='bbox 100 553 152 578; x_wconf 84' lang='lat'>20</span> <span class='ocrx_word' id='word_1_26' title='bbox 177 535 265 581; x_wconf 85' lang='lat' dir='ltr'>cui</span> <span class='ocrx_word' id='word_1_27' title='bbox 288 532 592 592; x_wconf 81' lang='lat' dir='ltr'>destinatur,</span> <span class='ocrx_word' id='word_1_28' title='bbox 621 534 871 600; x_wconf 80' lang='lat' dir='ltr'>frequens</span> <span class='ocrx_word' id='word_1_29' title='bbox 890 535 1158 601; x_wconf 81' lang='lat' dir='ltr'>spectator.</span> <span class='ocrx_word' id='word_1_30' title='bbox 1237 538 1379 582; x_wconf 89' lang='lat' dir='ltr'>Tum</span> <span class='ocrx_word' id='word_1_31' title='bbox 1403 551 1524 582; x_wconf 86' lang='lat' dir='ltr'>cau-</span> 
     </span>
     <span class='ocr_line' id='line_1_7' title="bbox 172 609 1522 678; baseline -0.001 -20"><span class='ocrx_word' id='word_1_32' title='bbox 172 610 249 659; x_wconf 80' lang='lat' dir='ltr'>sas</span> <span class='ocrx_word' id='word_1_33' title='bbox 270 612 357 659; x_wconf 84' lang='lat' dir='ltr'>vel</span> <span class='ocrx_word' id='word_1_34' title='bbox 380 611 602 669; x_wconf 83' lang='lat' dir='ltr'>easdem,</span> <span class='ocrx_word' id='word_1_35' title='bbox 643 629 772 677; x_wconf 83' lang='lat' dir='ltr'>quas</span> <span class='ocrx_word' id='word_1_36' title='bbox 794 615 877 678; x_wconf 80' lang='lat' dir='ltr'>agi</span> <span class='ocrx_word' id='word_1_37' title='bbox 903 612 1146 668; x_wconf 79' lang='lat' dir='ltr'>audierit,</span> <span class='ocrx_word' id='word_1_38' title='bbox 1185 609 1304 659; x_wconf 86' lang='lat' dir='ltr'>stilo</span> <span class='ocrx_word' id='word_1_39' title='bbox 1333 620 1384 657; x_wconf 88' lang='lat' dir='ltr'>et</span> <span class='ocrx_word' id='word_1_40' title='bbox 1412 609 1522 675; x_wconf 81' lang='lat' dir='ltr'>ipse</span> 
     </span>
     <span class='ocr_line' id='line_1_8' title="bbox 174 686 1524 757; baseline -0.003 -20"><span class='ocrx_word' id='word_1_41' title='bbox 174 699 482 754; x_wconf 83' lang='lat' dir='ltr'>componat,</span> <span class='ocrx_word' id='word_1_42' title='bbox 530 690 618 737; x_wconf 83' lang='lat' dir='ltr'>vel</span> <span class='ocrx_word' id='word_1_43' title='bbox 648 692 806 738; x_wconf 86' lang='lat' dir='ltr'>etiam</span> <span class='ocrx_word' id='word_1_44' title='bbox 835 691 984 746; x_wconf 72' lang='lat' dir='ltr'>alias,</span> <span class='ocrx_word' id='word_1_45' title='bbox 1040 705 1189 737; x_wconf 82' lang='lat' dir='ltr'>veras</span> <span class='ocrx_word' id='word_1_46' title='bbox 1221 686 1413 757; x_wconf 86' lang='lat' dir='ltr'>modo,</span> <span class='ocrx_word' id='word_1_47' title='bbox 1473 696 1524 734; x_wconf 86' lang='lat' dir='ltr'>et</span> 
     </span>
     <span class='ocr_line' id='line_1_9' title="bbox 171 763 1524 831; baseline -0.001 -17"><span class='ocrx_word' id='word_1_48' title='bbox 171 767 426 830; x_wconf 85' lang='lat' dir='ltr'>utrinque</span> <span class='ocrx_word' id='word_1_49' title='bbox 459 777 663 824; x_wconf 80' lang='lat' dir='ltr'>tractet,</span> <span class='ocrx_word' id='word_1_50' title='bbox 727 777 804 824; x_wconf 90' lang='lat' dir='ltr'>et,</span> <span class='ocrx_word' id='word_1_51' title='bbox 871 765 1019 831; x_wconf 82' lang='lat' dir='ltr'>quod</span> <span class='ocrx_word' id='word_1_52' title='bbox 1050 767 1109 814; x_wconf 85' lang='lat' dir='ltr'>in</span> <span class='ocrx_word' id='word_1_53' title='bbox 1143 763 1524 831; x_wconf 76' lang='lat' dir='ltr'>gladiatoribus</span> 
     </span>
     <span class='ocr_line' id='line_1_10' title="bbox 171 832 1611 900; baseline 0 -10"><span class='ocrx_word' id='word_1_54' title='bbox 171 841 295 891; x_wconf 81' lang='lat' dir='ltr'>fieri</span> <span class='ocrx_word' id='word_1_55' title='bbox 320 842 578 900; x_wconf 83' lang='lat' dir='ltr'>videmus,</span> <span class='ocrx_word' id='word_1_56' title='bbox 600 843 904 891; x_wconf 77' lang='lat' dir='ltr'>decretoriis</span> <span class='ocrx_word' id='word_1_57' title='bbox 927 853 1243 898; x_wconf 80' lang='lat' dir='ltr'>exerceatur,</span> <span class='ocrx_word' id='word_1_58' title='bbox 1265 852 1327 890; x_wconf 92' lang='lat' dir='ltr'>ut</span> <span class='ocrx_word' id='word_1_59' title='bbox 1345 838 1519 888; x_wconf 71' lang='lat' dir='ltr'>fecisse</span> <span class='ocrx_word' id='word_1_60' title='bbox 1533 832 1611 894; x_wconf 40' lang='lat'>9⁸46</span> 
     </span>
     <span class='ocr_line' id='line_1_11' title="bbox 171 917 1523 985; baseline -0.003 -16"><span class='ocrx_word' id='word_1_61' title='bbox 171 922 396 970; x_wconf 81' lang='lat' dir='ltr'>Brutum</span> <span class='ocrx_word' id='word_1_62' title='bbox 437 919 668 969; x_wconf 77' lang='lat' dir='ltr'>diximus</span> <span class='ocrx_word' id='word_1_63' title='bbox 706 938 804 985; x_wconf 77' lang='lat' dir='ltr'>pro</span> <span class='ocrx_word' id='word_1_64' title='bbox 847 921 1072 969; x_wconf 80' lang='lat' dir='ltr'>Milone.</span> <span class='ocrx_word' id='word_1_65' title='bbox 1152 919 1353 968; x_wconf 76' lang='lat' dir='ltr'>Melius</span> <span class='ocrx_word' id='word_1_66' title='bbox 1399 917 1523 975; x_wconf 85' lang='lat' dir='ltr'>hoc,</span> 
     </span>
     <span class='ocr_line' id='line_1_12' title="bbox 171 993 1525 1062; baseline -0.001 -18"><span class='ocrx_word' id='word_1_67' title='bbox 171 1013 334 1062; x_wconf 83' lang='lat' dir='ltr'>quam</span> <span class='ocrx_word' id='word_1_68' title='bbox 357 995 640 1045; x_wconf 80' lang='lat' dir='ltr'>rescribere</span> <span class='ocrx_word' id='word_1_69' title='bbox 662 998 931 1047; x_wconf 83' lang='lat' dir='ltr'>veteribus</span> <span class='ocrx_word' id='word_1_70' title='bbox 959 996 1304 1054; x_wconf 82' lang='lat' dir='ltr'>orationibus,</span> <span class='ocrx_word' id='word_1_71' title='bbox 1315 1005 1376 1044; x_wconf 88' lang='lat' dir='ltr'>ut</span> <span class='ocrx_word' id='word_1_72' title='bbox 1398 993 1525 1043; x_wconf 84' lang='lat' dir='ltr'>fecit</span> 
     </span>
    </p>
   </div>
   <div class='ocr_carea' id='block_1_4' title="bbox 168 1170 1531 2066">
    <p class='ocr_par' dir='ltr' id='par_1_4' title="bbox 169 1170 1525 1331">
     <span class='ocr_line' id='line_1_13' title="bbox 171 1170 1523 1221; baseline 0 -15"><span class='ocrx_word' id='word_1_73' title='bbox 171 1183 209 1207; x_wconf 90' lang='lat' dir='ltr'>et</span> <span class='ocrx_word' id='word_1_74' title='bbox 228 1170 333 1207; x_wconf 87' lang='lat' dir='ltr'>Flor.</span> <span class='ocrx_word' id='word_1_75' title='bbox 364 1172 466 1208; x_wconf 86' lang='lat' dir='ltr'>Alm.</span> <span class='ocrx_word' id='word_1_76' title='bbox 499 1172 616 1208; x_wconf 88' lang='lat' dir='ltr'>Goth.</span> <span class='ocrx_word' id='word_1_77' title='bbox 639 1173 745 1210; x_wconf 77' lang='lat' dir='ltr'>Voss.</span> <span class='ocrx_word' id='word_1_78' title='bbox 769 1182 806 1209; x_wconf 79' lang='lat'>2.</span> <span class='ocrx_word' id='word_1_79' title='bbox 1032 1172 1236 1221; x_wconf 80' lang='lat' dir='ltr'>spectator.</span> <span class='ocrx_word' id='word_1_80' title='bbox 1273 1172 1367 1208; x_wconf 88' lang='lat' dir='ltr'>Tum</span> <span class='ocrx_word' id='word_1_81' title='bbox 1387 1171 1523 1220; x_wconf 79' lang='lat' dir='ltr'>causas.</span> 
     </span>
     <span class='ocr_line' id='line_1_14' title="bbox 169 1228 1525 1279; baseline -0.001 -16"><span class='ocrx_word' id='word_1_82' title='bbox 169 1228 304 1264; x_wconf 78' lang='lat' dir='ltr'>Turio.</span> <span class='ocrx_word' id='word_1_83' title='bbox 336 1229 439 1264; x_wconf 84' lang='lat' dir='ltr'>Flor.</span> <span class='ocrx_word' id='word_1_84' title='bbox 473 1229 720 1277; x_wconf 70' lang='lat' dir='ltr'>spectatorem</span> <span class='ocrx_word' id='word_1_85' title='bbox 754 1228 881 1279; x_wconf 80' lang='lat' dir='ltr'>causis.</span> <span class='ocrx_word' id='word_1_86' title='bbox 930 1228 1003 1263; x_wconf 84' lang='lat' dir='ltr'>Ille</span> <span class='ocrx_word' id='word_1_87' title='bbox 1034 1244 1054 1263; x_wconf 78' lang='lat' dir='ltr'>a</span> <span class='ocrx_word' id='word_1_88' title='bbox 1085 1229 1152 1265; x_wconf 86' lang='lat' dir='ltr'>sec.</span> <span class='ocrx_word' id='word_1_89' title='bbox 1182 1242 1234 1264; x_wconf 88' lang='lat' dir='ltr'>m.</span> <span class='ocrx_word' id='word_1_90' title='bbox 1262 1228 1454 1278; x_wconf 76' lang='lat' dir='ltr'>spectator</span> <span class='ocrx_word' id='word_1_91' title='bbox 1487 1230 1525 1263; x_wconf 81' lang='grc' dir='ltr'>ἱη</span> 
     </span>
     <span class='ocr_line' id='line_1_15' title="bbox 169 1283 599 1331; baseline 0 -13"><span class='ocrx_word' id='word_1_92' title='bbox 169 1283 296 1331; x_wconf 81' lang='lat' dir='ltr'>causis,</span> <span class='ocrx_word' id='word_1_93' title='bbox 329 1285 393 1319; x_wconf 86' lang='lat' dir='ltr'>hic</span> <span class='ocrx_word' id='word_1_94' title='bbox 415 1286 599 1320; x_wconf 74' lang='lat' dir='ltr'>nostrum.</span> 
     </span>
    </p>

    <p class='ocr_par' dir='ltr' id='par_1_5' title="bbox 168 1340 1531 2066">
     <span class='ocr_line' id='line_1_16' title="bbox 259 1340 1524 1390; baseline 0.002 -16"><span class='ocrx_word' id='word_1_95' title='bbox 259 1351 322 1377; x_wconf 81' lang='lat'>20.</span> <span class='ocrx_word' id='word_1_96' title='bbox 355 1342 413 1376; x_wconf 81' lang='lat' dir='ltr'>vel</span> <span class='ocrx_word' id='word_1_97' title='bbox 436 1343 546 1376; x_wconf 77' lang='lat' dir='ltr'>etiam</span> <span class='ocrx_word' id='word_1_98' title='bbox 568 1342 676 1376; x_wconf 83' lang='lat' dir='ltr'>alias.</span> <span class='ocrx_word' id='word_1_99' title='bbox 709 1341 843 1376; x_wconf 81' lang='lat' dir='ltr'>Turic.</span> <span class='ocrx_word' id='word_1_100' title='bbox 875 1340 980 1377; x_wconf 83' lang='lat' dir='ltr'>Flor.</span> <span class='ocrx_word' id='word_1_101' title='bbox 1004 1340 1074 1390; x_wconf 82' lang='lat' dir='ltr'>sed</span> <span class='ocrx_word' id='word_1_102' title='bbox 1094 1355 1128 1376; x_wconf 83' lang='lat' dir='ltr'>v.</span> <span class='ocrx_word' id='word_1_103' title='bbox 1151 1355 1181 1378; x_wconf 84' lang='grc' dir='ltr'>ε.</span> <span class='ocrx_word' id='word_1_104' title='bbox 1212 1342 1308 1377; x_wconf 84' lang='lat' dir='ltr'>alias</span> <span class='ocrx_word' id='word_1_105' title='bbox 1335 1342 1395 1377; x_wconf 84' lang='lat' dir='ltr'>vel</span> <span class='ocrx_word' id='word_1_106' title='bbox 1417 1341 1524 1377; x_wconf 73' lang='lat' dir='ltr'>alias.</span> 
     </span>
     <span class='ocr_line' id='line_1_17' title="bbox 169 1396 1526 1446; baseline 0.002 -16"><span class='ocrx_word' id='word_1_107' title='bbox 169 1397 248 1431; x_wconf 80' lang='lat' dir='ltr'>Hic</span> <span class='ocrx_word' id='word_1_108' title='bbox 267 1397 470 1433; x_wconf 70' lang='lat' dir='ltr'>novissima</span> <span class='ocrx_word' id='word_1_109' title='bbox 493 1399 571 1432; x_wconf 88' lang='lat' dir='ltr'>duo</span> <span class='ocrx_word' id='word_1_110' title='bbox 594 1396 784 1432; x_wconf 79' lang='lat' dir='ltr'>vocabula</span> <span class='ocrx_word' id='word_1_111' title='bbox 807 1396 913 1432; x_wconf 84' lang='lat' dir='ltr'>tollit</span> <span class='ocrx_word' id='word_1_112' title='bbox 939 1399 1005 1432; x_wconf 87' lang='lat' dir='ltr'>sec.</span> <span class='ocrx_word' id='word_1_113' title='bbox 1027 1411 1078 1432; x_wconf 88' lang='lat' dir='ltr'>m.</span> <span class='ocrx_word' id='word_1_114' title='bbox 1345 1400 1526 1446; x_wconf 75' lang='lat' dir='ltr'>utrinque.</span> 
     </span>
     <span class='ocr_line' id='line_1_18' title="bbox 172 1447 1527 1504; baseline 0.002 -18"><span class='ocrx_word' id='word_1_115' title='bbox 172 1454 304 1489; x_wconf 74' lang='lat' dir='ltr'>Turio.</span> <span class='ocrx_word' id='word_1_116' title='bbox 327 1454 431 1490; x_wconf 84' lang='lat' dir='ltr'>Flor.</span> <span class='ocrx_word' id='word_1_117' title='bbox 455 1454 581 1491; x_wconf 83' lang='lat' dir='ltr'>Guelf.</span> <span class='ocrx_word' id='word_1_118' title='bbox 615 1455 747 1502; x_wconf 75' lang='lat' dir='ltr'>Camp.</span> <span class='ocrx_word' id='word_1_119' title='bbox 780 1463 970 1504; x_wconf 71' lang='lat' dir='ltr'>utrumque</span> <span class='ocrx_word' id='word_1_120' title='bbox 1003 1468 1090 1489; x_wconf 87' lang='lat' dir='ltr'>cum</span> <span class='ocrx_word' id='word_1_121' title='bbox 1113 1454 1234 1489; x_wconf 86' lang='lat' dir='ltr'>Goth.</span> <span class='ocrx_word' id='word_1_122' title='bbox 1266 1466 1304 1490; x_wconf 80' lang='lat' dir='ltr'>et</span> <span class='ocrx_word' id='word_1_123' title='bbox 1324 1455 1408 1491; x_wconf 86' lang='lat' dir='ltr'>edd.</span> <span class='ocrx_word' id='word_1_124' title='bbox 1440 1447 1527 1490; x_wconf 80' lang='lat' dir='ltr'>ante</span> 
     </span>
     <span class='ocr_line' id='line_1_19' title="bbox 172 1504 1526 1559; baseline 0.002 -15"><span class='ocrx_word' id='word_1_125' title='bbox 172 1510 323 1559; x_wconf 81' lang='lat' dir='ltr'>Gryph.</span> <span class='ocrx_word' id='word_1_126' title='bbox 558 1511 779 1545; x_wconf 77' lang='lat' dir='ltr'>decretoriis.</span> <span class='ocrx_word' id='word_1_127' title='bbox 807 1511 938 1545; x_wconf 85' lang='lat' dir='ltr'>Turio.</span> <span class='ocrx_word' id='word_1_128' title='bbox 969 1504 1282 1546; x_wconf 64' lang='lat' dir='ltr'>ai—-clelectoris</span> <span class='ocrx_word' id='word_1_129' title='bbox 1302 1510 1372 1556; x_wconf 85' lang='lat' dir='ltr'>(cf.</span> <span class='ocrx_word' id='word_1_130' title='bbox 1393 1515 1428 1559; x_wconf 78' lang='lat'>§-</span> <span class='ocrx_word' id='word_1_131' title='bbox 1462 1522 1526 1547; x_wconf 82' lang='lat'>12.</span> 
     </span>
     <span class='ocr_line' id='line_1_20' title="bbox 168 1565 1529 1615; baseline 0.001 -15"><span class='ocrx_word' id='word_1_132' title='bbox 168 1565 231 1600; x_wconf 81' lang='lat' dir='ltr'>sed</span> <span class='ocrx_word' id='word_1_133' title='bbox 272 1567 367 1614; x_wconf 86' lang='lat' dir='ltr'>quid</span> <span class='ocrx_word' id='word_1_134' title='bbox 403 1566 462 1602; x_wconf 82' lang='lat' dir='ltr'>ibi</span> <span class='ocrx_word' id='word_1_135' title='bbox 491 1567 536 1602; x_wconf 80' lang='lat' dir='ltr'>sit</span> <span class='ocrx_word' id='word_1_136' title='bbox 570 1565 736 1602; x_wconf 79' lang='lat' dir='ltr'>lineolae</span> <span class='ocrx_word' id='word_1_137' title='bbox 766 1567 990 1613; x_wconf 79' lang='lat' dir='ltr'>interjectae</span> <span class='ocrx_word' id='word_1_138' title='bbox 1023 1579 1102 1601; x_wconf 87' lang='lat' dir='ltr'>non</span> <span class='ocrx_word' id='word_1_139' title='bbox 1138 1570 1315 1615; x_wconf 80' lang='lat' dir='ltr'>exputo).</span> <span class='ocrx_word' id='word_1_140' title='bbox 1346 1567 1450 1603; x_wconf 85' lang='lat' dir='ltr'>Flor.</span> <span class='ocrx_word' id='word_1_141' title='bbox 1481 1567 1529 1602; x_wconf 81' lang='lat' dir='ltr'>de</span> 
     </span>
     <span class='ocr_line' id='line_1_21' title="bbox 169 1622 1527 1673; baseline 0.002 -19"><span class='ocrx_word' id='word_1_142' title='bbox 169 1622 319 1657; x_wconf 67' lang='lat' dir='ltr'>lectoris</span> <span class='ocrx_word' id='word_1_143' title='bbox 346 1636 435 1658; x_wconf 87' lang='lat' dir='ltr'>cum</span> <span class='ocrx_word' id='word_1_144' title='bbox 476 1622 574 1658; x_wconf 80' lang='lat' dir='ltr'>Alm.</span> <span class='ocrx_word' id='word_1_145' title='bbox 610 1622 698 1664; x_wconf 79' lang='lat' dir='ltr'>(ubi</span> <span class='ocrx_word' id='word_1_146' title='bbox 732 1633 859 1657; x_wconf 80' lang='lat' dir='ltr'>tamen</span> <span class='ocrx_word' id='word_1_147' title='bbox 888 1623 964 1658; x_wconf 87' lang='lat' dir='ltr'>hoc</span> <span class='ocrx_word' id='word_1_148' title='bbox 997 1623 1067 1657; x_wconf 75' lang='lat' dir='ltr'>ess&#39;e</span> <span class='ocrx_word' id='word_1_149' title='bbox 1096 1634 1273 1658; x_wconf 81' lang='lat' dir='ltr'>narratur</span> <span class='ocrx_word' id='word_1_150' title='bbox 1308 1637 1382 1673; x_wconf 86' lang='lat' dir='ltr'>pro</span> <span class='ocrx_word' id='word_1_151' title='bbox 1419 1624 1527 1659; x_wconf 80' lang='lat' dir='ltr'>varia</span> 
     </span>
     <span class='ocr_line' id='line_1_22' title="bbox 168 1676 1527 1721; baseline 0.003 -10"><span class='ocrx_word' id='word_1_152' title='bbox 168 1676 358 1721; x_wconf 81' lang='lat' dir='ltr'>lectione)</span> <span class='ocrx_word' id='word_1_153' title='bbox 379 1693 397 1713; x_wconf 84' lang='lat' dir='ltr'>a</span> <span class='ocrx_word' id='word_1_154' title='bbox 420 1681 487 1714; x_wconf 85' lang='lat' dir='ltr'>see.</span> <span class='ocrx_word' id='word_1_155' title='bbox 511 1692 564 1713; x_wconf 82' lang='lat' dir='ltr'>m.</span> <span class='ocrx_word' id='word_1_156' title='bbox 590 1680 634 1712; x_wconf 79' lang='lat' dir='ltr'>de</span> <span class='ocrx_word' id='word_1_157' title='bbox 656 1679 856 1719; x_wconf 68' lang='lat' dir='ltr'>rhetoricis,</span> <span class='ocrx_word' id='word_1_158' title='bbox 890 1692 978 1713; x_wconf 88' lang='lat' dir='ltr'>cum</span> <span class='ocrx_word' id='word_1_159' title='bbox 999 1680 1113 1714; x_wconf 72' lang='lat' dir='ltr'>Tarv.</span> <span class='ocrx_word' id='word_1_160' title='bbox 1140 1679 1225 1714; x_wconf 81' lang='lat' dir='ltr'>Ald.</span> <span class='ocrx_word' id='word_1_161' title='bbox 1251 1681 1344 1715; x_wconf 80' lang='lat' dir='ltr'>Bad.</span> <span class='ocrx_word' id='word_1_162' title='bbox 1380 1681 1426 1715; x_wconf 83' lang='lat' dir='ltr'>de</span> <span class='ocrx_word' id='word_1_163' title='bbox 1447 1681 1527 1714; x_wconf 82' lang='lat' dir='ltr'>rhe-</span> 
     </span>
     <span class='ocr_line' id='line_1_23' title="bbox 171 1735 1529 1782; baseline 0.003 -14"><span class='ocrx_word' id='word_1_164' title='bbox 171 1737 276 1769; x_wconf 64' lang='lat' dir='ltr'>tor-iis</span> <span class='ocrx_word' id='word_1_165' title='bbox 297 1735 425 1771; x_wconf 84' lang='lat' dir='ltr'>Guelf.</span> <span class='ocrx_word' id='word_1_166' title='bbox 460 1748 547 1769; x_wconf 87' lang='lat' dir='ltr'>cum</span> <span class='ocrx_word' id='word_1_167' title='bbox 569 1735 666 1772; x_wconf 82' lang='lat' dir='ltr'>Jens.</span> <span class='ocrx_word' id='word_1_168' title='bbox 699 1740 787 1778; x_wconf 81' lang='lat' dir='ltr'>(tac.</span> <span class='ocrx_word' id='word_1_169' title='bbox 809 1736 938 1782; x_wconf 84' lang='lat' dir='ltr'>Gesn.)</span> <span class='ocrx_word' id='word_1_170' title='bbox 967 1737 1061 1770; x_wconf 90' lang='lat' dir='ltr'>Loc.</span> <span class='ocrx_word' id='word_1_171' title='bbox 1095 1738 1193 1773; x_wconf 85' lang='lat' dir='ltr'>Ven.</span> <span class='ocrx_word' id='word_1_172' title='bbox 1228 1738 1336 1773; x_wconf 82' lang='lat' dir='ltr'>Ruso.</span> <span class='ocrx_word' id='word_1_173' title='bbox 1368 1738 1529 1772; x_wconf 77' lang='lat' dir='ltr'>retiariis</span> 
     </span>
     <span class='ocr_line' id='line_1_24' title="bbox 171 1791 1526 1841; baseline 0.002 -16"><span class='ocrx_word' id='word_1_174' title='bbox 171 1791 282 1826; x_wconf 70' lang='lat' dir='ltr'>Eam.</span> <span class='ocrx_word' id='word_1_175' title='bbox 308 1806 395 1826; x_wconf 88' lang='lat' dir='ltr'>cum</span> <span class='ocrx_word' id='word_1_176' title='bbox 419 1792 594 1839; x_wconf 84' lang='lat' dir='ltr'>margine</span> <span class='ocrx_word' id='word_1_177' title='bbox 623 1791 720 1827; x_wconf 84' lang='lat' dir='ltr'>Cod.</span> <span class='ocrx_word' id='word_1_178' title='bbox 747 1791 844 1827; x_wconf 76' lang='lat' dir='ltr'>Vall.</span> <span class='ocrx_word' id='word_1_179' title='bbox 867 1793 926 1827; x_wconf 79' lang='lat' dir='ltr'>vel</span> <span class='ocrx_word' id='word_1_180' title='bbox 948 1793 1154 1827; x_wconf 74' lang='lat' dir='ltr'>directoriis</span> <span class='ocrx_word' id='word_1_181' title='bbox 1179 1793 1311 1841; x_wconf 84' lang='lat' dir='ltr'>Camp.</span> <span class='ocrx_word' id='word_1_182' title='bbox 1344 1794 1390 1828; x_wconf 77' lang='lat' dir='ltr'>cle</span> <span class='ocrx_word' id='word_1_183' title='bbox 1411 1802 1526 1829; x_wconf 80' lang='lat' dir='ltr'>recto-</span> 
     </span>
     <span class='ocr_line' id='line_1_25' title="bbox 172 1848 1531 1896; baseline 0.004 -16"><span class='ocrx_word' id='word_1_184' title='bbox 172 1848 237 1881; x_wconf 79' lang='lat' dir='ltr'>riis</span> <span class='ocrx_word' id='word_1_185' title='bbox 268 1848 367 1885; x_wconf 84' lang='lat' dir='ltr'>Vall.</span> <span class='ocrx_word' id='word_1_186' title='bbox 405 1862 424 1883; x_wconf 81' lang='lat' dir='ltr'>a</span> <span class='ocrx_word' id='word_1_187' title='bbox 454 1862 511 1896; x_wconf 82' lang='lat' dir='ltr'>pr.</span> <span class='ocrx_word' id='word_1_188' title='bbox 550 1861 601 1882; x_wconf 86' lang='lat' dir='ltr'>m.</span> <span class='ocrx_word' id='word_1_189' title='bbox 640 1849 675 1881; x_wconf 88' lang='lat' dir='ltr'>in</span> <span class='ocrx_word' id='word_1_190' title='bbox 706 1848 917 1882; x_wconf 77' lang='lat' dir='ltr'>dereceoriis</span> <span class='ocrx_word' id='word_1_191' title='bbox 946 1849 1051 1885; x_wconf 81' lang='lat' dir='ltr'>Voff.</span> <span class='ocrx_word' id='word_1_192' title='bbox 1081 1863 1114 1884; x_wconf 80' lang='grc' dir='ltr'>ι.</span> <span class='ocrx_word' id='word_1_193' title='bbox 1140 1859 1176 1893; x_wconf 80' lang='lat'>3.</span> <span class='ocrx_word' id='word_1_194' title='bbox 1210 1851 1322 1886; x_wconf 79' lang='lat' dir='ltr'>Bern.</span> <span class='ocrx_word' id='word_1_195' title='bbox 1351 1850 1431 1894; x_wconf 81' lang='lat' dir='ltr'>(sed</span> <span class='ocrx_word' id='word_1_196' title='bbox 1464 1850 1531 1885; x_wconf 81' lang='lat' dir='ltr'>hic</span> 
     </span>
     <span class='ocr_line' id='line_1_26' title="bbox 173 1903 1529 1953; baseline 0.004 -16"><span class='ocrx_word' id='word_1_197' title='bbox 173 1903 328 1940; x_wconf 76' lang='lat' dir='ltr'>fortasse</span> <span class='ocrx_word' id='word_1_198' title='bbox 359 1905 437 1940; x_wconf 85' lang='lat' dir='ltr'>[ine</span> <span class='ocrx_word' id='word_1_199' title='bbox 473 1906 538 1947; x_wconf 87' lang='lat' dir='ltr'>in).</span> <span class='ocrx_word' id='word_1_200' title='bbox 576 1906 610 1937; x_wconf 85' lang='lat' dir='ltr'>in</span> <span class='ocrx_word' id='word_1_201' title='bbox 633 1904 738 1938; x_wconf 77' lang='lat' dir='ltr'>rebus</span> <span class='ocrx_word' id='word_1_202' title='bbox 771 1906 862 1938; x_wconf 73' lang='lat' dir='ltr'>accis</span> <span class='ocrx_word' id='word_1_203' title='bbox 898 1904 1047 1953; x_wconf 82' lang='lat' dir='ltr'>Gryph.</span> <span class='ocrx_word' id='word_1_204' title='bbox 1079 1908 1201 1941; x_wconf 81' lang='lat' dir='ltr'>Stoer.</span> <span class='ocrx_word' id='word_1_205' title='bbox 1225 1906 1392 1942; x_wconf 87' lang='lat' dir='ltr'>Chouet.</span> <span class='ocrx_word' id='word_1_206' title='bbox 1415 1907 1529 1942; x_wconf 81' lang='lat' dir='ltr'>Leid-</span> 
     </span>
     <span class='ocr_line' id='line_1_27' title="bbox 175 1959 1527 2001; baseline 0.002 -7"><span class='ocrx_word' id='word_1_207' title='bbox 175 1959 278 1995; x_wconf 87' lang='lat' dir='ltr'>Gibs.</span> <span class='ocrx_word' id='word_1_208' title='bbox 316 1961 463 1996; x_wconf 80' lang='lat' dir='ltr'>Rollin.</span> <span class='ocrx_word' id='word_1_209' title='bbox 500 1962 638 1995; x_wconf 74' lang='lat' dir='ltr'>dextris</span> <span class='ocrx_word' id='word_1_210' title='bbox 672 1969 707 1994; x_wconf 72' lang='lat' dir='ltr'>et</span> <span class='ocrx_word' id='word_1_211' title='bbox 741 1961 857 1995; x_wconf 73' lang='lat' dir='ltr'>laevis</span> <span class='ocrx_word' id='word_1_212' title='bbox 894 1961 989 1997; x_wconf 88' lang='lat' dir='ltr'>Obr.</span> <span class='ocrx_word' id='word_1_213' title='bbox 1022 1962 1205 1997; x_wconf 81' lang='lat' dir='ltr'>Nostrum</span> <span class='ocrx_word' id='word_1_214' title='bbox 1239 1973 1397 1998; x_wconf 88' lang='lat' dir='ltr'>tuentur</span> <span class='ocrx_word' id='word_1_215' title='bbox 1426 1962 1527 2001; x_wconf 86' lang='lat' dir='ltr'>Vall.</span> 
     </span>
     <span class='ocr_line' id='line_1_28' title="bbox 175 2016 1530 2066; baseline 0.003 -15"><span class='ocrx_word' id='word_1_216' title='bbox 175 2019 213 2058; x_wconf 84' lang='lat' dir='ltr'>(a</span> <span class='ocrx_word' id='word_1_217' title='bbox 247 2018 315 2053; x_wconf 84' lang='lat' dir='ltr'>[ec.</span> <span class='ocrx_word' id='word_1_218' title='bbox 346 2020 420 2066; x_wconf 84' lang='lat' dir='ltr'>m.)</span> <span class='ocrx_word' id='word_1_219' title='bbox 463 2018 564 2056; x_wconf 77' lang='lat' dir='ltr'>Voff.</span> <span class='ocrx_word' id='word_1_220' title='bbox 602 2028 637 2052; x_wconf 86' lang='lat'>2.</span> <span class='ocrx_word' id='word_1_221' title='bbox 685 2016 804 2052; x_wconf 87' lang='lat' dir='ltr'>Goth.</span> <span class='ocrx_word' id='word_1_222' title='bbox 843 2028 879 2052; x_wconf 72' lang='lat' dir='ltr'>et</span> <span class='ocrx_word' id='word_1_223' title='bbox 910 2020 976 2053; x_wconf 88' lang='lat' dir='ltr'>[uo</span> <span class='ocrx_word' id='word_1_224' title='bbox 1012 2018 1173 2066; x_wconf 70' lang='lat' dir='ltr'>ingenio</span> <span class='ocrx_word' id='word_1_225' title='bbox 1209 2019 1299 2054; x_wconf 81' lang='lat' dir='ltr'>Nic.</span> <span class='ocrx_word' id='word_1_226' title='bbox 1334 2020 1456 2056; x_wconf 78' lang='lat' dir='ltr'>Faber</span> <span class='ocrx_word' id='word_1_227' title='bbox 1483 2020 1530 2055; x_wconf 84' lang='lat' dir='ltr'>ad</span> 
     </span>
    </p>
   </div>
   <div class='ocr_carea' id='block_1_5' title="bbox 178 2073 1530 2124">
    <p class='ocr_par' dir='ltr' id='par_1_6' title="bbox 178 2073 1530 2124">
     <span class='ocr_line' id='line_1_29' title="bbox 178 2073 1530 2124; baseline 0.001 -15"><span class='ocrx_word' id='word_1_228' title='bbox 178 2076 373 2110; x_wconf 78' lang='lat' dir='ltr'>Senecam.</span> <span class='ocrx_word' id='word_1_229' title='bbox 607 2073 846 2109; x_wconf 81' lang='lat' dir='ltr'>orationibus.</span> <span class='ocrx_word' id='word_1_230' title='bbox 871 2075 1003 2124; x_wconf 83' lang='lat' dir='ltr'>Camp.</span> <span class='ocrx_word' id='word_1_231' title='bbox 1029 2075 1246 2112; x_wconf 74' lang='lat' dir='ltr'>accionibus.</span> <span class='ocrx_word' id='word_1_232' title='bbox 1270 2076 1317 2110; x_wconf 89' lang='lat' dir='ltr'>cf.</span> <span class='ocrx_word' id='word_1_233' title='bbox 1340 2082 1379 2123; x_wconf 78' lang='lat'>4,</span> <span class='ocrx_word' id='word_1_234' title='bbox 1408 2090 1441 2115; x_wconf 83' lang='lat'>1,</span> <span class='ocrx_word' id='word_1_235' title='bbox 1463 2085 1530 2120; x_wconf 80' lang='lat'>52.</span> 
     </span>
    </p>
   </div>
   <div class='ocr_carea' id='block_1_6' title="bbox 175 2205 827 2759">
    <p class='ocr_par' dir='ltr' id='par_1_7' title="bbox 175 2205 823 2369">
     <span class='ocr_line' id='line_1_30' title="bbox 233 2205 821 2257; baseline 0 -15"><span class='ocrx_word' id='word_1_236' title='bbox 233 2208 333 2257; x_wconf 82' lang='lat' dir='ltr'>quod</span> <span class='ocrx_word' id='word_1_237' title='bbox 363 2227 415 2234; x_wconf 93' lang='lat'>-—-</span> <span class='ocrx_word' id='word_1_238' title='bbox 439 2206 531 2256; x_wconf 76' lang='lat' dir='ltr'>fieri</span> <span class='ocrx_word' id='word_1_239' title='bbox 551 2205 713 2255; x_wconf 80' lang='lat' dir='ltr'>solebat.</span> <span class='ocrx_word' id='word_1_240' title='bbox 776 2206 821 2242; x_wconf 75' lang='lat' dir='ltr'>cf.</span> 
     </span>
     <span class='ocr_line' id='line_1_31' title="bbox 175 2263 823 2306; baseline 0 -7"><span class='ocrx_word' id='word_1_241' title='bbox 175 2274 306 2300; x_wconf 81' lang='lat' dir='ltr'>notam</span> <span class='ocrx_word' id='word_1_242' title='bbox 340 2264 505 2299; x_wconf 80' lang='lat' dir='ltr'>nostram</span> <span class='ocrx_word' id='word_1_243' title='bbox 543 2263 590 2298; x_wconf 84' lang='lat' dir='ltr'>ad</span> <span class='ocrx_word' id='word_1_244' title='bbox 621 2263 642 2298; x_wconf 89' lang='grc'>6</span> <span class='ocrx_word' id='word_1_245' title='bbox 674 2265 762 2298; x_wconf 85' lang='lat' dir='ltr'>Pro.</span> <span class='ocrx_word' id='word_1_246' title='bbox 785 2272 823 2306; x_wconf 81' lang='lat'>5.</span> 
     </span>
     <span class='ocr_line' id='line_1_32' title="bbox 175 2320 718 2369; baseline -0.006 -13"><span class='ocrx_word' id='word_1_247' title='bbox 175 2335 213 2369; x_wconf 76' lang='lat' dir='ltr'>p.</span> <span class='ocrx_word' id='word_1_248' title='bbox 238 2320 329 2364; x_wconf 72' lang='grc'>426.</span> <span class='ocrx_word' id='word_1_249' title='bbox 364 2322 459 2356; x_wconf 79' lang='lat' dir='ltr'>item</span> <span class='ocrx_word' id='word_1_250' title='bbox 488 2330 549 2361; x_wconf 84' lang='lat'>12,</span> <span class='ocrx_word' id='word_1_251' title='bbox 587 2333 648 2359; x_wconf 74' lang='grc' dir='ltr'>ιι,</span> <span class='ocrx_word' id='word_1_252' title='bbox 681 2327 718 2361; x_wconf 88' lang='grc'>5.</span> 
     </span>
    </p>

    <p class='ocr_par' dir='ltr' id='par_1_8' title="bbox 178 2376 821 2482">
     <span class='ocr_line' id='line_1_33' title="bbox 236 2376 821 2426; baseline 0.002 -15"><span class='ocrx_word' id='word_1_253' title='bbox 236 2386 300 2413; x_wconf 86' lang='lat'>20.</span> <span class='ocrx_word' id='word_1_254' title='bbox 334 2391 424 2426; x_wconf 80' lang='lat' dir='ltr'>quas</span> <span class='ocrx_word' id='word_1_255' title='bbox 455 2379 519 2424; x_wconf 75' lang='lat' dir='ltr'>agi</span> <span class='ocrx_word' id='word_1_256' title='bbox 543 2377 703 2412; x_wconf 75' lang='lat' dir='ltr'>audierit</span> <span class='ocrx_word' id='word_1_257' title='bbox 735 2376 762 2410; x_wconf 84' lang='lat' dir='ltr'>i.</span> <span class='ocrx_word' id='word_1_258' title='bbox 790 2390 821 2412; x_wconf 82' lang='lat' dir='ltr'>e.</span> 
     </span>
     <span class='ocr_line' id='line_1_34' title="bbox 178 2432 751 2482; baseline 0 -15"><span class='ocrx_word' id='word_1_259' title='bbox 178 2433 322 2482; x_wconf 85' lang='lat' dir='ltr'>quibus</span> <span class='ocrx_word' id='word_1_260' title='bbox 344 2434 499 2481; x_wconf 82' lang='lat' dir='ltr'>agendis</span> <span class='ocrx_word' id='word_1_261' title='bbox 521 2432 751 2468; x_wconf 75' lang='lat' dir='ltr'>interfuerit.</span> 
     </span>
    </p>

    <p class='ocr_par' dir='ltr' id='par_1_9' title="bbox 177 2488 827 2759">
     <span class='ocr_line' id='line_1_35' title="bbox 232 2488 823 2531; baseline 0 -8"><span class='ocrx_word' id='word_1_262' title='bbox 232 2491 453 2525; x_wconf 76' lang='lat' dir='ltr'>decretoriis.</span> <span class='ocrx_word' id='word_1_263' title='bbox 510 2490 556 2525; x_wconf 88' lang='lat' dir='ltr'>cf.</span> <span class='ocrx_word' id='word_1_264' title='bbox 590 2489 636 2530; x_wconf 85' lang='grc'>6,</span> <span class='ocrx_word' id='word_1_265' title='bbox 689 2495 732 2531; x_wconf 78' lang='grc'>4,</span> <span class='ocrx_word' id='word_1_266' title='bbox 787 2488 823 2523; x_wconf 79' lang='grc'>6.</span> 
     </span>
     <span class='ocr_line' id='line_1_36' title="bbox 178 2545 825 2594; baseline 0 -14"><span class='ocrx_word' id='word_1_267' title='bbox 178 2545 317 2580; x_wconf 76' lang='lat' dir='ltr'>Noster</span> <span class='ocrx_word' id='word_1_268' title='bbox 353 2547 512 2594; x_wconf 84' lang='lat' dir='ltr'>quidem</span> <span class='ocrx_word' id='word_1_269' title='bbox 545 2545 655 2581; x_wconf 86' lang='lat' dir='ltr'>locus</span> <span class='ocrx_word' id='word_1_270' title='bbox 675 2559 721 2579; x_wconf 79' lang='lat' dir='ltr'>an</span> <span class='ocrx_word' id='word_1_271' title='bbox 744 2545 825 2580; x_wconf 84' lang='lat' dir='ltr'>solo</span> 
     </span>
     <span class='ocr_line' id='line_1_37' title="bbox 180 2602 827 2649; baseline 0.002 -15"><span class='ocrx_word' id='word_1_272' title='bbox 180 2602 372 2646; x_wconf 75' lang='lat' dir='ltr'>adjectivo</span> <span class='ocrx_word' id='word_1_273' title='bbox 398 2603 559 2649; x_wconf 82' lang='lat' dir='ltr'>defungi</span> <span class='ocrx_word' id='word_1_274' title='bbox 577 2602 701 2649; x_wconf 71' lang='lat' dir='ltr'>poffir,</span> <span class='ocrx_word' id='word_1_275' title='bbox 724 2612 827 2636; x_wconf 78' lang='lat' dir='ltr'>recte</span> 
     </span>
     <span class='ocr_line' id='line_1_38' title="bbox 180 2656 827 2706; baseline 0.003 -16"><span class='ocrx_word' id='word_1_276' title='bbox 180 2656 449 2699; x_wconf 79' lang='lat' dir='ltr'>dubitabitur3</span> <span class='ocrx_word' id='word_1_277' title='bbox 475 2669 511 2693; x_wconf 89' lang='lat' dir='ltr'>et</span> <span class='ocrx_word' id='word_1_278' title='bbox 532 2659 697 2706; x_wconf 81' lang='lat' dir='ltr'>suspicor</span> <span class='ocrx_word' id='word_1_279' title='bbox 720 2671 827 2706; x_wconf 82' lang='lat' dir='ltr'>prae-</span> 
     </span>
     <span class='ocr_line' id='line_1_39' title="bbox 177 2713 826 2759; baseline 0 -10"><span class='ocrx_word' id='word_1_280' title='bbox 177 2713 415 2749; x_wconf 82' lang='lat' dir='ltr'>mittendum</span> <span class='ocrx_word' id='word_1_281' title='bbox 476 2717 587 2751; x_wconf 78' lang='lat' dir='ltr'>armis</span> <span class='ocrx_word' id='word_1_282' title='bbox 633 2714 699 2759; x_wconf 83' lang='lat' dir='ltr'>(cf.</span> <span class='ocrx_word' id='word_1_283' title='bbox 746 2725 826 2750; x_wconf 85' lang='lat' dir='ltr'>not.</span> 
     </span>
    </p>
   </div>
   <div class='ocr_carea' id='block_1_7' title="bbox 883 2207 1532 2313">
    <p class='ocr_par' dir='ltr' id='par_1_10' title="bbox 883 2207 1532 2313">
     <span class='ocr_line' id='line_1_40' title="bbox 884 2207 1532 2257; baseline 0.003 -15"><span class='ocrx_word' id='word_1_284' title='bbox 884 2207 1001 2256; x_wconf 62' lang='lat' dir='ltr'>crit.)</span> <span class='ocrx_word' id='word_1_285' title='bbox 1048 2210 1145 2242; x_wconf 86' lang='lat' dir='ltr'>Rem</span> <span class='ocrx_word' id='word_1_286' title='bbox 1175 2221 1410 2257; x_wconf 75' lang='lat' dir='ltr'>magnopere</span> <span class='ocrx_word' id='word_1_287' title='bbox 1440 2207 1532 2245; x_wconf 86' lang='lat' dir='ltr'>illu-</span> 
     </span>
     <span class='ocr_line' id='line_1_41' title="bbox 883 2264 1531 2313; baseline 0.003 -15"><span class='ocrx_word' id='word_1_288' title='bbox 883 2264 970 2298; x_wconf 76' lang='lat' dir='ltr'>strat</span> <span class='ocrx_word' id='word_1_289' title='bbox 983 2266 1122 2299; x_wconf 79' lang='lat' dir='ltr'>Seneca</span> <span class='ocrx_word' id='word_1_290' title='bbox 1144 2275 1252 2312; x_wconf 79' lang='lat' dir='ltr'>pater</span> <span class='ocrx_word' id='word_1_291' title='bbox 1274 2265 1390 2313; x_wconf 82' lang='lat' dir='ltr'>praef.</span> <span class='ocrx_word' id='word_1_292' title='bbox 1409 2264 1477 2301; x_wconf 80' lang='lat' dir='ltr'>lib.</span> <span class='ocrx_word' id='word_1_293' title='bbox 1494 2272 1531 2309; x_wconf 75' lang='grc'>4.</span> 
     </span>
    </p>
   </div>
   <div class='ocr_carea' id='block_1_8' title="bbox 882 2320 1536 2417">
    <p class='ocr_par' dir='ltr' id='par_1_11' title="bbox 882 2320 1536 2417">
     <span class='ocr_line' id='line_1_42' title="bbox 884 2320 1534 2370; baseline 0.003 -15"><span class='ocrx_word' id='word_1_294' title='bbox 884 2321 1072 2355; x_wconf 73' lang='lat' dir='ltr'>Controv.</span> <span class='ocrx_word' id='word_1_295' title='bbox 1133 2320 1404 2361; x_wconf 84' lang='lat' dir='ltr'>„Gladiatores</span> <span class='ocrx_word' id='word_1_296' title='bbox 1449 2335 1534 2370; x_wconf 84' lang='lat' dir='ltr'>gra·</span> 
     </span>
     <span class='ocr_line' id='line_1_43' title="bbox 882 2377 1536 2417; baseline 0.005 -6"><span class='ocrx_word' id='word_1_297' title='bbox 882 2377 1092 2417; x_wconf 75' lang='lat' dir='ltr'>„vioribus</span> <span class='ocrx_word' id='word_1_298' title='bbox 1181 2378 1297 2413; x_wconf 86' lang='lat' dir='ltr'>armis</span> <span class='ocrx_word' id='word_1_299' title='bbox 1385 2378 1536 2414; x_wconf 83' lang='lat' dir='ltr'>discunt</span> 
     </span>
    </p>
   </div>
   <div class='ocr_carea' id='block_1_9' title="bbox 883 2434 1535 2759">
    <p class='ocr_par' dir='ltr' id='par_1_12' title="bbox 883 2434 1535 2646">
     <span class='ocr_line' id='line_1_44' title="bbox 883 2434 1535 2482; baseline 0 -14"><span class='ocrx_word' id='word_1_300' title='bbox 883 2446 1027 2480; x_wconf 81' lang='lat' dir='ltr'>„quam</span> <span class='ocrx_word' id='word_1_301' title='bbox 1062 2440 1278 2482; x_wconf 82' lang='lat' dir='ltr'>pugnant.“</span> <span class='ocrx_word' id='word_1_302' title='bbox 1333 2435 1398 2470; x_wconf 80' lang='lat' dir='ltr'>sic</span> <span class='ocrx_word' id='word_1_303' title='bbox 1432 2434 1535 2471; x_wconf 84' lang='lat' dir='ltr'>Cali-</span> 
     </span>
     <span class='ocr_line' id='line_1_45' title="bbox 885 2488 1535 2536; baseline 0.006 -14"><span class='ocrx_word' id='word_1_304' title='bbox 885 2488 974 2536; x_wconf 78' lang='lat' dir='ltr'>gula</span> <span class='ocrx_word' id='word_1_305' title='bbox 997 2489 1173 2536; x_wconf 73' lang='lat' dir='ltr'>(Sueten.</span> <span class='ocrx_word' id='word_1_306' title='bbox 1200 2494 1281 2534; x_wconf 77' lang='grc'><strong>54.)</strong></span> <span class='ocrx_word' id='word_1_307' title='bbox 1308 2492 1535 2530; x_wconf 79' lang='lat' dir='ltr'>„Battuebat</span> 
     </span>
     <span class='ocr_line' id='line_1_46' title="bbox 883 2548 1534 2593; baseline 0.005 -15"><span class='ocrx_word' id='word_1_308' title='bbox 883 2549 1168 2593; x_wconf 51' lang='lat' dir='ltr'>„pugnatoriiff</span> <span class='ocrx_word' id='word_1_309' title='bbox 1199 2549 1259 2590; x_wconf 82' lang='lat' dir='ltr'>(ea</span> <span class='ocrx_word' id='word_1_310' title='bbox 1298 2548 1383 2583; x_wconf 85' lang='lat' dir='ltr'>sunt</span> <span class='ocrx_word' id='word_1_311' title='bbox 1413 2548 1534 2582; x_wconf 82' lang='lat' dir='ltr'>decre-</span> 
     </span>
     <span class='ocr_line' id='line_1_47' title="bbox 887 2603 1216 2646; baseline 0.003 -10"><span class='ocrx_word' id='word_1_312' title='bbox 887 2603 1003 2646; x_wconf 80' lang='lat' dir='ltr'>toria)</span> <span class='ocrx_word' id='word_1_313' title='bbox 1032 2603 1216 2642; x_wconf 77' lang='lat' dir='ltr'>„armis-‘⁶</span> 
     </span>
    </p>

    <p class='ocr_par' dir='ltr' id='par_1_13' title="bbox 891 2659 1312 2759">
     <span class='ocr_line' id='line_1_48' title="bbox 942 2659 1312 2694; baseline 0.003 -1"><span class='ocrx_word' id='word_1_314' title='bbox 942 2659 1098 2693; x_wconf 76' lang='lat' dir='ltr'>Brutum</span> <span class='ocrx_word' id='word_1_315' title='bbox 1139 2660 1312 2694; x_wconf 67' lang='lat' dir='ltr'>diximus.</span> 
     </span>
     <span class='ocr_line' id='line_1_49' title="bbox 891 2725 1024 2759; baseline 0.015 -10"><span class='ocrx_word' id='word_1_316' title='bbox 891 2727 927 2755; x_wconf 84' lang='lat'>1,</span> <span class='ocrx_word' id='word_1_317' title='bbox 961 2725 1024 2759; x_wconf 81' lang='lat'>25.</span> 
     </span>
    </p>
   </div>
   <div class='ocr_carea' id='block_1_10' title="bbox 1389 2658 1533 2699">
    <p class='ocr_par' dir='ltr' id='par_1_14' title="bbox 1389 2658 1533 2699">
     <span class='ocr_line' id='line_1_50' title="bbox 1389 2658 1533 2699; baseline -0.021 -4"><span class='ocrx_word' id='word_1_318' title='bbox 1389 2658 1436 2695; x_wconf 83' lang='lat' dir='ltr'>cf.</span> <span class='ocrx_word' id='word_1_319' title='bbox 1470 2670 1533 2699; x_wconf 82' lang='grc' dir='ltr'>ιο,</span> 
     </span>
    </p>
   </div>
  </div>
 </body>
</html>
