1779 3062
260 92 357 125 120
571 83 647 127 M.
686 83 822 128 FAB.
860 83 1283 144 QUINTILIANI

258 206 482 267 adjicere
496 205 575 258 fas
594 226 705 258 non
721 207 809 267 est,
823 209 1100 273 quomodo
1119 208 1324 274 sperare
1340 206 1613 274 possumus

260 286 418 333 illum
444 296 707 335 oratorem
730 285 1065 352 perfectum?
1108 302 1231 334 cum
1257 287 1314 333 111
1338 286 1438 345 his,
1477 304 1614 353 quos

259 363 518 411 maximos
543 362 717 411 adhuc
752 365 1023 421 novimus,
1060 380 1221 412 nemo
1251 361 1310 410 sit
1342 365 1615 422 inventus,

260 439 319 486 in
342 455 452 502 quo
476 440 615 488 nihil
635 451 725 489 aut
756 434 1097 497 desideretur,
1139 450 1229 489 aut
1259 441 1615 505 reprehenda-

259 525 362 563 tur.
482 517 584 565 Sed
618 519 775 566 etiam
813 519 910 583 qui
949 516 1152 566 summa
1197 534 1309 565 non
1343 528 1616 584 appetunt,

189 609 238 634 ιο
265 592 586 642 contendere
611 597 805 660 potius,
831 613 991 660 quam
1011 593 1161 659 sequi
1183 593 1390 642 debent.
1470 596 1616 643 Nam

261 671 359 734 qui
390 671 519 735 agit,
560 682 622 721 ut
660 673 807 737 prior
846 671 922 730 fit,
959 669 1173 720 forsitan
1207 672 1393 729 etiam,
1433 671 1472 720 fi
1503 689 1618 720 non

260 748 540 806 transierit,
583 750 842 814 aequabit.
922 752 1061 797 Eum
1102 766 1231 798 vero
1263 766 1422 798 nemo
1446 747 1618 814 potest

261 841 515 887 aequare,
573 830 722 887 cujus
758 825 992 891 vestigiis
1026 825 1122 874 fibi
1155 827 1344 891 utique
1379 824 1618 874 insisten-

232 901 393 949 -dum
426 913 589 966 putat.
687 901 906 951 Necesse
947 902 1021 951 est
1066 904 1240 961 enim,
1307 901 1513 968 semper
1556 902 1618 951 sit

258 977 536 1044 posterior,
568 981 664 1045 qui
691 979 946 1044 sequitur.
990 1000 996 1007 ‘
1025 979 1177 1029 Adde
1204 979 1354 1046 quod
1382 982 1620 1046 plerum-

235 1046 366 1120 que
411 1055 624 1105 facilius
679 1056 752 1105 est
797 1059 921 1122 plus
970 1055 1166 1121 ¹facere,
1245 1075 1406 1122 quam
1456 1057 1617 1106 idem.

259 1134 483 1181 Tantam
519 1135 665 1182 enim
712 1133 1074 1182 difficultatem
1112 1135 1272 1182 habet
1310 1133 1621 1193 similitudo,

257 1219 320 1258 ut
344 1226 412 1257 ne
432 1209 540 1275 ipsa
564 1210 786 1275 quidem
810 1221 1002 1259 natura
1021 1211 1079 1258 in
1101 1210 1206 1260 hoc
1246 1213 1319 1259 ita
1345 1212 1623 1270 evaluerit,

343 1341 515 1387 adjicere.
545 1341 650 1378 Flor.
676 1343 860 1383 addicere,
882 1354 926 1378 ut
949 1354 986 1378 et
1008 1356 1103 1378 mox
1122 1352 1186 1379 20.
1218 1343 1322 1381 Voss.
1337 1353 1374 1387 5.
1405 1346 1445 1388 (a
1467 1357 1524 1392 pr.
1547 1346 1620 1390 m.)

257 1399 406 1434 addere.
439 1399 511 1434 Sed
534 1400 638 1436 Voff.
672 1414 704 1435 1.
737 1401 923 1448 prioribus
948 1400 1105 1435 omittit.
1291 1399 1477 1450 poffumus
1504 1401 1621 1438 illum.
1656 1437 1659 1443 ,

255 1454 546 1505 Jens.p0ffimus
570 1456 685 1490 ullum
709 1470 797 1491 cum
821 1457 1076 1505 edd.poste1'r.
1103 1467 1188 1492 ante
1199 1456 1307 1493 Bafil.
1335 1459 1433 1492 Mox
1453 1472 1489 1505 p.
1506 1458 1623 1494 ullum.

261 1522 347 1546 ante
370 1511 466 1547 Obr.
489 1525 565 1547 acc.
590 1511 694 1547 Roll.
721 1513 796 1548 Sed
814 1513 981 1548 nostram
1004 1513 1207 1549 vindicant
1223 1513 1303 1548 mei
1329 1526 1484 1561 quoque
1511 1515 1622 1551 MSS.

261 1578 299 1603 et
333 1569 467 1616 Camp.
705 1583 795 1604 cum.
838 1570 971 1605 Turic.
1001 1569 1104 1605 Flex.
1139 1585 1260 1618 quam.
1307 1568 1378 1604 Ille
1415 1583 1434 1603 a
1469 1571 1536 1606 sec.
1568 1585 1623 1607 m.

259 1637 504 1674 quamquam,
530 1624 598 1661 hic
627 1640 748 1674 quum.
985 1627 1052 1661 his.
1095 1626 1157 1661 Sic
1187 1624 1321 1661 Turio.
1355 1625 1461 1662 Flor.
1492 1627 1624 1665 Guelf.

258 1680 422 1728 Reliqui
442 1684 498 1718 iis.
676 1695 776 1730 qnos.
806 1683 939 1718 Turio.
955 1685 992 1728 (a
1010 1697 1068 1732 pr.
1083 1684 1155 1726 m.)
1179 1697 1264 1731 quo.
1441 1687 1622 1722 inventus.

259 1736 365 1773 Flor.
424 1739 462 1782 (a
491 1753 550 1788 pr.
582 1740 655 1783 m.)
706 1736 867 1786 infestus.
1121 1738 1279 1787 summa.
1341 1739 1446 1776 Flor.
1488 1741 1623 1790 Camp.

251 1792 439 1842 fimzmam
487 1809 576 1831 cum
610 1795 729 1831 Goth.
769 1795 872 1832 Voss.
907 1805 944 1830 2.
993 1807 1029 1831 et
1062 1796 1148 1832 edd.
1186 1808 1272 1831 ante
1306 1796 1394 1832 Ald.
1426 1810 1501 1833 acc.
1530 1799 1625 1836 Bad.

262 1850 309 1885 cf.
335 1858 357 1894 8
384 1853 472 1888 Pro.
501 1865 534 1888 1.
759 1861 951 1900 appetunt.
985 1854 1118 1889 Turic.
1149 1852 1253 1889 Flor.
1275 1855 1466 1902 adpetent.
1503 1854 1624 1892 Goth.

260 1908 358 1945 Jens.
393 1911 482 1951 (tac.
520 1909 650 1953 Gesn.)
691 1909 824 1957 Camp.
858 1923 947 1945 cum
977 1910 1082 1949 Voss.
1111 1919 1147 1945 2.
1197 1921 1234 1945 et
1263 1911 1350 1946 edd.
1381 1921 1467 1946 ante
1500 1913 1626 1948 Stoer.

263 1973 452 2013 appetent.
1392 2013 1396 2017 ⁵

352 2034 415 2056 10·
461 2025 555 2071 agit.
607 2022 735 2058 Guelf.
767 2022 927 2059 omittit.
1167 2026 1230 2073 qui
1256 2023 1438 2073 sequitur.
1490 2026 1623 2063 Turio.

261 2080 417 2127 equitur,
452 2093 472 2113 a
495 2080 563 2114 sec.
585 2093 637 2114 m.
667 2089 831 2128 equulus.
1053 2081 1243 2117 evaluerit.
1276 2082 1408 2116 Turio.
1434 2083 1624 2118 evalueris.

261 2135 360 2172 Jens.
396 2137 557 2171 valuerit
593 2150 681 2171 cum
712 2137 795 2180 edd.
827 2147 912 2172 ante
934 2136 1023 2172 Ald.
1059 2150 1135 2171 acc.
1156 2137 1248 2171 Bad.
1278 2137 1323 2171 cf.
1349 2148 1385 2184 9,
1418 2147 1455 2180 3,
1495 2147 1557 2182 15.
1589 2149 1627 2174 et

263 2191 428 2227 debebat
447 2193 490 2227 in
510 2193 647 2229 eodem
671 2193 796 2241 capite
831 2196 865 2240 §-
894 2208 929 2229 1.
961 2194 1103 2242 reponi
1127 2194 1267 2228 evaluit
1286 2206 1358 2242 pro
1379 2195 1509 2230 valuit.

322 2305 358 2342 9.
416 2295 523 2329 illum
586 2303 773 2330 oratorem
835 2309 916 2343 per-
1039 2308 1102 2331 10.
1133 2308 1191 2330 res
1215 2293 1508 2345 simplicfflmae
1534 2298 1561 2332 i.
1594 2312 1628 2334 e.

256 2349 409 2398 fectum.
431 2352 619 2387 Gesnerus
641 2362 742 2386 recte
765 2351 918 2399 ablegat
975 2353 1138 2388 minime
1188 2352 1339 2391 variae,
1398 2353 1441 2388 in
1485 2354 1629 2402 quibus

262 2407 308 2442 ad
333 2408 452 2443 totius
481 2408 612 2456 operis
631 2411 810 2443 Prooem.
831 2411 863 2455 §-
880 2420 915 2454 9.
976 2408 1080 2444 nihil
1123 2421 1358 2457 magnopere
1405 2421 1629 2459 expectetur

263 2463 327 2497 hic
349 2467 382 2510 ᾗ.
410 2471 473 2509 23.
506 2465 599 2500 item
624 2465 825 2500 Ciceronis
846 2465 917 2498 im·
976 2466 1238 2505 discriminis,
1321 2466 1446 2513 qualis
1510 2467 1632 2502 fuerit:

261 2519 401 2567 primis
424 2532 632 2562 oratorem,
647 2521 786 2556 initio:
821 2521 916 2555 adde
977 2535 1157 2569 gramen,
1187 2521 1339 2556 folium.
1401 2525 1516 2558 Recte
1541 2523 1628 2558 Ges·

263 2585 300 2610 et
341 2577 456 2612 nostr.
486 2583 535 2623 8,
583 2580 671 2613 Pro.
722 2587 784 2621 15.
854 2586 916 2617 12,
974 2592 1090 2612 uerus
1112 2577 1177 2611 hic
1200 2578 1383 2613 admonet
1417 2581 1628 2614 indiscerni-

268 2644 300 2671 ι,
333 2641 400 2668 21.
976 2635 1104 2669 biliam
1124 2633 1300 2670 illorum.
1325 2635 1373 2670 cf.
1392 2646 1427 2680 7.
1452 2635 1572 2671 Praef.
1590 2642 1627 2679 4.
