1779 3062
445 165 611 212 INST.
651 164 932 212 ORATOR.
966 169 1085 212 LIB.
1122 168 1197 224 X,
1237 180 1281 224 7.
1435 181 1543 225 213

178 294 533 344 intermittere
578 309 843 342 veremur.
926 294 1130 343 Rursus
1177 295 1236 343 in
1276 294 1376 343 alia
1419 295 1544 360 plus

174 373 327 438 prior
359 370 583 429 confert,
625 370 776 419 vocis
816 368 1143 428 firmitatem,
1185 373 1292 421 oris
1321 371 1542 421 facilita-

178 458 313 506 tem,
353 459 565 498 motum
599 448 867 512 corporis,
909 449 1004 511 qui
1044 458 1095 496 et
1132 447 1267 513 ipse,
1318 460 1379 498 ut
1412 449 1544 509 dixi,

178 528 366 573 excitat
406 536 698 582 oratorem,
740 535 791 571 et
821 526 1097 584 jactatione
1132 542 1345 583 manus,
1387 528 1542 593 pedis

174 601 539 668 supplosione,
577 601 713 650 sicut
748 600 912 649 cauda
938 601 1120 650 leones
1140 600 1311 650 facere
1351 603 1544 653 dicun-

174 689 290 737 tur,
329 680 588 729 hortatur.
668 677 1007 727 Studendum
1041 695 1171 727 vero
1215 678 1445 744 semper,
1487 691 1542 730 et

174 756 397 822 ubique.
477 758 673 822 Neque
704 758 849 804 enim
884 754 996 803 fere
1020 766 1124 803 tam
1158 755 1231 804 est
1252 756 1398 806 ullus
1421 756 1533 806 dies
1557 778 1611 815 27

165 845 490 899 occupatus,
569 844 631 883 ut
673 833 815 881 nihil
848 833 1167 890 lucrativae,
1249 843 1312 882 ut
1343 834 1533 884 Cicero

172 913 399 961 Brutum
427 911 599 960 facere
634 910 809 969 tradit,
850 927 1040 976 operae
1075 910 1141 958 acl
1174 909 1534 970 scribendum,

257 1047 433 1068 veremur.
469 1034 604 1069 Turio.
631 1033 736 1069 Flor.
757 1033 842 1076 (hic
865 1047 883 1067 a
899 1046 959 1082 pr.
979 1035 1051 1076 m.)
1074 1032 1285 1068 deberemus
1313 1046 1403 1068 cum
1426 1033 1532 1070 Alm.

258 1092 295 1124 in
315 1091 393 1126 alia
414 1091 496 1137 plus
514 1093 631 1138 prior.
676 1091 739 1125 Sic
774 1090 907 1125 Turio.
949 1089 1052 1125 Flor.
1095 1089 1222 1125 Guelf.
1264 1091 1398 1139 Camp.
1440 1104 1532 1126 cum

167 1159 291 1195 marg.
333 1147 445 1183 Basil.
476 1150 498 1182 i.
522 1162 556 1183 a.
576 1149 680 1196 prior
699 1147 782 1194 plus
825 1146 943 1182 Goth.
987 1160 1077 1182 cum
1100 1147 1205 1184 Voff.
1226 1158 1260 1183 2.
1282 1156 1319 1190 3.
1361 1146 1460 1183 Vall.
1495 1157 1533 1183 et

169 1204 256 1239 edd.
285 1215 371 1239 ante
394 1203 479 1239 Ald.
515 1204 584 1252 qui
617 1208 710 1248 (err.
735 1204 888 1247 Burni.)
921 1204 987 1238 illa
1019 1205 1097 1240 alia
1120 1219 1175 1253 pr.
1198 1204 1251 1252 pl.
1292 1204 1396 1243 Voss'.
1425 1218 1459 1240 1.
1491 1205 1531 1239 in

169 1261 238 1295 illa
255 1275 311 1309 pr.
332 1261 385 1309 pl.
417 1262 518 1296 Mox
541 1274 629 1295 cum
653 1260 774 1294 Badio
795 1259 941 1308 reliqui
973 1261 1041 1295 illa
1062 1276 1119 1309 pr.
1141 1261 1194 1308 pl.

248 1316 476 1364 firmitatem
506 1337 561 1344 —
584 1315 829 1364 facilitatem.
880 1317 1013 1364 Camp.
1051 1316 1242 1364 firmitate
1267 1315 1530 1364 —facilitate

168 1387 259 1409 cum
292 1374 411 1410 Goth.
451 1374 556 1410 Voss.
581 1384 617 1409 2.
658 1372 760 1408 Alm.
811 1372 934 1417 (nihil
964 1372 1037 1408 tale
1070 1373 1175 1408 Flor.
1217 1373 1264 1409 cf.
1311 1378 1345 1422 ᾖ.
1370 1374 1451 1417 16.)
1494 1385 1532 1410 et

168 1431 255 1466 edd.
278 1441 363 1465 ante
382 1430 494 1466 Leid.
519 1442 599 1465 exc.
624 1429 732 1465 Basil.
763 1442 838 1464 acc.
866 1429 970 1464 Roll.
1004 1430 1076 1464 Sed
1098 1430 1182 1478 post
1205 1430 1337 1479 Camp.
1364 1441 1402 1466 et
1428 1441 1532 1467 mota

167 1500 242 1536 pro
273 1496 424 1522 motum.
458 1488 566 1528 Inde,
599 1499 671 1535 pro
694 1500 746 1527 ea,
780 1499 894 1533 quam
916 1486 1155 1526 inveniebat,
1189 1497 1410 1522 ceterorum
1438 1501 1530 1524 con-

167 1544 392 1585 stitutione,
421 1543 522 1579 belle
555 1544 745 1579 Gesnerus
769 1542 953 1590 firmitati
973 1541 1250 1589 ——facilitati,
1293 1553 1396 1578 motu
1428 1544 1472 1591 (i.
1499 1558 1530 1580 e.

166 1602 318 1646 motui).
566 1602 632 1649 qui
660 1607 696 1633 et
728 1599 816 1648 ipse.
861 1599 995 1634 Turio.
1036 1598 1142 1634 Flor.
1197 1600 1282 1642 (hic
1313 1614 1333 1634 a
1367 1614 1425 1649 pr.
1457 1603 1531 1646 m.)

167 1671 263 1707 quae
296 1665 333 1692 el:
363 1653 475 1705 ipsae.
518 1657 652 1705 Camp.
696 1670 791 1706 quae
819 1664 854 1692 et
885 1654 979 1704 ipsa.
1208 1659 1359 1692 excitat.
1394 1657 1530 1694 Turic.

168 1714 303 1763 Camp.
336 1715 513 1749 excitant.
546 1713 650 1748 Flor.
683 1719 719 1755 (a
736 1726 795 1761 pr.
819 1714 894 1758 m.)
935 1721 1116 1748 exertant·
1147 1712 1272 1749 Gebh.
1306 1714 1468 1762 (Crepp.
1490 1723 1529 1758 5,

173 1770 258 1816 18.)
290 1785 309 1806 e
332 1770 509 1806 Palatino
530 1771 640 1805 affert
660 1781 697 1805 et
728 1768 977 1804 commendat
1010 1767 1183 1817 exsertat,
1203 1782 1306 1806 recte
1330 1771 1530 1818 improba-

165 1836 231 1862 tus
251 1829 489 1866 Bul-manno,
510 1827 632 1862 homo
656 1827 733 1861 sine
757 1825 907 1872 judicio
928 1825 1167 1873 ingeniosus.
1199 1825 1246 1862 cf.
1265 1840 1328 1868 ιο,
1365 1840 1398 1867 1,
1430 1838 1468 1872 7.

155 1879 157 1881 ¹
256 1894 454 1919 oratorem.
484 1884 617 1918 Turio.
650 1892 810 1918 oratore.
841 1881 972 1917 Guelf.
1005 1883 1230 1918 orationem.

257 1951 323 1984 27.
365 1941 460 1975 ullus
484 1940 563 1974 dies
590 1948 799 1987 occupatus.
849 1938 984 1974 Turic.
1024 1937 1129 1973 Flor.
1182 1939 1268 1985 (hic
1301 1953 1320 1974 a
1356 1952 1415 1989 pr.
1452 1941 1526 1986 m.)

165 1998 254 2033 ullis
276 1998 478 2045 occupatis.
508 1996 569 2032 Ab
592 1995 696 2031 Alm.
720 1994 876 2030 nonnisi
907 1995 986 2030 dies
1019 1994 1139 2030 abesse
1164 2007 1354 2031 narratur.

256 2055 460 2090 lucrativae
479 2073 534 2080 —
556 2067 705 2102 operae.
738 2053 802 2087 Sic
824 2050 952 2088 Guelf.
987 2052 1120 2100 Camp.
1163 2065 1251 2088 cum
1276 2053 1395 2090 Goth.
1429 2052 1530 2093 Vall.

226 2159 266 2192 in
284 2157 362 2192 alia
380 2175 435 2184 ·-
454 2157 554 2192 vocis
581 2153 818 2203 firmitatem.
935 2154 1163 2189 Studendum
1184 2175 1239 2182 —
1262 2155 1407 2205 ubique.
1466 2154 1532 2191 Al-

165 2216 274 2251 Haec
322 2213 493 2249 ineunda
545 2212 595 2248 est
648 2211 821 2247 struendi
876 2210 1110 2247 melovenus
1139 2223 1175 2247 et
1195 2212 1532 2261 Capperonnerius

166 2272 282 2312 ratio,
312 2281 357 2305 ut
376 2270 583 2305 accusativi
602 2267 676 2309 illi,
695 2267 822 2316 firmi·
877 2267 1054 2303 indicant
1115 2267 1249 2304 locuni
1310 2269 1534 2305 sanctissimi

168 2337 306 2368 tatem,
356 2326 610 2374 facilitatem,
666 2334 820 2366 motum,
878 2323 1110 2374 philosophi
1135 2325 1181 2361 de
1201 2327 1323 2374 Legg.
1357 2325 1461 2361 libro
1494 2336 1533 2371 7.

167 2383 368 2433 epexegesi
406 2382 633 2422 inserviant,
681 2382 823 2431 pende·
881 2380 1069 2416 affiduum
1140 2395 1211 2417 nec
1273 2382 1536 2418 intermissum

168 2451 313 2488 autque
339 2454 358 2474 a
379 2439 668 2488 praepositione
697 2441 746 2474 in.
879 2449 995 2473 nocte
1033 2438 1174 2486 dieque
1217 2439 1387 2474 studium
1427 2452 1540 2474 com·

225 2506 268 2531 ut
290 2496 380 2531 dixi.
418 2508 479 2535 ιο,
504 2504 540 2538 5,
572 2505 638 2531 21.
669 2495 822 2531 Frustra
877 2495 1124 2530 mandantem
1161 2496 1427 2543 ingenuorum
1455 2507 1492 2531 et
1514 2509 1536 2530 a

169 2554 356 2590 Gesnerus
379 2552 537 2600 respicit
557 2552 604 2587 ad
631 2566 663 2592 1,
693 2562 726 2592 2,
753 2561 821 2595 31.
877 2550 1045 2599 reliquis
1077 2551 1280 2588 laboribus
1308 2552 1535 2589 vacantium

226 2610 408 2650 dicuntur,
433 2609 613 2644 hortatur.
648 2609 822 2645 Insuavis
876 2621 915 2657 p.
941 2608 1073 2658 Steph.
1098 2614 1192 2652 807.
1221 2608 1256 2644 d.
1281 2622 1313 2644 e.

168 2667 254 2703 soni
290 2665 458 2702 iteratio.
518 2666 580 2701 An
618 2665 823 2715 praestabit
939 2665 1537 2714 27.lucrativae—operae.Pri·

150 2723 335 2760 ‘scribere
357 2723 517 2759 dicunt?
876 2735 1004 2763 mum,
1039 2721 1112 2758 ubi
1133 2722 1211 2759 hoc
1232 2721 1357 2759 tradat
1382 2722 1537 2764 Cicero,
