1779 3062
258 147 356 197 412
531 147 535 150 ·
579 133 656 181 Μ.
688 106 825 180 ΕΑΒ.
862 134 1276 196 QUINTILIANI

258 262 423 328 gitos,
462 275 585 309 cum
615 258 811 309 summi
845 261 1110 320 coierunt,
1154 261 1220 311 ad
1249 280 1346 313 nos
1384 261 1596 324 referre,

259 355 357 388 cur
375 336 693 401 quibusdam
716 336 1057 404 displicuerit,
1096 337 1284 388 nescio.
1367 342 1506 389 Nam
1534 341 1594 390 id

256 426 311 465 et
343 415 532 463 leviter
583 413 923 472 admirantes,
981 425 1032 463 et
1061 416 1274 463 interim
1311 416 1479 465 subita
1511 419 1594 466 in-

258 492 582 558 dignatione,
615 492 766 539 velut
785 490 1127 556 pavescentes,
1166 501 1215 539 et
1239 491 1592 557 deprecantes,

179 570 496 620 104facirnus.
580 568 723 636 Quin
757 566 1091 633 compressam
1113 569 1266 616 etiam
1291 586 1508 618 manum
1531 572 1602 620 in·

255 645 584 716 poenitentia
613 645 701 693 vel
736 645 813 692 ira
852 646 1054 710 pectori
1086 643 1458 705 admovemus,
1495 647 1594 697 ubi

257 795 393 843 camp.
417 791 540 839 digiti.
570 789 674 825 idem
693 787 775 837 post
794 791 899 827 coier.
919 789 1051 825 inserit
1072 798 1119 826 et.
1342 789 1392 824 ad
1412 803 1490 825 nos.
1511 791 1591 825 Tu·

254 852 326 888 ric.
354 849 459 884 Flor.
491 846 539 881 ad
565 859 625 881 eos
654 859 741 881 cum
775 847 871 881 Alm.
906 845 1061 894 Pneliqui
1089 846 1139 881 ad
1162 858 1213 881 os.
1251 845 1435 881 Nostrum
1460 860 1478 881 e
1501 860 1591 882 con-

252 909 400 956 iectura
433 903 498 949 (cf.
523 902 586 950 96.
609 912 674 950 97.
703 913 739 937 et
758 915 851 938 mox
879 910 998 945 ²05·)-
1024 902 1149 937 Guelf.
1172 903 1302 949 quibus
1325 903 1588 950 displicuerint.

253 966 389 1010 Camp.
421 959 633 1010 quibusdam
663 958 937 1004 displicuerunt.
965 958 1061 999 Jenl'.
1084 959 1198 993 Tarv.
1221 959 1439 1007 quibusdam
1461 959 1590 1006 displi-

251 1022 375 1058 ciunt,·
407 1015 577 1052 correxit
597 1015 755 1062 Regius.
779 1016 817 1049 id
836 1014 916 1063 post
941 1016 1040 1049 Nam
1061 1015 1209 1050 omittit
1231 1015 1347 1050 Goth.
1370 1028 1457 1049 cum
1486 1015 1589 1052 Vols.

249 1073 471 1123 transponit
501 1072 632 1118 Camp.
666 1082 754 1105 curn
785 1070 895 1106 Basil.
928 1070 1073 1118 Gryph.
1102 1066 1261 1121 (1536.)
1291 1071 1436 1108 Vidov.
1459 1071 1593 1106 leniter

250 1132 387 1169 Turio.
418 1128 521 1164 Flor.
556 1127 689 1161 Ambr.
714 1136 748 1160 2.
792 1140 879 1161 cum
912 1127 1029 1162 Goth.
1059 1127 1161 1163 Vols.
1185 1136 1219 1160 2.
1256 1128 1354 1164 Jens.
1385 1140 1471 1161 cum
1502 1127 1590 1162 edd.

249 1186 408 1238 postfrr.
440 1195 524 1218 ante
550 1182 635 1217 Ald.
659 1193 731 1214 acc.
753 1183 845 1216 Bad.
869 1195 982 1229 quem
1004 1182 1044 1216 in
1066 1193 1156 1217 nota
1167 1182 1265 1219 Vall.
1290 1183 1418 1217 leviter
1438 1183 1590 1218 dantem

248 1257 320 1293 per
350 1240 518 1289 sphalma
551 1239 678 1272 dicere
720 1237 898 1273 arbitror.
955 1238 1215 1273 Commovent
1253 1251 1314 1272 me
1353 1241 1589 1286 magnopere

249 1297 519 1335 auctoritates,
551 1294 695 1329 nedum
716 1305 803 1327 eum
826 1294 949 1341 Regio
972 1308 1018 1329 ne
1041 1294 1323 1329 admonendam
1346 1295 1503 1341 quidem
1524 1295 1588 1331 lit·

248 1367 352 1391 terae
375 1355 410 1390 V
432 1350 713 1386 restitutionem
742 1351 934 1389 censeam:
977 1351 1036 1385 sed
1064 1360 1290 1400 praegravat
1311 1350 1411 1385 ratio
1442 1351 1495 1398 ᾗῇ.
1521 1359 1586 1399 95,

246 1411 315 1461 96.
350 1409 420 1445 ubi
440 1409 570 1443 leviter
587 1405 699 1455 plane
722 1405 771 1440 est
792 1419 861 1453 pro
886 1408 1088 1454 paululum.
1113 1406 1160 1442 cf.
1189 1419 1250 1447 10,
1273 1414 1310 1449 5,
1335 1417 1400 1443 21.

340 1494 431 1531 104.
464 1489 572 1539 Quin.
605 1485 839 1535 611611.ῼαὶ
862 1499 950 1520 cum
987 1486 1088 1521 Voss.
1123 1498 1154 1520 1.
1400 1487 1438 1520 in
1459 1489 1588 1533 poeni·

247 1549 367 1584 tentia
388 1545 447 1580 vel
471 1547 539 1580 ira,
591 1543 653 1577 Sic
674 1542 806 1576 Turic.
830 1541 930 1577 flor.
951 1542 1083 1578 Ambr.
1111 1551 1147 1576 2.
1185 1542 1311 1577 Guelf.
1343 1555 1430 1578 cum
1464 1545 1589 1580 Stoer·

247 1605 416 1640 Chouet.
428 1600 537 1635 Leid.
549 1597 709 1645 Reliqui
725 1596 915 1645 insignum
929 1599 1017 1640 (nisi
1035 1599 1242 1645 quodBad.
1255 1598 1485 1639 inconsulto,
1501 1601 1587 1648 opi·

245 1657 486 1706 n01·,sinum)
508 1654 758 1703 poenitentiae
780 1654 837 1688 vel
863 1655 958 1693 irae;
988 1654 1093 1701 quod
1114 1655 1315 1689 revocanti
1329 1655 1498 1690 Gibsono
1512 1656 1586 1703 ipsi

244 1713 421 1752 suboluit
460 1711 611 1759 aliquid
650 1710 695 1744 de
729 1709 948 1756 glossemate
988 1710 1138 1745 fortaffe
1178 1710 1244 1746 hie
1275 1711 1468 1751 versante;
1524 1713 1587 1747 sed

244 1774 381 1808 Ioann.
423 1781 539 1817 quem
579 1765 706 1801 testem
736 1765 843 1800 addit
876 1777 912 1802 et
948 1765 1099 1814 aliquot
1131 1766 1215 1802 edd.
1253 1767 1457 1804 auctoritas
1487 1768 1588 1805 vicit

944 1891 1109 1927 Francio
1134 1889 1229 1939 solis
1249 1905 1320 1940 pro
1333 1889 1472 1939 scholis
1492 1904 1584 1941 pro-

945 1947 1044 1982 fecto
1063 1961 1142 1983 non
1161 1948 1454 1996 indigebamu83
1477 1949 1584 1997 quod

945 2004 974 2038 [1
1005 2004 1169 2038 viciffim
1201 2004 1333 2043 fieret,
1379 2005 1583 2052 ingenium

946 2070 1035 2094 erat.
1115 2059 1220 2094 Illud
1259 2060 1439 2107 equidem
1478 2071 1583 2096 certo

244 1895 361 1934 :nobis
390 1891 529 1941 primis
549 1890 706 1926 inducta
730 1889 797 1930 est,
827 1903 886 1926 re-

243 1951 350 2000 liqui
380 1960 465 1984 ante
505 1947 658 1982 tremula
686 1948 886 1994 interpun-

241 2018 366 2058 gunt,
396 2018 555 2052 eamque
587 2004 633 2038 ad
656 2002 802 2051 scenica
837 2000 887 2051 est

241 2067 436 2112 integram
477 2060 626 2096 faciunt
650 2060 884 2100 sententiam,

241 2120 449 2172 praecisam
479 2116 610 2156 illam,
641 2128 710 2150 nec
733 2115 887 2161 Quinti-

241 2179 389 2216 lianeae
405 2173 581 2209 sanitatis.
610 2172 761 2218 Nempe
774 2184 887 2219 quae·

241 2237 416 2272 [iverunt
449 2227 611 2277 aliquod
642 2227 886 2267 attiibutum,

242 2289 358 2341 quod
376 2287 580 2322 adderetur
602 2284 726 2318 manui
749 2284 805 2317 illi
827 2298 885 2318 ca-

242 2361 312 2385 vae
322 2357 492 2381 ——rarae
511 2361 555 2368 —-·
568 2341 687 2376 elatae
700 2359 750 2366 —
764 2340 829 2374 Ῐιοι
823 2349 885 2374 ta-

242 2407 310 2441 eric
314 2406 338 2440 ι’.
398 2399 473 2436 Sed
503 2397 616 2433 estin
643 2395 750 2430 hisce
777 2409 885 2443 pr-ae

243 2460 365 2509 ceptis
410 2454 606 2503 imprimis
646 2452 885 2499 frequentata

242 2516 370 2554 1101110
392 2513 575 2549 structura
597 2508 710 2545 verbi
722 2507 886 2543 substan-

241 2574 328 2614 tivi,
344 2573 389 2607 de
403 2582 476 2618 qua
491 2567 641 2614 egimus
656 2564 701 2598 ad
715 2576 750 2611 9,
766 2573 802 2606 5,
820 2578 834 2598 1
846 2572 882 2600 2

242 2641 279 2665 et
299 2628 405 2664 alibi.
439 2622 573 2670 Qualis
593 2621 660 2655 hic
682 2619 793 2656 valde
805 2633 884 2653 ma-

229 2681 372 2720 'nisena
393 2686 428 2732 ς.
445 2690 536 2716 100.
568 2677 798 2726 corrigente
811 2676 884 2727 'hic

944 2129 1022 2151 non
1055 2116 1200 2156 dicam,
1240 2114 1418 2163 ascholis
1438 2125 1592 2164 recepta*

943 2182 1074 2207 utrum
1097 2172 1170 2207 [int
1191 2170 1339 2207 scholae
1363 2185 1458 2220 quae
1476 2184 1582 2207 rece-

942 2228 1089 2275 perint,
1132 2242 1175 2262 an
1212 2229 1380 2277 Romani
1406 2227 1583 2264 rhetores

945 2284 1014 2332 qui
1046 2297 1065 2318 a
1095 2283 1248 2319 scholis.
1311 2284 1424 2319 Prius
1455 2295 1583 2320 tamen

941 2340 1073 2375 verius
1097 2351 1207 2389 puto,
1241 2349 1278 2375 et
1299 2348 1446 2388 accepta
1465 2341 1508 2376 in
1529 2339 1583 2375 al-

941 2406 1021 2431 tera
1049 2397 1198 2432 ratione
1233 2395 1441 2431 dicendum
1461 2396 1583 2438 fuiffe,

943 2452 1050 2500 quod
1083 2464 1209 2488 tamen
1241 2451 1516 2489 excludebatur
1535 2453 1582 2488 ab

941 2508 1012 2543 illo
1040 2522 1168 2558 prope.
1213 2507 1411 2544 Gallaeum
1434 2508 1583 2557 scholas

942 2564 1008 2599 hic
1035 2566 1282 2613 provinciales
1317 2566 1580 2612 agnoscentem

940 2620 1024 2656 satis
1045 2621 1185 2669 probo,
1216 2621 1289 2655 11111
1311 2620 1410 2657 forte
1431 2632 1583 2668 graecas

940 2678 983 2713 in
1003 2677 1080 2727 ipsa
1100 2677 1197 2715 urbe
1218 2686 1327 2715 notat
1343 2675 1480 2714 noster.
