1779 3062
414 157 577 203 INST.
617 158 897 208 ORATOR.
933 164 1055 209 LIB.
1093 164 1190 221 XI,
1238 177 1284 209 2.
1426 176 1522 220 507

169 283 330 354 Quod
362 283 429 332 de
457 284 621 334 domo
648 284 786 343 dixi,
826 298 877 335 et
906 279 965 336 iu
989 288 1242 354 operibus
1265 289 1510 355 publicis,
1537 311 1586 336 21

166 372 220 414 et
241 364 299 409 in
320 362 723 428 iti‘nereflongo,
765 374 827 411 ut
851 365 1066 414 urbium
1094 367 1312 424 ambitu,
1356 378 1407 416 et
1437 370 1520 434 pi-

167 440 355 497 cturis,
403 438 528 488 fieri
564 439 746 505 potest.
841 443 1013 490 Etiam
1049 441 1254 507 fingere
1291 442 1390 492 sibi
1423 445 1518 496 has

164 516 420 581 imagines
444 518 581 565 licet.
664 520 814 583 Opus
839 517 912 565 est
937 536 1062 585 ergo
1083 520 1230 577 locis,
1270 538 1405 584 quae
1427 524 1517 571 vel

162 592 477 659 finguntur,
526 595 615 643 vel
649 592 963 644 sumuntur:
1017 596 1368 661 imaginibus,
1426 601 1517 648 vel

162 669 471 730 simulacris,
506 688 640 737 quae
662 672 848 735 utique
870 671 1124 739 fingenda
1144 672 1278 722 sunt.
1325 677 1514 741 Imagi-

161 765 257 797 nes
296 759 452 798 notae
495 748 644 807 sunt,
693 750 890 814 quibus
922 767 1008 809 ea,
1061 768 1196 817 quae
1233 749 1514 802 ediscenda
1574 794 1577 798 .

248 904 312 930 21.
345 903 387 929 ut
416 894 571 931 urbium.
613 895 746 943 Camp.
774 903 810 930 et
840 893 984 929 urbium
1015 906 1103 929 cum
1137 895 1257 930 Goth.

304 960 414 987 notae
428 951 529 1001 sunt.
562 952 695 988 Turio.
718 951 933 987 voce.Flor.
956 961 1053 986 noce.
1069 951 1196 988 Guelf.
1221 952 1306 997 (hic
1327 966 1373 987 an
1395 954 1512 989 omit-

159 1018 258 1045 teret
279 1006 387 1056 sunt,
419 1021 499 1043 non
522 1008 689 1049 >notavi3
722 1009 892 1057 suspicor
914 1010 1060 1052 tamen)
1091 1009 1185 1043 Exc.
1210 1011 1362 1044 Santen.
1396 1024 1515 1045 voces.

159 1066 272 1102 Certe
288 1065 396 1113 quod
412 1064 598 1113 vulgatur
620 1065 788 1100 otiosum
810 1066 859 1102 est
878 1076 915 1100 et
939 1065 1113 1111 ejusdem
1134 1065 1322 1101 vocabuli
1334 1075 1515 1101 notae-

158 1132 331 1158 notamus
359 1121 567 1157 iteratione
600 1121 787 1158 deforme.
854 1123 940 1158 Nec
973 1122 1190 1170 quidquam
1223 1123 1313 1158 vidi
1347 1123 1515 1159 [imilius

158 1178 300 1227 glossae
333 1192 352 1213 e
381 1179 557 1226 margine
598 1189 751 1213 textum
780 1179 983 1214 invadenti
1014 1192 1131 1226 quam
1166 1179 1281 1213 haec:
1328 1181 1517 1226 Imagines

158 1245 273 1270 notae
295 1234 406 1283 sunt,
436 1234 503 1270 vel
535 1235 650 1270 etiam
682 1235 952 1283 absqttoeficrzt.
1011 1236 1103 1271 Vox
1133 1246 1261 1270 autem
1283 1236 1413 1284 quibus
1436 1237 1515 1271 sine

157 1290 220 1327 his
252 1292 400 1341 optime
430 1290 647 1340 applicatur
675 1291 755 1326 iilis
787 1291 980 1340 proximis
1001 1304 1071 1340 per
1091 1292 1340 1340 parenthesin
1361 1293 1515 1328 insertis

149 1415 256 1464 fiunt
278 1415 435 1466 singula
456 1429 631 1452 connexa.
691 1410 804 1452 Dum

155 1474 244 1509 suus
286 1473 410 1509 cuivis
450 1472 540 1508 loco
571 1472 694 1508 sensus
727 1473 805 1508 affi-

155 1540 318 1578 gnatu1·‚
347 1529 586 1565 recensendis
619 1529 804 1565 omnibus

155 1587 202 1622 ab
235 1587 352 1621 initio
380 1586 478 1622 locis
511 1585 614 1621 nihil
640 1599 711 1622 nos
733 1599 804 1634 po-

154 1643 222 1678 test
245 1643 435 1691 effugere,
467 1656 538 1678 nec
559 1642 802 1690 praepostero

155 1699 294 1735 ordine
322 1699 512 1747 proferri3
539 1699 805 1734 simulantem

152 1756 207 1791 ita
242 1756 483 1791 dirimuntur
519 1769 676 1804 quoque
713 1770 732 1790 a
769 1757 804 1791 se

154 1812 327 1847 invicem
351 1813 473 1847 sensus
500 1812 655 1854 diversi,
688 1823 731 1847 ut
754 1811 806 1846 al-

154 1878 213 1902 ter
256 1869 299 1903 in
337 1868 502 1904 alterum
533 1882 581 1903 ne
623 1868 805 1903 incurrat.

153 1924 283 1960 Habet
304 1927 388 1960 sane
404 1924 682 1966 difficultatem,
698 1924 807 1972 quod

154 1980 254 2026 fiunt
285 1983 466 2030 jungitur
489 1981 696 2031 participio
721 1995 806 2016 cozz-

154 2051 271 2078 nexa,
315 2052 406 2088 prae
445 2039 588 2086 quibus
623 2049 803 2086 expectes

155 2096 439 2134 connectuntur3
488 2095 561 2129 nisi
597 2095 719 2136 forte,
761 2095 803 2129 id

153 2151 263 2199 quod
287 2166 425 2188 verum
450 2152 605 2193 censeo,
637 2165 803 2186 connexa

153 2206 222 2243 hic
263 2209 436 2244 nominis
478 2209 663 2254 adjectivi
692 2219 802 2259 pote-

155 2264 244 2300 state
268 2267 463 2306 dicuntur,
496 2266 562 2300 cu'i
583 2275 711 2301 tamen
733 2266 802 2301 ob-

148 2320 223 2355 'stat
252 2323 454 2368 adjunctus
479 2321 572 2356 voci
593 2321 800 2364 ablativus,

156 2378 260 2413 unde
280 2379 480 2427 participii
491 2378 710 2426 proprietas
722 2392 802 2414 ma-

156 2433 216 2481 gis
237 2435 467 2482 agnoscitur.
527 2459 551 2475 „
565 2434 684 2470 choro
705 2449 803 2484 quo-

156 2514 181 2531 ,‚
197 2491 282 2525 dam
295 2496 318 2510 “
348 2490 442 2526 haec
472 2490 618 2539 singula
637 2505 804 2528 connexa

156 2547 396 2594 significavit
428 2548 501 2595 Qu.
536 2548 686 2583 sirecte
708 2548 804 2596 legi-

156 2616 243 2639 mus
264 2603 394 2639 locum
409 2630 418 2643 ‚
450 2605 582 2653 petita,
614 2618 694 2639 non
717 2607 803 2653 qui-

157 2660 245 2695 dem
270 2674 290 2695 a
312 2662 444 2701 domo,
475 2662 516 2695 in
540 2674 612 2708 qua
633 2663 805 2699 versaba-

157 2729 273 2757 mur,
303 2717 575 2759 similitudine,
606 2718 670 2753 sed
698 2719 742 2756 ab
766 2733 808 2756 ea

866 1430 961 1465 quae
995 1416 1044 1451 est
1071 1416 1113 1451 in
1134 1415 1313 1452 choream
1338 1417 1514 1452 ducenti-

864 1473 936 1509 bus
981 1486 1168 1507 manuum
1209 1473 1514 1520 conjunctioneg

866 1540 902 1565 et
929 1529 1056 1565 suadet
1084 1528 1157 1564 tale
1186 1531 1283 1577 quid
1310 1531 1423 1564 etiam
1446 1529 1515 1564 hio

863 1586 1031 1635 probare
1052 1585 1161 1621 locus
1189 1586 1311 1620 nostri
1333 1586 1516 1633 geminus

864 1655 900 1690 9,
924 1650 962 1689 4,
991 1653 1079 1689 129.
1112 1642 1313 1682 „membra
1338 1655 1514 1678 connexa.

864 1701 978 1740 „sunt
998 1718 1053 1726 --
1073 1710 1117 1734 ut
1146 1698 1327 1735 homines
1344 1714 1402 1725 ——
1421 1712 1515 1735 con·

861 1756 1106 1796 „mentm-5⁶

924 1821 988 1847 21.
1016 1811 1148 1846 Eticzm
1167 1811 1317 1860 fingere
1336 1834 1394 1841 —-
1415 1814 1512 1850 licet.

866 1868 996 1903 Bliror
1022 1869 1220 1903 nemiuem
1242 1869 1405 1905 haesisse.
1448 1873 1512 1906 In-

865 1925 1073 1960 commode

864 1981 929 2017 hic
969 1970 1176 2029 appellavit
1207 1983 1353 2024 noster,
1407 1983 1514 2030 qnod

863 2040 937 2074 loci
968 2037 1163 2074 vocabulo
1184 2039 1397 2088 indigebat,
1423 2053 1514 2074 cum

862 2109 958 2132 mox
981 2106 1017 2130 et
1037 2095 1116 2144 ipse
1139 2107 1175 2131 et
1199 2109 1332 2131 omnes
1349 2097 1512 2132 omnino

862 2153 1067 2201 scriptores
1087 2153 1130 2187 in
1151 2154 1414 2188 mnemonices
1439 2163 1513 2187 tra-

863 2210 1031 2245 ctatione
1064 2210 1245 2257 imagines
1277 2209 1406 2244 sedulo
1435 2209 1511 2243 dis-

862 2263 1023 2301 cernant
1042 2279 1061 2300 a
1083 2266 1181 2301 locis.
1242 2266 1382 2313 Neque
1403 2266 1509 2300 enim

863 2323 1077 2371 quidquam
1106 2322 1283 2370 profecto
1305 2322 1513 2357 voluit-si-

861 2380 1062 2428 gnificare,
1075 2379 1148 2413 nisi
1166 2378 1400 2426 quodetiam
1421 2378 1513 2412 ficta

862 2436 1054 2475 aedificia,
1079 2448 1159 2470 non
1179 2435 1299 2469 modo
1324 2448 1421 2482 quae
1444 2435 1513 2470 ali-

863 2493 955 2530 cubi
1002 2493 1264 2527 inveniuntur
1315 2501 1511 2532 extructa,

861 2550 1017 2599 possunt
1029 2548 1213 2583 inservire
1227 2546 1392 2583 artificio
1407 2561 1513 2583 mne-

1163 1937 1264 1961 certe
1332 1929 1515 1974 imagines

863 2606 1038 2641 monice.
1098 2605 1208 2639 Idem
1232 2606 1346 2639 docet
1365 2606 1513 2639 Heren-

863 2664 1002 2698 nianus
1027 2670 1066 2704 5,
1096 2672 1156 2708 19.
1183 2671 1279 2696 extr.

925 2717 1150 2768 notaesunc.
1175 2717 1223 2753 cf.
1243 2728 1325 2754 not.
1346 2720 1429 2756 crit.
1459 2757 1463 2760 ,

971 2799 1060 2832 Uz
