<?xml version="1.0" encoding="UTF-8"?>
<!DOCTYPE html PUBLIC "-//W3C//DTD XHTML 1.0 Transitional//EN"
    "http://www.w3.org/TR/xhtml1/DTD/xhtml1-transitional.dtd">
<html xmlns="http://www.w3.org/1999/xhtml" xml:lang="en" lang="en">
 <head>
  <title>
</title>
<meta http-equiv="Content-Type" content="text/html;charset=utf-8" />
  <meta name='ocr-system' content='tesseract 3.04.00' />
  <meta name='ocr-capabilities' content='ocr_page ocr_carea ocr_par ocr_line ocrx_word'/>
</head>
<body>
  <div class='ocr_page' id='page_1' title='image "./deinstitutioneor04quinuoft_0469.png"; bbox 0 0 1779 3062; ppageno 0'>
   <div class='ocr_carea' id='block_1_1' title="bbox 378 170 1230 245">
    <p class='ocr_par' dir='ltr' id='par_1_1' title="bbox 378 170 1230 245">
     <span class='ocr_line' id='line_1_1' title="bbox 378 170 1230 245; baseline -0.001 -11"><span class='ocrx_word' id='word_1_1' title='bbox 378 170 543 242; x_wconf 66' lang='lat' dir='ltr'>mszr.</span> <span class='ocrx_word' id='word_1_2' title='bbox 579 188 856 236; x_wconf 73' lang='lat' dir='ltr'>ORATOR.</span> <span class='ocrx_word' id='word_1_3' title='bbox 893 189 1014 235; x_wconf 78' lang='lat' dir='ltr'>Lm.</span> <span class='ocrx_word' id='word_1_4' title='bbox 1049 188 1146 245; x_wconf 84' lang='lat' dir='ltr'>xt,</span> <span class='ocrx_word' id='word_1_5' title='bbox 1185 199 1230 244; x_wconf 76' lang='lat'>3.</span> 
     </span>
    </p>
   </div>
   <div class='ocr_carea' id='block_1_2' title="bbox 1376 194 1476 245">
    <p class='ocr_par' dir='ltr' id='par_1_2' title="bbox 1376 194 1476 245">
     <span class='ocr_line' id='line_1_2' title="bbox 1376 194 1476 245; baseline -0.02 0"><span class='ocrx_word' id='word_1_6' title='bbox 1376 194 1476 245; x_wconf 71' lang='grc'>,443</span> 
     </span>
    </p>
   </div>
   <div class='ocr_carea' id='block_1_3' title="bbox 134 311 1557 379">
    <p class='ocr_par' dir='ltr' id='par_1_3' title="bbox 134 311 1557 379">
     <span class='ocr_line' id='line_1_3' title="bbox 134 311 1557 379; baseline -0.001 -11"><span class='ocrx_word' id='word_1_7' title='bbox 134 316 426 368; x_wconf 83' lang='lat' dir='ltr'><strong>mulierum</strong></span> <span class='ocrx_word' id='word_1_8' title='bbox 448 312 544 371; x_wconf 86' lang='lat' dir='ltr'>est,</span> <span class='ocrx_word' id='word_1_9' title='bbox 583 311 740 379; x_wconf 82' lang='lat' dir='ltr'>supra</span> <span class='ocrx_word' id='word_1_10' title='bbox 773 316 1166 364; x_wconf 79' lang='lat' dir='ltr'><strong>centurionum.</strong></span> <span class='ocrx_word' id='word_1_11' title='bbox 1243 313 1319 362; x_wconf 90' lang='lat' dir='ltr'>Ut</span> <span class='ocrx_word' id='word_1_12' title='bbox 1346 330 1476 379; x_wconf 85' lang='lat' dir='ltr'>pur·</span> <span class='ocrx_word' id='word_1_13' title='bbox 1488 322 1557 370; x_wconf 80' lang='lat'>139&#39;</span> 
     </span>
    </p>
   </div>
   <div class='ocr_carea' id='block_1_4' title="bbox 132 387 1280 532">
    <p class='ocr_par' dir='ltr' id='par_1_4' title="bbox 132 387 1280 532">
     <span class='ocr_line' id='line_1_4' title="bbox 134 387 1280 460; baseline -0.003 -18"><span class='ocrx_word' id='word_1_14' title='bbox 134 409 299 460; x_wconf 80' lang='lat' dir='ltr'>purae</span> <span class='ocrx_word' id='word_1_15' title='bbox 319 402 457 440; x_wconf 84' lang='lat' dir='ltr'>recte</span> <span class='ocrx_word' id='word_1_16' title='bbox 484 387 824 448; x_wconf 77' lang='lat' dir='ltr'>descendant,</span> <span class='ocrx_word' id='word_1_17' title='bbox 864 393 999 440; x_wconf 80' lang='lat' dir='ltr'>levis</span> <span class='ocrx_word' id='word_1_18' title='bbox 1035 409 1161 439; x_wconf 81' lang='lat' dir='ltr'>cura</span> <span class='ocrx_word' id='word_1_19' title='bbox 1194 387 1280 439; x_wconf 85' lang='lat' dir='ltr'>est.</span> 
     </span>
     <span class='ocr_line' id='line_1_5' title="bbox 132 467 868 532; baseline -0.004 -14"><span class='ocrx_word' id='word_1_20' title='bbox 132 481 275 518; x_wconf 85' lang='lat' dir='ltr'>tatur</span> <span class='ocrx_word' id='word_1_21' title='bbox 303 468 519 517; x_wconf 89' lang='lat' dir='ltr'>interim</span> <span class='ocrx_word' id='word_1_22' title='bbox 535 467 868 532; x_wconf 79' lang='lat' dir='ltr'><strong>negligentia.</strong></span> 
     </span>
    </p>
   </div>
   <div class='ocr_carea' id='block_1_5' title="bbox 947 391 1482 517">
    <p class='ocr_par' dir='ltr' id='par_1_5' title="bbox 947 391 1482 517">
     <span class='ocr_line' id='line_1_6' title="bbox 1362 391 1482 439; baseline 0.008 -1"><span class='ocrx_word' id='word_1_23' title='bbox 1362 391 1482 439; x_wconf 91' lang='lat' dir='ltr'>No-</span> 
     </span>
     <span class='ocr_line' id='line_1_7' title="bbox 947 467 1480 517; baseline 0.002 -1"><span class='ocrx_word' id='word_1_24' title='bbox 947 467 1137 516; x_wconf 74' lang='lat' dir='ltr'>Lattim</span> <span class='ocrx_word' id='word_1_25' title='bbox 1161 467 1480 517; x_wconf 82' lang='lat' dir='ltr'>habentium</span> 
     </span>
    </p>
   </div>
   <div class='ocr_carea' id='block_1_6' title="bbox 134 541 1480 608">
    <p class='ocr_par' dir='ltr' id='par_1_6' title="bbox 134 541 1480 608">
     <span class='ocr_line' id='line_1_8' title="bbox 134 541 1480 608; baseline -0.002 -13"><span class='ocrx_word' id='word_1_26' title='bbox 134 547 346 596; x_wconf 90' lang='lat' dir='ltr'>clavum</span> <span class='ocrx_word' id='word_1_27' title='bbox 364 543 559 594; x_wconf 84' lang='lat' dir='ltr'>modus</span> <span class='ocrx_word' id='word_1_28' title='bbox 582 541 680 601; x_wconf 84' lang='lat' dir='ltr'>est,</span> <span class='ocrx_word' id='word_1_29' title='bbox 715 541 862 600; x_wconf 48' lang='lat' dir='ltr'>unfit</span> <span class='ocrx_word' id='word_1_30' title='bbox 885 546 1108 608; x_wconf 78' lang='lat' dir='ltr'>paulum</span> <span class='ocrx_word' id='word_1_31' title='bbox 1133 545 1315 593; x_wconf 84' lang='lat' dir='ltr'>cinctis</span> <span class='ocrx_word' id='word_1_32' title='bbox 1337 543 1480 593; x_wconf 84' lang='lat' dir='ltr'>fum-</span> 
     </span>
    </p>
   </div>
   <div class='ocr_carea' id='block_1_7' title="bbox 117 620 532 749">
    <p class='ocr_par' dir='ltr' id='par_1_7' title="bbox 117 620 532 749">
     <span class='ocr_line' id='line_1_9' title="bbox 117 620 349 673; baseline -0.009 0"><span class='ocrx_word' id='word_1_33' title='bbox 117 620 349 673; x_wconf 66' lang='lat' dir='ltr'>&#39;miffion</span> 
     </span>
     <span class='ocr_line' id='line_1_10' title="bbox 135 698 532 749; baseline -0.008 0"><span class='ocrx_word' id='word_1_34' title='bbox 135 698 331 749; x_wconf 83' lang='lat' dir='ltr'>caesam</span> <span class='ocrx_word' id='word_1_35' title='bbox 354 699 532 748; x_wconf 84' lang='lat' dir='ltr'>velim.</span> 
     </span>
    </p>
   </div>
   <div class='ocr_carea' id='block_1_8' title="bbox 424 618 1480 747">
    <p class='ocr_par' dir='ltr' id='par_1_8' title="bbox 424 618 1480 747">
     <span class='ocr_line' id='line_1_11' title="bbox 424 618 1479 687; baseline 0.001 -18"><span class='ocrx_word' id='word_1_36' title='bbox 424 619 593 687; x_wconf 82' lang='lat' dir='ltr'>Ipsam</span> <span class='ocrx_word' id='word_1_37' title='bbox 616 631 795 685; x_wconf 84' lang='lat' dir='ltr'>togam</span> <span class='ocrx_word' id='word_1_38' title='bbox 816 621 1102 669; x_wconf 75' lang='lat' dir='ltr'>rotundam</span> <span class='ocrx_word' id='word_1_39' title='bbox 1126 618 1249 677; x_wconf 81' lang='lat' dir='ltr'>effe,</span> <span class='ocrx_word' id='word_1_40' title='bbox 1284 632 1337 668; x_wconf 91' lang='lat' dir='ltr'>et</span> <span class='ocrx_word' id='word_1_41' title='bbox 1361 632 1479 685; x_wconf 83' lang='lat' dir='ltr'>apte</span> 
     </span>
     <span class='ocr_line' id='line_1_12' title="bbox 612 695 1480 747; baseline 0 0"><span class='ocrx_word' id='word_1_42' title='bbox 612 698 781 747; x_wconf 85' lang='lat' dir='ltr'>Aliter</span> <span class='ocrx_word' id='word_1_43' title='bbox 805 696 949 745; x_wconf 88' lang='lat' dir='ltr'>enim</span> <span class='ocrx_word' id='word_1_44' title='bbox 976 698 1159 746; x_wconf 85' lang='lat' dir='ltr'>multis</span> <span class='ocrx_word' id='word_1_45' title='bbox 1189 697 1365 746; x_wconf 83' lang='lat' dir='ltr'>modis</span> <span class='ocrx_word' id='word_1_46' title='bbox 1389 695 1480 747; x_wconf 84' lang='lat' dir='ltr'>fiet</span> 
     </span>
    </p>
   </div>
   <div class='ocr_carea' id='block_1_9' title="bbox 133 772 1483 916">
    <p class='ocr_par' dir='ltr' id='par_1_9' title="bbox 133 772 1483 916">
     <span class='ocr_line' id='line_1_13' title="bbox 135 772 1481 841; baseline -0.004 -14"><span class='ocrx_word' id='word_1_47' title='bbox 135 776 382 827; x_wconf 85' lang='lat' dir='ltr'>enormis.</span> <span class='ocrx_word' id='word_1_48' title='bbox 414 779 534 824; x_wconf 86' lang='lat' dir='ltr'>Pars</span> <span class='ocrx_word' id='word_1_49' title='bbox 557 778 668 837; x_wconf 84' lang='lat' dir='ltr'>ejus</span> <span class='ocrx_word' id='word_1_50' title='bbox 687 774 837 841; x_wconf 80' lang='lat' dir='ltr'>prior</span> <span class='ocrx_word' id='word_1_51' title='bbox 857 772 1048 822; x_wconf 83' lang='lat' dir='ltr'>mediis</span> <span class='ocrx_word' id='word_1_52' title='bbox 1069 774 1316 822; x_wconf 82' lang='lat' dir='ltr'>cruribus</span> <span class='ocrx_word' id='word_1_53' title='bbox 1341 776 1481 840; x_wconf 86' lang='lat' dir='ltr'>opti-</span> 
     </span>
     <span class='ocr_line' id='line_1_14' title="bbox 133 849 1483 916; baseline -0.004 -13"><span class='ocrx_word' id='word_1_54' title='bbox 133 871 221 904; x_wconf 88' lang='lat' dir='ltr'>me</span> <span class='ocrx_word' id='word_1_55' title='bbox 267 854 608 909; x_wconf 77' lang='lat' dir='ltr'>terminatur,</span> <span class='ocrx_word' id='word_1_56' title='bbox 650 850 910 916; x_wconf 81' lang='lat' dir='ltr'>posterior</span> <span class='ocrx_word' id='word_1_57' title='bbox 931 849 1117 897; x_wconf 86' lang='lat' dir='ltr'>eadem</span> <span class='ocrx_word' id='word_1_58' title='bbox 1133 851 1384 916; x_wconf 78' lang='lat' dir='ltr'>portione</span> <span class='ocrx_word' id='word_1_59' title='bbox 1407 851 1483 898; x_wconf 78' lang='lat' dir='ltr'>al-</span> 
     </span>
    </p>
   </div>
   <div class='ocr_carea' id='block_1_10' title="bbox 133 930 673 995">
    <p class='ocr_par' dir='ltr' id='par_1_10' title="bbox 133 930 673 995">
     <span class='ocr_line' id='line_1_15' title="bbox 133 930 673 995; baseline -0.011 -14"><span class='ocrx_word' id='word_1_60' title='bbox 133 933 242 980; x_wconf 85' lang='lat' dir='ltr'>tius</span> <span class='ocrx_word' id='word_1_61' title='bbox 270 930 386 995; x_wconf 85' lang='lat' dir='ltr'>&#39;qua</span> <span class='ocrx_word' id='word_1_62' title='bbox 424 930 673 980; x_wconf 83' lang='lat' dir='ltr'>cinctura.</span> 
     </span>
    </p>
   </div>
   <div class='ocr_carea' id='block_1_11' title="bbox 781 924 1561 986">
    <p class='ocr_par' dir='ltr' id='par_1_11' title="bbox 781 924 1561 986">
     <span class='ocr_line' id='line_1_16' title="bbox 781 924 1561 986; baseline -0.003 -10"><span class='ocrx_word' id='word_1_63' title='bbox 781 929 938 976; x_wconf 84' lang='lat' dir='ltr'>Sinus</span> <span class='ocrx_word' id='word_1_64' title='bbox 970 924 1358 976; x_wconf 77' lang='lat' dir='ltr'>decentissimus</span> <span class='ocrx_word' id='word_1_65' title='bbox 1372 964 1386 986; x_wconf 91' lang='lat'>,</span> <span class='ocrx_word' id='word_1_66' title='bbox 1433 924 1561 978; x_wconf 75' lang='lat' dir='ltr'>fi140’</span> 
     </span>
    </p>
   </div>
   <div class='ocr_carea' id='block_1_12' title="bbox 190 1084 1480 1144">
    <p class='ocr_par' dir='ltr' id='par_1_12' title="bbox 190 1084 1480 1144">
     <span class='ocr_line' id='line_1_17' title="bbox 190 1084 1480 1144; baseline 0 -15"><span class='ocrx_word' id='word_1_67' title='bbox 190 1084 195 1085; x_wconf 31' lang='lat'><em>⁷</em></span> <span class='ocrx_word' id='word_1_68' title='bbox 223 1102 316 1142; x_wconf 78' lang='lat'>139.</span> <span class='ocrx_word' id='word_1_69' title='bbox 331 1106 529 1143; x_wconf 77' lang='lat' dir='ltr'>purpurae.</span> <span class='ocrx_word' id='word_1_70' title='bbox 552 1094 687 1144; x_wconf 87' lang='lat' dir='ltr'>Camp.</span> <span class='ocrx_word' id='word_1_71' title='bbox 705 1108 881 1143; x_wconf 82' lang='lat' dir='ltr'>purpura,</span> <span class='ocrx_word' id='word_1_72' title='bbox 903 1103 941 1129; x_wconf 88' lang='lat' dir='ltr'>et</span> <span class='ocrx_word' id='word_1_73' title='bbox 957 1106 1053 1128; x_wconf 76' lang='lat' dir='ltr'>mox</span> <span class='ocrx_word' id='word_1_74' title='bbox 1076 1092 1209 1129; x_wconf 76' lang='lat' dir='ltr'>Turio.</span> <span class='ocrx_word' id='word_1_75' title='bbox 1226 1092 1330 1129; x_wconf 82' lang='lat' dir='ltr'>Flor.</span> <span class='ocrx_word' id='word_1_76' title='bbox 1345 1095 1480 1143; x_wconf 80' lang='lat' dir='ltr'>Camp-</span> 
     </span>
    </p>
   </div>
   <div class='ocr_carea' id='block_1_13' title="bbox 133 1148 340 1201">
    <p class='ocr_par' dir='ltr' id='par_1_13' title="bbox 133 1148 340 1201">
     <span class='ocr_line' id='line_1_18' title="bbox 133 1148 340 1201; baseline 0 -14"><span class='ocrx_word' id='word_1_77' title='bbox 133 1148 340 1201; x_wconf 76' lang='lat' dir='ltr'>descendat.</span> 
     </span>
    </p>
   </div>
   <div class='ocr_carea' id='block_1_14' title="bbox 411 1150 1482 1200">
    <p class='ocr_par' dir='ltr' id='par_1_14' title="bbox 411 1150 1482 1200">
     <span class='ocr_line' id='line_1_19' title="bbox 411 1150 1482 1200; baseline -0.001 -14"><span class='ocrx_word' id='word_1_78' title='bbox 411 1151 510 1186; x_wconf 77' lang='lat' dir='ltr'>Satis</span> <span class='ocrx_word' id='word_1_79' title='bbox 553 1162 710 1200; x_wconf 80' lang='lat' dir='ltr'>apparet</span> <span class='ocrx_word' id='word_1_80' title='bbox 750 1151 897 1186; x_wconf 82' lang='lat' dir='ltr'><strong>occasio</strong></span> <span class='ocrx_word' id='word_1_81' title='bbox 933 1150 1059 1186; x_wconf 83' lang='lat' dir='ltr'>errori</span> <span class='ocrx_word' id='word_1_82' title='bbox 1089 1150 1189 1191; x_wconf 82' lang='lat' dir='ltr'>data,</span> <span class='ocrx_word' id='word_1_83' title='bbox 1219 1160 1264 1185; x_wconf 90' lang='lat' dir='ltr'>ut</span> <span class='ocrx_word' id='word_1_84' title='bbox 1294 1165 1482 1198; x_wconf 81' lang='lat' dir='ltr'>purpurae</span> 
     </span>
    </p>
   </div>
   <div class='ocr_carea' id='block_1_15' title="bbox 133 1207 1483 1425">
    <p class='ocr_par' dir='ltr' id='par_1_15' title="bbox 133 1207 1483 1425">
     <span class='ocr_line' id='line_1_20' title="bbox 133 1207 1481 1256; baseline -0.001 -13"><span class='ocrx_word' id='word_1_85' title='bbox 133 1207 386 1247; x_wconf 77' lang='lat' dir='ltr'>scriberetur,</span> <span class='ocrx_word' id='word_1_86' title='bbox 428 1207 616 1255; x_wconf 85' lang='lat' dir='ltr'>quoniam</span> <span class='ocrx_word' id='word_1_87' title='bbox 646 1208 818 1256; x_wconf 81' lang='lat' dir='ltr'>sequitur</span> <span class='ocrx_word' id='word_1_88' title='bbox 847 1221 886 1242; x_wconf 77' lang='lat' dir='ltr'>re</span> <span class='ocrx_word' id='word_1_89' title='bbox 916 1207 958 1241; x_wconf 86' lang='lat' dir='ltr'>in</span> <span class='ocrx_word' id='word_1_90' title='bbox 991 1215 1109 1246; x_wconf 79' lang='lat' dir='ltr'>recte;</span> <span class='ocrx_word' id='word_1_91' title='bbox 1157 1220 1228 1242; x_wconf 88' lang='lat' dir='ltr'>nec</span> <span class='ocrx_word' id='word_1_92' title='bbox 1259 1207 1481 1242; x_wconf 81' lang='lat' dir='ltr'>dubitarem</span> 
     </span>
     <span class='ocr_line' id='line_1_21' title="bbox 135 1262 1480 1311; baseline -0.001 -11"><span class='ocrx_word' id='word_1_93' title='bbox 135 1273 265 1300; x_wconf 84' lang='lat' dir='ltr'>tenere</span> <span class='ocrx_word' id='word_1_94' title='bbox 286 1262 518 1311; x_wconf 81' lang='lat' dir='ltr'>singularem</span> <span class='ocrx_word' id='word_1_95' title='bbox 534 1290 545 1305; x_wconf 88' lang='lat'><strong>,</strong></span> <span class='ocrx_word' id='word_1_96' title='bbox 576 1263 650 1298; x_wconf 76' lang='lat' dir='ltr'>nifi</span> <span class='ocrx_word' id='word_1_97' title='bbox 668 1263 746 1299; x_wconf 84' lang='lat' dir='ltr'>hoc</span> <span class='ocrx_word' id='word_1_98' title='bbox 762 1277 824 1298; x_wconf 88' lang='lat' dir='ltr'>me</span> <span class='ocrx_word' id='word_1_99' title='bbox 845 1273 1044 1302; x_wconf 70' lang='lat' dir='ltr'>moveret,</span> <span class='ocrx_word' id='word_1_100' title='bbox 1077 1264 1185 1310; x_wconf 88' lang='lat' dir='ltr'>quod</span> <span class='ocrx_word' id='word_1_101' title='bbox 1205 1262 1331 1298; x_wconf 80' lang='lat' dir='ltr'>adhuc</span> <span class='ocrx_word' id='word_1_102' title='bbox 1361 1277 1480 1311; x_wconf 84' lang='lat' dir='ltr'>angu-</span> 
     </span>
     <span class='ocr_line' id='line_1_22' title="bbox 135 1318 1479 1366; baseline 0.001 -11"><span class='ocrx_word' id='word_1_103' title='bbox 135 1320 232 1355; x_wconf 84' lang='lat' dir='ltr'>stum</span> <span class='ocrx_word' id='word_1_104' title='bbox 255 1318 407 1354; x_wconf 83' lang='lat' dir='ltr'>clavum</span> <span class='ocrx_word' id='word_1_105' title='bbox 431 1319 659 1354; x_wconf 77' lang='lat' dir='ltr'>habentium</span> <span class='ocrx_word' id='word_1_106' title='bbox 685 1320 874 1355; x_wconf 83' lang='lat' dir='ltr'>actionem</span> <span class='ocrx_word' id='word_1_107' title='bbox 897 1332 1030 1366; x_wconf 76' lang='lat' dir='ltr'>regere</span> <span class='ocrx_word' id='word_1_108' title='bbox 1049 1320 1209 1354; x_wconf 79' lang='lat' dir='ltr'>videtur</span> <span class='ocrx_word' id='word_1_109' title='bbox 1227 1319 1364 1360; x_wconf 78' lang='lat' dir='ltr'>noster,</span> <span class='ocrx_word' id='word_1_110' title='bbox 1396 1321 1479 1365; x_wconf 76' lang='lat' dir='ltr'>ejus</span> 
     </span>
     <span class='ocr_line' id='line_1_23' title="bbox 135 1374 1483 1425; baseline 0.001 -14"><span class='ocrx_word' id='word_1_111' title='bbox 135 1386 265 1411; x_wconf 76' lang='lat' dir='ltr'>autem</span> <span class='ocrx_word' id='word_1_112' title='bbox 290 1375 400 1411; x_wconf 79' lang='lat' dir='ltr'>binas</span> <span class='ocrx_word' id='word_1_113' title='bbox 427 1389 618 1425; x_wconf 77' lang='lat' dir='ltr'>purpuras</span> <span class='ocrx_word' id='word_1_114' title='bbox 645 1376 757 1411; x_wconf 81' lang='lat' dir='ltr'>fuiffe</span> <span class='ocrx_word' id='word_1_115' title='bbox 785 1389 866 1411; x_wconf 83' lang='lat' dir='ltr'>non</span> <span class='ocrx_word' id='word_1_116' title='bbox 895 1376 970 1410; x_wconf 86' lang='lat' dir='ltr'>hoc</span> <span class='ocrx_word' id='word_1_117' title='bbox 1000 1374 1081 1410; x_wconf 83' lang='lat' dir='ltr'>[olo</span> <span class='ocrx_word' id='word_1_118' title='bbox 1108 1374 1196 1410; x_wconf 92' lang='lat' dir='ltr'>loco</span> <span class='ocrx_word' id='word_1_119' title='bbox 1225 1375 1312 1410; x_wconf 82' lang='lat' dir='ltr'>teste</span> <span class='ocrx_word' id='word_1_120' title='bbox 1346 1376 1483 1416; x_wconf 81' lang='lat' dir='ltr'>doceat</span> 
     </span>
    </p>
   </div>
   <div class='ocr_carea' id='block_1_16' title="bbox 134 1432 725 1481">
    <p class='ocr_par' dir='ltr' id='par_1_16' title="bbox 134 1432 725 1481">
     <span class='ocr_line' id='line_1_24' title="bbox 134 1432 725 1481; baseline 0 -14"><span class='ocrx_word' id='word_1_121' title='bbox 134 1432 362 1473; x_wconf 82' lang='lat' dir='ltr'>Rubenius;</span> <span class='ocrx_word' id='word_1_122' title='bbox 392 1432 474 1468; x_wconf 71' lang='lat' dir='ltr'>vid.</span> <span class='ocrx_word' id='word_1_123' title='bbox 505 1443 587 1468; x_wconf 84' lang='lat' dir='ltr'>not.</span> <span class='ocrx_word' id='word_1_124' title='bbox 617 1445 725 1481; x_wconf 78' lang='lat' dir='ltr'>exeg.</span> 
     </span>
    </p>
   </div>
   <div class='ocr_carea' id='block_1_17' title="bbox 135 1431 1482 1538">
    <p class='ocr_par' dir='ltr' id='par_1_17' title="bbox 135 1431 1482 1538">
     <span class='ocr_line' id='line_1_25' title="bbox 790 1431 1482 1479; baseline 0.001 -13"><span class='ocrx_word' id='word_1_125' title='bbox 790 1433 917 1479; x_wconf 82' lang='lat' dir='ltr'>Quare</span> <span class='ocrx_word' id='word_1_126' title='bbox 950 1443 987 1466; x_wconf 90' lang='lat' dir='ltr'>et</span> <span class='ocrx_word' id='word_1_127' title='bbox 1017 1431 1200 1471; x_wconf 85' lang='lat' dir='ltr'>adducor,</span> <span class='ocrx_word' id='word_1_128' title='bbox 1225 1442 1268 1467; x_wconf 85' lang='lat' dir='ltr'>ut</span> <span class='ocrx_word' id='word_1_129' title='bbox 1291 1439 1327 1476; x_wconf 82' lang='lat'>8,</span> <span class='ocrx_word' id='word_1_130' title='bbox 1349 1440 1387 1476; x_wconf 84' lang='lat'>5,</span> <span class='ocrx_word' id='word_1_131' title='bbox 1415 1440 1482 1477; x_wconf 81' lang='lat'>28.</span> 
     </span>
     <span class='ocr_line' id='line_1_26' title="bbox 135 1486 1302 1538; baseline -0.001 -15"><span class='ocrx_word' id='word_1_132' title='bbox 135 1488 253 1523; x_wconf 82' lang='lat' dir='ltr'>latum</span> <span class='ocrx_word' id='word_1_133' title='bbox 278 1489 424 1538; x_wconf 81' lang='lat' dir='ltr'>pariter</span> <span class='ocrx_word' id='word_1_134' title='bbox 456 1498 492 1524; x_wconf 92' lang='lat' dir='ltr'>et</span> <span class='ocrx_word' id='word_1_135' title='bbox 525 1486 719 1537; x_wconf 78' lang='lat' dir='ltr'>angustum</span> <span class='ocrx_word' id='word_1_136' title='bbox 753 1488 905 1524; x_wconf 80' lang='lat' dir='ltr'>clavum</span> <span class='ocrx_word' id='word_1_137' title='bbox 939 1487 1107 1523; x_wconf 86' lang='lat' dir='ltr'>indicari</span> <span class='ocrx_word' id='word_1_138' title='bbox 1137 1489 1302 1523; x_wconf 84' lang='lat' dir='ltr'>credam.</span> 
     </span>
    </p>
   </div>
   <div class='ocr_carea' id='block_1_18' title="bbox 1391 1504 1484 1537">
    <p class='ocr_par' dir='ltr' id='par_1_18' title="bbox 1391 1504 1484 1537">
     <span class='ocr_line' id='line_1_27' title="bbox 1391 1504 1484 1537; baseline -0.011 -12"><span class='ocrx_word' id='word_1_139' title='bbox 1391 1504 1484 1537; x_wconf 77' lang='lat' dir='ltr'>pau·</span> 
     </span>
    </p>
   </div>
   <div class='ocr_carea' id='block_1_19' title="bbox 135 1542 1483 1593">
    <p class='ocr_par' dir='ltr' id='par_1_19' title="bbox 135 1542 1483 1593">
     <span class='ocr_line' id='line_1_28' title="bbox 135 1542 1483 1593; baseline 0.001 -14"><span class='ocrx_word' id='word_1_140' title='bbox 135 1545 210 1579; x_wconf 86' lang='lat' dir='ltr'>lum</span> <span class='ocrx_word' id='word_1_141' title='bbox 232 1546 343 1579; x_wconf 78' lang='lat' dir='ltr'>cruris</span> <span class='ocrx_word' id='word_1_142' title='bbox 363 1544 491 1580; x_wconf 87' lang='lat' dir='ltr'>Guelf.</span> <span class='ocrx_word' id='word_1_143' title='bbox 521 1543 599 1592; x_wconf 76' lang='lat' dir='ltr'>fiet</span> <span class='ocrx_word' id='word_1_144' title='bbox 626 1545 815 1581; x_wconf 75' lang='lat' dir='ltr'>omittunt</span> <span class='ocrx_word' id='word_1_145' title='bbox 836 1544 968 1580; x_wconf 79' lang='lat' dir='ltr'>Turic-</span> <span class='ocrx_word' id='word_1_146' title='bbox 995 1542 1098 1578; x_wconf 85' lang='lat' dir='ltr'>Flor.</span> <span class='ocrx_word' id='word_1_147' title='bbox 1127 1557 1216 1578; x_wconf 89' lang='lat' dir='ltr'>cum</span> <span class='ocrx_word' id='word_1_148' title='bbox 1237 1544 1341 1580; x_wconf 84' lang='lat' dir='ltr'>Alm.</span> <span class='ocrx_word' id='word_1_149' title='bbox 1363 1543 1483 1593; x_wconf 73' lang='lat' dir='ltr'>poste-</span> 
     </span>
    </p>
   </div>
   <div class='ocr_carea' id='block_1_20' title="bbox 135 1601 673 1638">
    <p class='ocr_par' dir='ltr' id='par_1_20' title="bbox 135 1601 673 1638">
     <span class='ocr_line' id='line_1_29' title="bbox 135 1601 673 1638; baseline 0.004 -2"><span class='ocrx_word' id='word_1_150' title='bbox 135 1603 234 1636; x_wconf 79' lang='lat' dir='ltr'>riore</span> <span class='ocrx_word' id='word_1_151' title='bbox 265 1601 393 1636; x_wconf 79' lang='lat' dir='ltr'>eadem</span> <span class='ocrx_word' id='word_1_152' title='bbox 413 1601 547 1637; x_wconf 66' lang='lat' dir='ltr'>Tuiic.</span> <span class='ocrx_word' id='word_1_153' title='bbox 568 1603 597 1636; x_wconf 87' lang='lat' dir='ltr'>F</span> <span class='ocrx_word' id='word_1_154' title='bbox 600 1601 673 1638; x_wconf 87' lang='lat' dir='ltr'>lor.</span> 
     </span>
    </p>
   </div>
   <div class='ocr_carea' id='block_1_21' title="bbox 132 1713 789 2782">
    <p class='ocr_par' dir='ltr' id='par_1_21' title="bbox 133 1713 780 1869">
     <span class='ocr_line' id='line_1_30' title="bbox 133 1713 780 1763; baseline 0.005 -15"><span class='ocrx_word' id='word_1_155' title='bbox 133 1714 336 1756; x_wconf 81' lang='lat' dir='ltr'>Gefnerus,</span> <span class='ocrx_word' id='word_1_156' title='bbox 365 1723 528 1763; x_wconf 75' lang='lat' dir='ltr'>propter</span> <span class='ocrx_word' id='word_1_157' title='bbox 557 1713 674 1761; x_wconf 82' lang='lat' dir='ltr'>ipsam</span> <span class='ocrx_word' id='word_1_158' title='bbox 699 1715 780 1751; x_wconf 84' lang='lat' dir='ltr'>cin-</span> 
     </span>
     <span class='ocr_line' id='line_1_31' title="bbox 133 1770 777 1819; baseline 0.006 -15"><span class='ocrx_word' id='word_1_159' title='bbox 133 1770 251 1819; x_wconf 86' lang='lat' dir='ltr'>gendi</span> <span class='ocrx_word' id='word_1_160' title='bbox 318 1772 512 1806; x_wconf 72' lang='lat' dir='ltr'>rationem</span> <span class='ocrx_word' id='word_1_161' title='bbox 570 1770 777 1808; x_wconf 70' lang='lat' dir='ltr'>attollitur.</span> 
     </span>
     <span class='ocr_line' id='line_1_32' title="bbox 134 1826 489 1869; baseline 0 -9"><span class='ocrx_word' id='word_1_162' title='bbox 134 1826 242 1869; x_wconf 81' lang='lat' dir='ltr'>[Vid.</span> <span class='ocrx_word' id='word_1_163' title='bbox 271 1827 489 1867; x_wconf 85' lang='lat' dir='ltr'>Addenda.]</span> 
     </span>
    </p>

    <p class='ocr_par' dir='ltr' id='par_1_22' title="bbox 132 1876 789 2782">
     <span class='ocr_line' id='line_1_33' title="bbox 188 1876 781 1933; baseline 0.003 -16"><span class='ocrx_word' id='word_1_164' title='bbox 188 1876 285 1930; x_wconf 64' lang='lat'>⁸239.</span> <span class='ocrx_word' id='word_1_165' title='bbox 317 1891 447 1930; x_wconf 78' lang='lat' dir='ltr'>togam</span> <span class='ocrx_word' id='word_1_166' title='bbox 474 1883 674 1919; x_wconf 78' lang='lat' dir='ltr'>rotundam</span> <span class='ocrx_word' id='word_1_167' title='bbox 709 1881 781 1933; x_wconf 80' lang='lat' dir='ltr'>effe</span> 
     </span>
     <span class='ocr_line' id='line_1_34' title="bbox 132 1939 780 1987; baseline 0.002 -14"><span class='ocrx_word' id='word_1_168' title='bbox 132 1956 189 1967; x_wconf 90' lang='lat'>-—</span> <span class='ocrx_word' id='word_1_169' title='bbox 207 1939 330 1974; x_wconf 74' lang='lat' dir='ltr'>velim.</span> <span class='ocrx_word' id='word_1_170' title='bbox 378 1939 484 1973; x_wconf 85' lang='lat' dir='ltr'>Haec</span> <span class='ocrx_word' id='word_1_171' title='bbox 509 1951 620 1987; x_wconf 84' lang='lat' dir='ltr'>togae</span> <span class='ocrx_word' id='word_1_172' title='bbox 642 1950 780 1976; x_wconf 79' lang='lat' dir='ltr'>rotun-</span> 
     </span>
     <span class='ocr_line' id='line_1_35' title="bbox 135 1995 780 2044; baseline 0 -14"><span class='ocrx_word' id='word_1_173' title='bbox 135 1995 233 2030; x_wconf 81' lang='lat' dir='ltr'>ditas</span> <span class='ocrx_word' id='word_1_174' title='bbox 266 2009 314 2030; x_wconf 85' lang='lat' dir='ltr'>an</span> <span class='ocrx_word' id='word_1_175' title='bbox 342 1995 462 2031; x_wconf 81' lang='lat' dir='ltr'>fuerit</span> <span class='ocrx_word' id='word_1_176' title='bbox 482 1995 595 2044; x_wconf 86' lang='lat' dir='ltr'>plane</span> <span class='ocrx_word' id='word_1_177' title='bbox 618 1996 780 2032; x_wconf 84' lang='lat' dir='ltr'>circula-</span> 
     </span>
     <span class='ocr_line' id='line_1_36' title="bbox 135 2051 779 2094; baseline -0.002 -7"><span class='ocrx_word' id='word_1_178' title='bbox 135 2052 201 2091; x_wconf 69' lang='lat' dir='ltr'>ris,</span> <span class='ocrx_word' id='word_1_179' title='bbox 224 2051 476 2087; x_wconf 67' lang='lat' dir='ltr'>vehementer</span> <span class='ocrx_word' id='word_1_180' title='bbox 505 2053 656 2094; x_wconf 81' lang='lat' dir='ltr'>dubito,</span> <span class='ocrx_word' id='word_1_181' title='bbox 690 2065 779 2088; x_wconf 89' lang='lat' dir='ltr'>cum</span> 
     </span>
     <span class='ocr_line' id='line_1_37' title="bbox 135 2108 781 2156; baseline 0.003 -14"><span class='ocrx_word' id='word_1_182' title='bbox 135 2108 303 2152; x_wconf 69' lang='grc' dir='ltr'>τὴβεννον</span> <span class='ocrx_word' id='word_1_183' title='bbox 338 2108 555 2155; x_wconf 75' lang='lat' dir='ltr'>Dionysius</span> <span class='ocrx_word' id='word_1_184' title='bbox 600 2110 674 2156; x_wconf 85' lang='lat' dir='ltr'>ajat</span> <span class='ocrx_word' id='word_1_185' title='bbox 711 2109 781 2144; x_wconf 77' lang='lat' dir='ltr'>effe</span> 
     </span>
     <span class='ocr_line' id='line_1_38' title="bbox 136 2161 782 2213; baseline 0.003 -14"><span class='ocrx_word' id='word_1_186' title='bbox 136 2161 350 2210; x_wconf 68' lang='grc' dir='ltr'><strong><em>ἧμικύκλιου</em></strong></span> <span class='ocrx_word' id='word_1_187' title='bbox 367 2162 418 2209; x_wconf 68' lang='grc' dir='ltr'>τῷ</span> <span class='ocrx_word' id='word_1_188' title='bbox 439 2163 618 2212; x_wconf 67' lang='grc' dir='ltr'><strong><em>σχήματι.</em></strong></span> <span class='ocrx_word' id='word_1_189' title='bbox 654 2166 782 2213; x_wconf 84' lang='lat' dir='ltr'>Quare</span> 
     </span>
     <span class='ocr_line' id='line_1_39' title="bbox 138 2222 782 2270; baseline 0.002 -13"><span class='ocrx_word' id='word_1_190' title='bbox 138 2222 248 2270; x_wconf 85' lang='lat' dir='ltr'>quod</span> <span class='ocrx_word' id='word_1_191' title='bbox 269 2222 456 2257; x_wconf 70' lang='lat' dir='ltr'>Gesnerus</span> <span class='ocrx_word' id='word_1_192' title='bbox 479 2222 525 2256; x_wconf 88' lang='lat' dir='ltr'>ad</span> <span class='ocrx_word' id='word_1_193' title='bbox 547 2225 581 2269; x_wconf 58' lang='grc' dir='ltr'>ᾗ.</span> <span class='ocrx_word' id='word_1_194' title='bbox 610 2231 701 2267; x_wconf 80' lang='lat'>151.</span> <span class='ocrx_word' id='word_1_195' title='bbox 727 2233 782 2258; x_wconf 91' lang='lat' dir='ltr'>te-</span> 
     </span>
     <span class='ocr_line' id='line_1_40' title="bbox 132 2277 782 2321; baseline -0.002 -6"><span class='ocrx_word' id='word_1_196' title='bbox 132 2278 311 2315; x_wconf 78' lang='lat' dir='ltr'>,nendum</span> <span class='ocrx_word' id='word_1_197' title='bbox 329 2277 499 2313; x_wconf 83' lang='lat' dir='ltr'>firmiter</span> <span class='ocrx_word' id='word_1_198' title='bbox 520 2280 655 2320; x_wconf 81' lang='lat' dir='ltr'>censet,</span> <span class='ocrx_word' id='word_1_199' title='bbox 681 2279 782 2321; x_wconf 79' lang='lat' dir='ltr'>„effe</span> 
     </span>
     <span class='ocr_line' id='line_1_41' title="bbox 138 2324 784 2376; baseline 0.005 -8"><span class='ocrx_word' id='word_1_200' title='bbox 138 2324 376 2376; x_wconf 75' lang='lat' dir='ltr'>„rotundam</span> <span class='ocrx_word' id='word_1_201' title='bbox 412 2334 594 2370; x_wconf 77' lang='lat' dir='ltr'>circulari</span> <span class='ocrx_word' id='word_1_202' title='bbox 617 2336 784 2371; x_wconf 85' lang='lat' dir='ltr'>sectione</span> 
     </span>
     <span class='ocr_line' id='line_1_42' title="bbox 140 2386 784 2439; baseline 0.006 -15"><span class='ocrx_word' id='word_1_203' title='bbox 140 2390 211 2431; x_wconf 86' lang='lat' dir='ltr'>„in</span> <span class='ocrx_word' id='word_1_204' title='bbox 248 2390 381 2426; x_wconf 85' lang='lat' dir='ltr'>medio</span> <span class='ocrx_word' id='word_1_205' title='bbox 411 2402 582 2439; x_wconf 82' lang='lat' dir='ltr'>apertam</span> <span class='ocrx_word' id='word_1_206' title='bbox 613 2392 660 2427; x_wconf 83' lang='lat' dir='ltr'>ad</span> <span class='ocrx_word' id='word_1_207' title='bbox 693 2386 784 2428; x_wconf 78' lang='lat' dir='ltr'>eum</span> 
     </span>
     <span class='ocr_line' id='line_1_43' title="bbox 141 2446 785 2498; baseline 0.006 -18"><span class='ocrx_word' id='word_1_208' title='bbox 141 2446 354 2487; x_wconf 85' lang='lat' dir='ltr'>„modum,</span> <span class='ocrx_word' id='word_1_209' title='bbox 395 2458 450 2488; x_wconf 83' lang='lat' dir='ltr'>ut,</span> <span class='ocrx_word' id='word_1_210' title='bbox 489 2447 520 2482; x_wconf 83' lang='lat' dir='ltr'>si</span> <span class='ocrx_word' id='word_1_211' title='bbox 553 2448 785 2498; x_wconf 77' lang='lat' dir='ltr'>explicatam</span> 
     </span>
     <span class='ocr_line' id='line_1_44' title="bbox 141 2502 786 2555; baseline 0.009 -19"><span class='ocrx_word' id='word_1_212' title='bbox 141 2502 286 2543; x_wconf 83' lang='lat' dir='ltr'>„humi</span> <span class='ocrx_word' id='word_1_213' title='bbox 315 2516 457 2552; x_wconf 82' lang='lat' dir='ltr'>ponas,</span> <span class='ocrx_word' id='word_1_214' title='bbox 503 2515 668 2555; x_wconf 85' lang='lat' dir='ltr'>utraque</span> <span class='ocrx_word' id='word_1_215' title='bbox 702 2507 786 2553; x_wconf 85' lang='lat' dir='ltr'>ejus</span> 
     </span>
     <span class='ocr_line' id='line_1_45' title="bbox 141 2559 786 2600; baseline 0.006 -6"><span class='ocrx_word' id='word_1_216' title='bbox 141 2572 239 2600; x_wconf 78' lang='lat' dir='ltr'>„ora</span> <span class='ocrx_word' id='word_1_217' title='bbox 267 2559 495 2595; x_wconf 82' lang='lat' dir='ltr'>circularem</span> <span class='ocrx_word' id='word_1_218' title='bbox 520 2560 662 2598; x_wconf 81' lang='lat' dir='ltr'>lineam</span> <span class='ocrx_word' id='word_1_219' title='bbox 689 2563 786 2598; x_wconf 81' lang='lat' dir='ltr'>refe-</span> 
     </span>
     <span class='ocr_line' id='line_1_46' title="bbox 144 2616 789 2665; baseline 0.008 -15"><span class='ocrx_word' id='word_1_220' title='bbox 144 2627 245 2657; x_wconf 80' lang='lat' dir='ltr'>„1·at‚</span> <span class='ocrx_word' id='word_1_221' title='bbox 275 2616 471 2652; x_wconf 83' lang='lat' dir='ltr'>minorem</span> <span class='ocrx_word' id='word_1_222' title='bbox 496 2619 637 2665; x_wconf 77' lang='lat' dir='ltr'>majori</span> <span class='ocrx_word' id='word_1_223' title='bbox 663 2619 789 2655; x_wconf 88' lang='lat' dir='ltr'>inclu-</span> 
     </span>
     <span class='ocr_line' id='line_1_47' title="bbox 144 2672 789 2723; baseline 0.008 -17"><span class='ocrx_word' id='word_1_224' title='bbox 144 2673 276 2713; x_wconf 84' lang='lat' dir='ltr'>„sam“</span> <span class='ocrx_word' id='word_1_225' title='bbox 308 2672 411 2707; x_wconf 83' lang='lat' dir='ltr'>mihi</span> <span class='ocrx_word' id='word_1_226' title='bbox 439 2688 682 2723; x_wconf 80' lang='lat' dir='ltr'>nequaquam</span> <span class='ocrx_word' id='word_1_227' title='bbox 703 2689 789 2723; x_wconf 87' lang='lat' dir='ltr'>per-</span> 
     </span>
     <span class='ocr_line' id='line_1_48' title="bbox 145 2729 787 2782; baseline 0.005 -17"><span class='ocrx_word' id='word_1_228' title='bbox 145 2729 286 2766; x_wconf 82' lang='lat' dir='ltr'>suadet.</span> <span class='ocrx_word' id='word_1_229' title='bbox 345 2731 512 2767; x_wconf 82' lang='lat' dir='ltr'>Tantum</span> <span class='ocrx_word' id='word_1_230' title='bbox 543 2732 626 2768; x_wconf 79' lang='lat' dir='ltr'>sane</span> <span class='ocrx_word' id='word_1_231' title='bbox 649 2732 787 2782; x_wconf 79' lang='lat' dir='ltr'>liquet,</span> 
     </span>
    </p>
   </div>
   <div class='ocr_carea' id='block_1_22' title="bbox 967 1601 1483 1648">
    <p class='ocr_par' dir='ltr' id='par_1_23' title="bbox 967 1601 1483 1648">
     <span class='ocr_line' id='line_1_49' title="bbox 967 1601 1483 1648; baseline 0.012 -14"><span class='ocrx_word' id='word_1_232' title='bbox 967 1613 1040 1648; x_wconf 82' lang='lat' dir='ltr'>qua</span> <span class='ocrx_word' id='word_1_233' title='bbox 1067 1602 1240 1637; x_wconf 73' lang='lat' dir='ltr'>cinctura.</span> <span class='ocrx_word' id='word_1_234' title='bbox 1272 1601 1335 1636; x_wconf 74' lang='lat' dir='ltr'>Sic</span> <span class='ocrx_word' id='word_1_235' title='bbox 1363 1604 1483 1640; x_wconf 69' lang='lat' dir='ltr'>Bern-</span> 
     </span>
    </p>
   </div>
   <div class='ocr_carea' id='block_1_23' title="bbox 836 1713 1494 2786">
    <p class='ocr_par' dir='ltr' id='par_1_24' title="bbox 836 1713 1491 2671">
     <span class='ocr_line' id='line_1_50' title="bbox 838 1713 1486 1764; baseline 0.009 -16"><span class='ocrx_word' id='word_1_236' title='bbox 838 1713 990 1764; x_wconf 79' lang='lat' dir='ltr'>opponi</span> <span class='ocrx_word' id='word_1_237' title='bbox 1010 1713 1206 1762; x_wconf 83' lang='lat' dir='ltr'>quadratis</span> <span class='ocrx_word' id='word_1_238' title='bbox 1225 1713 1395 1751; x_wconf 78' lang='lat' dir='ltr'>vestibus</span> <span class='ocrx_word' id='word_1_239' title='bbox 1404 1718 1486 1754; x_wconf 80' lang='lat' dir='ltr'>Ro-</span> 
     </span>
     <span class='ocr_line' id='line_1_51' title="bbox 836 1769 1484 1822; baseline 0.006 -16"><span class='ocrx_word' id='word_1_240' title='bbox 836 1784 979 1809; x_wconf 80' lang='lat' dir='ltr'>manas,</span> <span class='ocrx_word' id='word_1_241' title='bbox 1010 1769 1121 1804; x_wconf 80' lang='lat' dir='ltr'>velut</span> <span class='ocrx_word' id='word_1_242' title='bbox 1139 1782 1242 1811; x_wconf 84' lang='lat' dir='ltr'>cum,</span> <span class='ocrx_word' id='word_1_243' title='bbox 1266 1773 1336 1819; x_wconf 86' lang='lat' dir='ltr'>qui</span> <span class='ocrx_word' id='word_1_244' title='bbox 1350 1783 1484 1822; x_wconf 80' lang='lat' dir='ltr'>togam</span> 
     </span>
     <span class='ocr_line' id='line_1_52' title="bbox 838 1827 1484 1870; baseline 0.006 -7"><span class='ocrx_word' id='word_1_245' title='bbox 838 1837 1024 1863; x_wconf 81' lang='lat' dir='ltr'>exuerant</span> <span class='ocrx_word' id='word_1_246' title='bbox 1033 1837 1142 1861; x_wconf 79' lang='lat' dir='ltr'>metu</span> <span class='ocrx_word' id='word_1_247' title='bbox 1151 1827 1408 1870; x_wconf 81' lang='lat' dir='ltr'>Mithridatis,</span> <span class='ocrx_word' id='word_1_248' title='bbox 1423 1832 1484 1867; x_wconf 85' lang='lat' dir='ltr'>di-</span> 
     </span>
     <span class='ocr_line' id='line_1_53' title="bbox 839 1880 1486 1935; baseline 0.006 -17"><span class='ocrx_word' id='word_1_249' title='bbox 839 1894 981 1920; x_wconf 87' lang='lat' dir='ltr'>cuntur</span> <span class='ocrx_word' id='word_1_250' title='bbox 1013 1880 1334 1925; x_wconf 60' lang='grc' dir='ltr'>μεταμφιὲσικσθαι</span> <span class='ocrx_word' id='word_1_251' title='bbox 1363 1886 1486 1935; x_wconf 69' lang='grc' dir='ltr'>τετρά-</span> 
     </span>
     <span class='ocr_line' id='line_1_54' title="bbox 838 1935 1484 1988; baseline 0.012 -15"><span class='ocrx_word' id='word_1_252' title='bbox 838 1954 938 1988; x_wconf 70' lang='grc' dir='ltr'>γωνα</span> <span class='ocrx_word' id='word_1_253' title='bbox 957 1935 1088 1984; x_wconf 72' lang='grc' dir='ltr'><strong><em>ἱμάτια,</em></strong></span> <span class='ocrx_word' id='word_1_254' title='bbox 1119 1940 1221 1988; x_wconf 78' lang='lat' dir='ltr'>apud</span> <span class='ocrx_word' id='word_1_255' title='bbox 1240 1941 1484 1980; x_wconf 82' lang='lat' dir='ltr'>Athenaeum</span> 
     </span>
     <span class='ocr_line' id='line_1_55' title="bbox 837 1996 1484 2049; baseline 0.009 -18"><span class='ocrx_word' id='word_1_256' title='bbox 837 1997 864 2032; x_wconf 89' lang='lat'>1.</span> <span class='ocrx_word' id='word_1_257' title='bbox 900 2003 936 2040; x_wconf 86' lang='lat'>5.</span> <span class='ocrx_word' id='word_1_258' title='bbox 969 2009 1008 2044; x_wconf 84' lang='lat' dir='ltr'>p.</span> <span class='ocrx_word' id='word_1_259' title='bbox 1041 2005 1134 2040; x_wconf 78' lang='lat'>215.</span> <span class='ocrx_word' id='word_1_260' title='bbox 1174 1996 1264 2032; x_wconf 83' lang='grc'>0011.</span> <span class='ocrx_word' id='word_1_261' title='bbox 1303 1999 1384 2034; x_wconf 86' lang='lat' dir='ltr'>Cic.</span> <span class='ocrx_word' id='word_1_262' title='bbox 1408 2014 1484 2049; x_wconf 84' lang='lat' dir='ltr'>pro</span> 
     </span>
     <span class='ocr_line' id='line_1_56' title="bbox 838 2052 1486 2093; baseline 0.008 -4"><span class='ocrx_word' id='word_1_263' title='bbox 838 2053 971 2089; x_wconf 81' lang='lat' dir='ltr'>Rabir.</span> <span class='ocrx_word' id='word_1_264' title='bbox 1000 2052 1098 2089; x_wconf 87' lang='lat' dir='ltr'>Post.</span> <span class='ocrx_word' id='word_1_265' title='bbox 1118 2066 1150 2088; x_wconf 90' lang='lat' dir='ltr'>c.</span> <span class='ocrx_word' id='word_1_266' title='bbox 1178 2065 1242 2088; x_wconf 88' lang='lat'>10.</span> <span class='ocrx_word' id='word_1_267' title='bbox 1300 2056 1374 2090; x_wconf 89' lang='lat' dir='ltr'>Sed</span> <span class='ocrx_word' id='word_1_268' title='bbox 1406 2058 1486 2093; x_wconf 85' lang='lat' dir='ltr'>hoe</span> 
     </span>
     <span class='ocr_line' id='line_1_57' title="bbox 838 2110 1488 2157; baseline 0.008 -12"><span class='ocrx_word' id='word_1_269' title='bbox 838 2124 886 2146; x_wconf 85' lang='lat' dir='ltr'>ne</span> <span class='ocrx_word' id='word_1_270' title='bbox 916 2110 1016 2145; x_wconf 82' lang='lat' dir='ltr'>forte</span> <span class='ocrx_word' id='word_1_271' title='bbox 1050 2110 1257 2157; x_wconf 82' lang='lat' dir='ltr'>quisquam</span> <span class='ocrx_word' id='word_1_272' title='bbox 1289 2123 1336 2146; x_wconf 88' lang='lat' dir='ltr'>eo</span> <span class='ocrx_word' id='word_1_273' title='bbox 1360 2114 1488 2150; x_wconf 86' lang='lat' dir='ltr'>trahe·</span> 
     </span>
     <span class='ocr_line' id='line_1_58' title="bbox 839 2165 1488 2219; baseline 0.005 -19"><span class='ocrx_word' id='word_1_274' title='bbox 839 2178 922 2207; x_wconf 81' lang='lat' dir='ltr'>ret,</span> <span class='ocrx_word' id='word_1_275' title='bbox 954 2176 998 2201; x_wconf 87' lang='lat' dir='ltr'>ut</span> <span class='ocrx_word' id='word_1_276' title='bbox 1030 2165 1174 2202; x_wconf 82' lang='lat' dir='ltr'>clausae</span> <span class='ocrx_word' id='word_1_277' title='bbox 1204 2166 1352 2205; x_wconf 84' lang='lat' dir='ltr'>fuerint</span> <span class='ocrx_word' id='word_1_278' title='bbox 1374 2180 1488 2219; x_wconf 74' lang='lat' dir='ltr'>togae</span> 
     </span>
     <span class='ocr_line' id='line_1_59' title="bbox 839 2222 1489 2269; baseline 0.009 -12"><span class='ocrx_word' id='word_1_279' title='bbox 839 2223 1087 2258; x_wconf 79' lang='lat' dir='ltr'>indufiorum</span> <span class='ocrx_word' id='word_1_280' title='bbox 1115 2222 1334 2259; x_wconf 71' lang='lat' dir='ltr'>nostrorum</span> <span class='ocrx_word' id='word_1_281' title='bbox 1359 2226 1489 2269; x_wconf 84' lang='lat' dir='ltr'>inftar,</span> 
     </span>
     <span class='ocr_line' id='line_1_60' title="bbox 841 2279 1488 2321; baseline 0.005 -7"><span class='ocrx_word' id='word_1_282' title='bbox 841 2280 911 2315; x_wconf 80' lang='lat' dir='ltr'>diu</span> <span class='ocrx_word' id='word_1_283' title='bbox 929 2279 978 2314; x_wconf 86' lang='lat' dir='ltr'>est</span> <span class='ocrx_word' id='word_1_284' title='bbox 998 2293 1088 2315; x_wconf 92' lang='lat' dir='ltr'>cum</span> <span class='ocrx_word' id='word_1_285' title='bbox 1100 2291 1287 2315; x_wconf 66' lang='lat' dir='ltr'>caverunt</span> <span class='ocrx_word' id='word_1_286' title='bbox 1300 2283 1381 2319; x_wconf 86' lang='lat' dir='ltr'>VV.</span> <span class='ocrx_word' id='word_1_287' title='bbox 1392 2285 1488 2321; x_wconf 88' lang='lat' dir='ltr'>DD.</span> 
     </span>
     <span class='ocr_line' id='line_1_61' title="bbox 1434 2342 1489 2377; baseline 0.036 -2"><span class='ocrx_word' id='word_1_288' title='bbox 1434 2342 1489 2377; x_wconf 90' lang='lat' dir='ltr'>Ut</span> 
     </span>
     <span class='ocr_line' id='line_1_62' title="bbox 839 2393 1490 2442; baseline 0.006 -14"><span class='ocrx_word' id='word_1_289' title='bbox 839 2393 992 2442; x_wconf 77' lang='lat' dir='ltr'>priores</span> <span class='ocrx_word' id='word_1_290' title='bbox 1014 2394 1233 2428; x_wconf 74' lang='lat' dir='ltr'>tunicarum</span> <span class='ocrx_word' id='word_1_291' title='bbox 1248 2406 1330 2430; x_wconf 77' lang='lat' dir='ltr'>oras</span> <span class='ocrx_word' id='word_1_292' title='bbox 1351 2397 1490 2432; x_wconf 79' lang='lat' dir='ltr'>demis-</span> 
     </span>
     <span class='ocr_line' id='line_1_63' title="bbox 842 2449 1490 2499; baseline 0.006 -14"><span class='ocrx_word' id='word_1_293' title='bbox 842 2450 960 2485; x_wconf 78' lang='lat' dir='ltr'>siores</span> <span class='ocrx_word' id='word_1_294' title='bbox 984 2449 1055 2484; x_wconf 80' lang='lat' dir='ltr'>effe</span> <span class='ocrx_word' id='word_1_295' title='bbox 1083 2449 1237 2496; x_wconf 80' lang='lat' dir='ltr'>jufferat</span> <span class='ocrx_word' id='word_1_296' title='bbox 1265 2452 1490 2499; x_wconf 78' lang='lat' dir='ltr'>posteriori·</span> 
     </span>
     <span class='ocr_line' id='line_1_64' title="bbox 843 2505 1490 2555; baseline 0.009 -15"><span class='ocrx_word' id='word_1_297' title='bbox 843 2507 930 2547; x_wconf 86' lang='lat' dir='ltr'>bus,</span> <span class='ocrx_word' id='word_1_298' title='bbox 948 2505 1000 2541; x_wconf 83' lang='lat' dir='ltr'>fic</span> <span class='ocrx_word' id='word_1_299' title='bbox 1017 2516 1053 2540; x_wconf 92' lang='lat' dir='ltr'>et</span> <span class='ocrx_word' id='word_1_300' title='bbox 1074 2505 1205 2541; x_wconf 83' lang='lat' dir='ltr'>eadem</span> <span class='ocrx_word' id='word_1_301' title='bbox 1224 2509 1407 2555; x_wconf 82' lang='lat' dir='ltr'>portione</span> <span class='ocrx_word' id='word_1_302' title='bbox 1431 2521 1490 2546; x_wconf 91' lang='lat' dir='ltr'>to-</span> 
     </span>
     <span class='ocr_line' id='line_1_65' title="bbox 845 2563 1490 2615; baseline 0.011 -19"><span class='ocrx_word' id='word_1_303' title='bbox 845 2576 933 2611; x_wconf 71' lang='lat' dir='ltr'>gam</span> <span class='ocrx_word' id='word_1_304' title='bbox 972 2563 1169 2598; x_wconf 74' lang='lat' dir='ltr'>ascendere</span> <span class='ocrx_word' id='word_1_305' title='bbox 1209 2564 1296 2599; x_wconf 73' lang='lat' dir='ltr'>vult</span> <span class='ocrx_word' id='word_1_306' title='bbox 1329 2580 1349 2600; x_wconf 78' lang='lat' dir='ltr'>a</span> <span class='ocrx_word' id='word_1_307' title='bbox 1379 2577 1490 2615; x_wconf 81' lang='lat' dir='ltr'>tergo</span> 
     </span>
     <span class='ocr_line' id='line_1_66' title="bbox 848 2619 1491 2671; baseline 0.006 -16"><span class='ocrx_word' id='word_1_308' title='bbox 848 2621 958 2667; x_wconf 78' lang='lat' dir='ltr'>supra</span> <span class='ocrx_word' id='word_1_309' title='bbox 984 2619 1158 2666; x_wconf 83' lang='lat' dir='ltr'>ejusdem</span> <span class='ocrx_word' id='word_1_310' title='bbox 1177 2631 1282 2655; x_wconf 79' lang='lat' dir='ltr'>oram</span> <span class='ocrx_word' id='word_1_311' title='bbox 1301 2623 1491 2671; x_wconf 78' lang='lat' dir='ltr'>priorem·</span> 
     </span>
    </p>

    <p class='ocr_par' dir='ltr' id='par_1_25' title="bbox 848 2676 1494 2786">
     <span class='ocr_line' id='line_1_67' title="bbox 911 2676 1493 2727; baseline 0.007 -16"><span class='ocrx_word' id='word_1_312' title='bbox 911 2682 1002 2718; x_wconf 73' lang='grc'>140.</span> <span class='ocrx_word' id='word_1_313' title='bbox 1037 2676 1346 2727; x_wconf 80' lang='lat' dir='ltr'>Sinus—supra</span> <span class='ocrx_word' id='word_1_314' title='bbox 1376 2682 1493 2715; x_wconf 86' lang='lat' dir='ltr'>imam</span> 
     </span>
     <span class='ocr_line' id='line_1_68' title="bbox 848 2733 1494 2786; baseline 0.008 -18"><span class='ocrx_word' id='word_1_315' title='bbox 848 2741 990 2780; x_wconf 71' lang='lat' dir='ltr'>togam.</span> <span class='ocrx_word' id='word_1_316' title='bbox 1026 2733 1166 2769; x_wconf 62' lang='lat' dir='ltr'>Sinum</span> <span class='ocrx_word' id='word_1_317' title='bbox 1179 2744 1300 2784; x_wconf 84' lang='lat' dir='ltr'>togae,</span> <span class='ocrx_word' id='word_1_318' title='bbox 1324 2736 1393 2784; x_wconf 80' lang='lat' dir='ltr'>qui</span> <span class='ocrx_word' id='word_1_319' title='bbox 1407 2736 1494 2786; x_wconf 72' lang='lat' dir='ltr'>qui-1·</span> 
     </span>
    </p>
   </div>
   <div class='ocr_carea' id='block_1_24' title="bbox 898 2337 1374 2386">
    <p class='ocr_par' dir='ltr' id='par_1_26' title="bbox 898 2337 1374 2386">
     <span class='ocr_line' id='line_1_69' title="bbox 898 2337 1374 2386; baseline 0.006 -15"><span class='ocrx_word' id='word_1_320' title='bbox 898 2337 1026 2372; x_wconf 79' lang='lat' dir='ltr'>eadem</span> <span class='ocrx_word' id='word_1_321' title='bbox 1039 2355 1092 2362; x_wconf 91' lang='lat'><strong>—</strong></span> <span class='ocrx_word' id='word_1_322' title='bbox 1105 2350 1177 2386; x_wconf 80' lang='lat' dir='ltr'>qua</span> <span class='ocrx_word' id='word_1_323' title='bbox 1203 2337 1374 2374; x_wconf 68' lang='lat' dir='ltr'>cinctura.</span> 
     </span>
    </p>
   </div>
  </div>
 </body>
</html>
