1779 3062
223 180 323 229 204
546 168 622 216 M.
662 169 797 214 ΕΑΒ.
835 169 1252 230 QUINTILIANI

222 300 358 348 bene
420 296 663 361 concepti
715 291 931 345 affectus
992 306 1044 344 et
1104 307 1338 347 recentes
1393 301 1575 347 rerum

221 374 478 439 imagines
526 373 785 421 continuo
835 373 1042 438 impetu
1085 372 1362 432 feruntur,
1439 390 1575 439 quae

220 467 617 514 nonnunquam
641 463 790 499 mora
811 448 916 497 stili
936 448 1298 514 refrigescunt,
1311 461 1362 498 et
1386 450 1575 499 dilatae

219 546 330 579 non
374 536 730 576 revertuntur.
809 527 1009 590 Utique
1051 543 1181 574 vero
1219 543 1341 574 cum
1387 526 1576 575 infelix

219 607 314 655 illa
343 604 634 652 verborum
668 602 931 651 cavillatio
964 601 1170 659 acceffit,
1209 613 1260 649 et
1291 602 1472 651 cursus
1509 601 1576 651 ad

220 680 429 746 [iugula
464 678 682 744 vestigia
709 676 910 736 restitit,
949 696 1060 727 non
1092 675 1264 744 potest
1293 677 1424 727 ferri
1449 696 1576 728 con-

222 768 360 808 torta
394 758 496 813 vis,
538 754 651 814 sed,
688 766 750 803 ut
788 757 987 820 optime
1015 773 1215 804 vocum
1245 754 1577 821 singularum

223 835 373 884 cedat
392 834 599 896 electio,
635 850 746 881 non
770 834 1038 890 continua,
1065 831 1154 880 sed
1178 831 1464 898 composita
1486 831 1573 880 est.

147 929 196 966 15
221 917 396 982 Quare
429 908 712 976 capiendae
752 908 876 957 funt
908 910 1057 967 illae,
1115 909 1181 958 de
1214 910 1411 974 quibus
1447 909 1575 968 dixi,

219 1006 401 1039 rerum
444 987 730 1052 imagines,
782 1003 913 1051 quas
962 989 1144 1035 vocari
1184 992 1454 1047 φαντασίαις
1491 987 1576 1034 in-

220 1066 545 1121 dicavimus,
606 1064 921 1128 omniaque,
975 1063 1042 1110 de
1104 1066 1304 1128 quibus
1374 1063 1576 1112 dicturi

220 1144 456 1199 erimus,
496 1135 777 1211 personae,
817 1136 1167 1208 quaestiones,
1205 1137 1358 1213 spes,
1396 1151 1575 1198 metus,

216 1218 462 1269 habenda
507 1218 565 1264 in
609 1216 808 1273 oculis,
887 1217 946 1263 in
991 1213 1206 1266 affectus
1255 1216 1572 1283 recipienda.

215 1301 405 1346 Pectus
443 1292 516 1341 est
549 1293 725 1349 enim,
773 1291 924 1356 quod
954 1291 1175 1342 disertos
1212 1292 1361 1351 facit,
1408 1304 1459 1341 et
1492 1294 1576 1343 vis

215 1373 422 1423 mentis.
505 1369 741 1433 Ideoque
776 1369 1037 1434 imperitis
1070 1387 1305 1436 quoque,
1345 1369 1574 1421 simodo

214 1450 339 1500 sunt
403 1448 584 1511 aliquo
657 1442 850 1494 affectu
915 1448 1188 1505 concitati,
1238 1448 1400 1496 verba
1461 1465 1576 1510 non
1646 1493 1653 1497 ,

215 1582 375 1633 quentia
394 1594 464 1630 per
488 1577 791 1628 extemporalem
817 1578 1005 1628 impetum
1041 1579 1119 1614 fusa
1141 1580 1223 1620 sint,
1255 1581 1448 1617 divinitus
1472 1582 1574 1618 dicta

212 1640 486 1690 perhibentur.
721 1635 875 1682 affectus
906 1644 951 1670 ec.
998 1636 1131 1671 Turie.
1171 1636 1344 1684 adfectet.
1363 1648 1407 1672 ea
1428 1638 1494 1674 sec.
1520 1652 1574 1674 m.

213 1696 374 1745 (reficto
397 1694 513 1729 etiam
533 1691 655 1727 modo
688 1694 882 1738 concepto)
911 1693 1050 1740 affectu
1072 1693 1133 1727 ad.
1369 1709 1462 1742 quae
1483 1709 1576 1730 non-

212 1766 401 1800 nunquam
428 1764 544 1786 mora.
583 1749 716 1783 Turio.
748 1747 853 1783 Flor.
892 1747 978 1794 (hic
1014 1762 1032 1781 a
1061 1762 1119 1796 pr.
1150 1752 1222 1793 ni.)
1265 1751 1454 1788 omittunt
1482 1764 1574 1787 cum

211 1809 318 1846 Alm.
544 1801 692 1851 restitit.
723 1804 820 1840 Obr.
853 1802 998 1853 resistit.
1029 1804 1167 1840 Placet.
1199 1806 1245 1841 cf.
1276 1820 1337 1848 10,
1371 1817 1409 1851 5,
1449 1820 1511 1857 ²9·

225 1892 228 1895 .
292 1864 403 1913 ferri.
434 1860 569 1897 Turio.
602 1860 706 1896 Flor.
741 1860 822 1906 (sed
844 1861 910 1896 hic
931 1875 950 1895 a
972 1863 1039 1896 sec.
1061 1874 1113 1897 m.
1146 1857 1311 1909 afferri.
1344 1864 1392 1899 cf.
1414 1873 1452 1908 5.
1474 1865 1573 1900 item

218 1935 293 1963 10,
331 1934 377 1960 ι,
416 1918 528 1964 109.)
563 1917 692 1954 Guelf.
726 1917 823 1966 fieri
852 1930 942 1955 cum
965 1917 1069 1954 Alm.
1093 1917 1193 1967 furti
1223 1921 1323 1958 Jens.
1363 1934 1454 1957 cum
1485 1921 1572 1958 edd.

209 1979 370 2029 posterr.
400 1984 485 2010 ante
505 1974 594 2010 Ald.

301 2041 359 2078 ¹5·
392 2034 517 2084 Quare
539 2032 752 2079 capiendae.
774 2031 908 2067 Turie.
939 2033 978 2077 (a
1002 2046 1058 2081 pr.
1074 2033 1147 2079 m.)
1160 2026 1202 2084 si
1221 2047 1294 2081 qua
1316 2047 1355 2068 re
1374 2034 1570 2083 capienda.

294 2090 544 2126 indicavimus.
579 2089 713 2137 Camp.
745 2089 907 2122 diximus
936 2103 1026 2124 cum
1048 2088 1162 2124 Bodl.
1191 2089 1315 2124 Andr.

292 2146 459 2195 affectus.
502 2144 630 2180 Guelf.
667 2144 873 2193 affectibus.
914 2145 1048 2180 Turio.
1089 2144 1262 2192 adfectis.

289 2203 379 2254 sunt:
411 2202 549 2249 aliquo.
590 2202 724 2237 Turio.
755 2199 838 2249 sint
870 2202 950 2237 alio
987 2215 1071 2251 quo.
1111 2201 1217 2236 Flor.
1250 2199 1333 2251 sint
1360 2215 1396 2238 a.

268 2319 411 2355 dilatae
432 2328 508 2352 non
528 2323 770 2352 revertuntur.
813 2313 862 2349 cf.
918 2314 983 2349 Est
1017 2315 1119 2350 enim
1153 2322 1342 2350 contortus
1371 2315 1414 2350 in
1441 2314 1570 2354 laude.

215 2391 280 2419 ιο,
313 2385 350 2419 5.
373 2383 470 2409 extr·
920 2372 1076 2406 ferendi
1118 2370 1284 2407 verbum
1320 2372 1412 2408 vide
1455 2372 1570 2410 etiam

269 2432 405 2481 infelix
467 2431 536 2466 illa
566 2448 620 2456 —
652 2427 861 2464 cavillatio.
919 2427 966 2463 ad
996 2439 1033 2475 9,
1063 2434 1101 2471 4,
1139 2434 1198 2473 ι8.

212 2491 260 2527 cf.
293 2502 357 2530 10,
387 2497 425 2531 3,
462 2499 525 2522 10.

264 2544 406 2593 restitit.
439 2544 485 2579 cf.
513 2552 594 2578 not.
615 2540 702 2576 crit.
986 2547 1049 2583 15.
1084 2539 1130 2574 cle
1161 2541 1292 2588 quibus
1319 2540 1410 2577 dixi.
1460 2541 1508 2577 cf.
1532 2548 1571 2586 3.

263 2602 361 2651 ferri
384 2608 554 2637 contorta
580 2600 648 2634 vis.
680 2596 865 2633 Imitatur
923 2605 972 2640 5.
1022 2595 1088 2642 64.
1149 2599 1250 2633 Item
1288 2609 1363 2638 ιι,
1415 2607 1463 2642 5,
1503 2597 1569 2635 62.

212 2660 444 2696 Ciceronem
484 2657 526 2691 in
566 2667 613 2690 eo
648 2654 719 2703 qui
754 2653 865 2703 supra
928 2663 1001 2693 12,
1060 2665 1133 2694 ιο,
1191 2653 1229 2690 6.
1289 2654 1572 2691 demonstrant·

211 2716 359 2767 positus
393 2715 462 2754 eft,
512 2711 603 2748 loco
638 2723 682 2760 9,
716 2716 764 2754 4,
796 2716 861 2755 55.
922 2710 1102 2746 Gesnero.
