1794 3057
1311 112 1328 131 Ι

417 151 581 196 111151.
635 149 917 195 ORATOR.
965 151 1088 197 Lm.
1135 152 1211 208 κς
1248 163 1290 194 1.
1487 165 1519 211 9

155 298 261 349 que
293 281 414 331 loco
449 278 508 328 fit
537 275 864 345 aptiffimum.
947 280 1211 330 Omnibus
1237 278 1515 330 enim'fere
1541 304 1565 341 9

153 360 332 408 verbis
347 397 358 417 ‚
396 367 603 423 praeter
622 373 814 422 pauca,
857 374 992 421 quae
1016 358 1139 406 sunt
1161 376 1350 424 parum
1369 375 1522 408 vere·

156 435 357 493 cunda,
394 437 454 483 111
476 434 715 483 oratione
741 433 895 482 locus
918 433 1005 481 est.
1070 437 1215 483 Nam
1238 435 1521 502 scriptores

154 513 378 579 quidem
404 511 709 560 iamborum
722 511 1026 576 veterisque
1041 513 1348 561 comoediae
1364 514 1524 562 etiam

153 592 214 640 in
245 592 352 639 illis
392 588 542 655 saepe
574 586 890 636 laudantur:
953 587 1046 636 fed
1081 589 1238 638 nobis
1274 589 1521 640 nostrum

156 684 293 734 opus
318 667 533 715 interim
558 665 701 713 tueri
725 662 799 712 sat
821 664 907 713 est.
989 668 1183 714 Omnia
1203 667 1392 726 verba,
1429 685 1519 715 ex-

155 746 318 811 ceptis
349 744 416 792 de
452 742 651 808 quibus
690 740 827 800 dixi,
885 741 1006 791 [unt
1050 743 1249 791 alicubi
1285 746 1519 809 optima:

153 839 279 871 nam
311 832 361 869 et
390 819 693 869 humilibus
712 819 929 868 interim
955 831 1007 868 et
1029 821 1343 885 vulgaribus
1368 838 1522 886 opus,

153 909 207 947 et
253 916 389 964 quae
432 896 689 946 nitidiore
730 898 788 945 in
820 908 966 962 parte
1001 897 1259 946 videntur
1291 896 1523 957 sordida,

151 976 251 1025 ubi
288 992 370 1025 res
410 973 606 1042 poscit,
659 977 877 1042 proprie
919 974 1189 1025 dicuntur.
1282 978 1425 1024 Haec
1457 986 1521 1026 ut
1546 1001 1596 1025 10

153 1162 389 1215 aptiffimnm.
459 1164 594 1201 Tui-ic.
623 1163 728 1200 Flor.
773 1163 874 1213 quod
905 1177 1050 1215 quoque
1080 1166 1172 1202 loeis
1202 1168 1256 1201 ita
1288 1164 1523 1216 petiſjimum.

152 1221 226 1257 1116
248 1236 267 1256 a
289 1222 354 1258 sec.
379 1237 480 1258 man.
513 1236 552 1272 q.
575 1237 607 1271 q.
631 1222 655 1257 l.
680 1224 702 1257 i·
723 1220 963 1270 potzſjzmum.
1023 1224 1151 1260 Guelf.
1177 1225 1265 1272 quid
1287 1238 1431 1274 quoque
1451 1226 1525 1262 loci

149 1276 223 1324 fita
252 1278 490 1329 pottſjimum.
547 1281 594 1313 Ι11
613 1278 920 1328 pronominibus
947 1281 1055 1315 varie
1079 1291 1241 1320 erratur.
1352 1286 1355 1287 ⁷

247 1392 282 1428 9.
307 1379 508 1429 scriptores
540 1380 689 1429 quidem
714 1379 825 1415 iamb.
887 1380 950 1414 Sic
972 1381 1077 1416 Flor.
1099 1381 1208 1417 Bafil.
1234 1381 1386 1431 Gryph.
1413 1383 1524 1421 Gibs.

154 1435 253 1473 Obr.
276 1438 493 1472 Burmanni
535 1436 690 1485 aliquot
713 1447 750 1489 et
771 1436 930 1484 Bipont.
993 1437 1196 1473 Omittunt
1219 1440 1366 1488 quidem
1389 1440 1523 1477 Turic.

153 1493 282 1528 Guelf.
315 1494 448 1542 Camp.
480 1507 569 1529 cum
600 1494 720 1528 Goth.
742 1494 846 1528 Voss'.
869 1505 904 1528 2.
940 1505 976 1528 et
997 1495 1081 1529 edd.
1106 1506 1191 1529 ante
1214 1495 1324 1531 Bafil.
1361 1495 1526 1545 Reliqui

146 1548 182 1600 fi
213 1549 364 1598 quidam
398 1553 421 1586 i.
670 1552 817 1584 interim
851 1552 945 1584 tueri
966 1550 1042 1598 sat.
1104 1551 1239 1586 Turio.
1270 1552 1318 1597 (a
1349 1565 1410 1599 pr.
1439 1556 1524 1598 m.)

152 1609 249 1642 inter
280 1608 453 1643 inveteris
483 1616 536 1643 at.
594 1605 700 1641 Flor.
734 1608 820 1640 item
857 1607 894 1640 in
932 1609 1066 1642 veteris
1088 1615 1140 1643 at.
1200 1608 1278 1643 Hic
1303 1621 1323 1641 a
1343 1608 1412 1642 sec.
1438 1611 1525 1644 item

152 1666 192 1699 in
218 1666 335 1699 veteri
361 1664 436 1714 sut.
496 1663 607 1700 Bafil.
638 1676 712 1713 pro
736 1664 882 1696 interim
908 1666 1002 1699 tueri
1020 1677 1101 1699 non
1124 1665 1199 1698 fine
1220 1665 1371 1699 ratione
1394 1663 1524 1714 aliqua

153 1722 310 1760 intuerI,·
351 1721 398 1757 cf.
425 1728 446 1765 5
478 1723 568 1758 Pro.
594 1727 630 1766 4.
701 1719 775 1755 Sed
797 1718 861 1768 sat
889 1721 1023 1757 Turic.
1056 1720 1160 1756 Flos.
1200 1721 1328 1757 Guelf.
1362 1722 1525 1771 Reliqui

146 1777 254 1828 satis.
286 1778 334 1813 cf.
361 1785 407 1823 ὃ,
432 1787 478 1822 5,
508 1786 573 1823 53.
728 1791 828 1812 nam.
888 1778 1021 1812 Turic.
1043 1778 1148 1813 Flor.
1173 1777 1302 1813 Guelf.
1333 1778 1525 1816 omittunt

152 1848 243 1870 cum
271 1833 374 1871 Alm.
410 1835 529 1872 Goth.
557 1835 664 1871 Voss.
691 1845 728 1870 2.
753 1828 805 1869 *et
836 1834 921 1870 edd.
954 1846 1040 1870 ante
1062 1833 1169 1870 Bafil.
1194 1834 1395 1870 Facillime
1420 1837 1524 1871 exci-

153 1892 282 1927 debat.
525 1893 743 1940 vulgaribus
777 1904 881 1939 opus.
955 1893 1017 1927 Sic
1051 1892 1184 1928 Turic.
1224 1891 1352 1926 Guelf.
1388 1893 1523 1943 Camp.

154 1948 277 1983 Goth.
298 1949 396 1987 Jens.
420 1951 517 1994 (tac.
540 1950 686 1994 Gesn.)
710 1961 799 1983 cum
821 1948 906 1984 edd.
929 1960 1014 1984 ante
1034 1948 1144 1986 Bafil.
1170 1947 1333 1996 Reliqui
1352 1949 1526 1985 inserunt

154 2002 232 2053 est.-
263 2005 351 2041 Ald.
382 2006 460 2041 hoc
491 2006 576 2055 post
600 2019 705 2053 opus.
902 2007 1092 2042 nitidiore.
1155 2005 1218 2040 Sic
1238 2003 1348 2040 Bafil.
1371 2005 1524 2055 Gryph.

154 2061 354 2109 (1556.).
415 2063 488 2098 Sed
518 2063 650 2099 Turio.
676 2063 863 2099 tidiorem.
923 2062 1027 2100 Flor.
1051 2064 1208 2102 εεᾶἰονὲ,
1239 2062 1409 2108 subjecta
1429 2075 1526 2098 mox

154 2134 179 2155 a
200 2118 245 2153 ab
270 2117 343 2153 alia
363 2134 494 2156 manu.
554 2121 615 2154 Ex
636 2119 740 2155 Alm.
765 2121 909 2157 tidiore.
959 2119 1087 2156 Guelf.
1116 2120 1266 2154 utiliore
1299 2131 1388 2153 cum
1408 2118 1525 2154 Bodl.

154 2174 237 2212 Bal.
272 2186 309 2211 et
344 2177 429 2213 edd.
463 2188 548 2214 ante
579 2177 667 2213 Ald.
703 2177 772 2212 nisi
802 2178 910 2226 quod
935 2179 1069 2226 Camp.
1095 2177 1303 2214 occultiore.
1363 2175 1529 2226 Reliqui

154 2233 312 2270 cultiore
340 2247 429 2270 cum
460 2234 580 2279 Goth.
612 2233 719 2274 Voff.
740 2244 776 2270 2.
809 2235 856 2272 cf.
884 2242 933 2282 8,
957 2245 1003 2280 3,
1029 2234 1092 2271 16.

217 2381 254 2419 9.
285 2384 379 2420 quae
414 2370 507 2421 sunt
541 2385 675 2421 parum
712 2383 812 2407 vere·
870 2371 1100 2409 Horatianis
1144 2370 1281 2420 epodis
1321 2370 1525 2412 novimus,

157 2427 286 2463 cunda.
349 2428 397 2464 cf.
423 2436 471 2475 8,
492 2438 515 2473 5
531 2456 541 2470 ,
571 2435 623 2474 53
647 2430 724 2477 seq.
871 2440 988 2477 quam
1016 2432 1061 2466 fit
1080 2430 1262 2480 pudicus.

205 2483 408 2532 scriptores
423 2507 480 2513 —
496 2486 607 2522 iamb.
670 2487 812 2533 Quate-
926 2487 1073 2522 interim
1094 2487 1200 2522 tueri.
1232 2484 1314 2520 vid.
1335 2495 1419 2522 not.
1438 2485 1524 2522 crit.

155 2553 231 2577 11115
252 2541 421 2590 phallica
444 2543 696 2579 continentur
715 2542 813 2577 iam·
924 2545 1108 2579 ,nitidiore
1131 2545 1168 2577 in
1186 2551 1305 2590 parte.
1338 2541 1385 2578 cf.
1408 2545 1442 2590 §-
1458 2552 1523 2587 33.

155 2597 244 2638 bis,
295 2609 332 2634 et
378 2598 447 2634 illa
486 2599 724 2635 Archilochi
774 2609 813 2635 et
870 2599 964 2641 „vel
982 2599 1169 2636 historico
1192 2599 1427 2636 --ηίὲονεές
1460 2606 1524 2644 44.

154 2653 419 2705 Hipponactis
451 2655 578 2691 rabies
600 2656 812 2706 proprium
870 2658 1013 2697 „nitidi
1033 2677 1087 2684 —
1117 2655 1272 2707 generis
1295 2676 1349 2684 —
1379 2667 1526 2694 amato·

154 2710 274 2749 habet
303 2712 505 2755 iambum,
539 2725 656 2762 quem
676 2712 742 2750 vel
764 2725 813 2749 ex
871 2720 1018 2750 tores.“
