1779 3062
464 146 630 192 1Nsr.
667 145 945 192 ORATOR.
982 108 1258 198 fluxu,
1300 154 1343 187 1.
1467 149 1569 198 5⁰7

220 278 325 326 hoc
354 273 503 331 dico,
543 274 667 337 quia
697 271 989 322 severiores
1020 269 1168 336 sequi
1200 270 1371 335 placet
1400 270 1568 335 leges,

221 370 322 420 pro
347 361 508 417 patre,
528 349 705 405 fratre,
735 351 907 398 amico
940 347 1366 414 periclitantibus
1383 365 1398 406 ;
1438 357 1570 396 tam-

221 428 321 477 etsi
348 446 461 478 non
495 425 784 475 mediocris
822 425 1095 475 haesitatio
1129 423 1218 483 est,
1259 425 1387 473 hinc
1410 421 1572 493 justi-

220 510 326 556 tiae
363 502 631 571 proposita
670 501 927 566 imagine,
977 503 1105 551 inde
1148 504 1377 567 pietatis.
1468 503 1573 551 Ni-

217 583 300 633 hil
334 583 490 632 dubii
523 582 911 645 relinquamus.
999 581 1076 628 Sit
1122 581 1316 644 aliquis
1355 577 1573 628 insidia.

219 671 306 711 tus
331 673 581 727 tyranno,
621 669 780 723 atque
809 657 878 706 ob
909 655 967 704 id
999 674 1155 706 reus:
1197 668 1451 705 utrumne
1476 655 1573 704 sal-

220 757 353 789 vum
389 756 514 787 eum
546 737 695 785 nolet
726 736 800 793 is,
840 735 937 800 qui
967 751 995 781 a
1020 734 1180 783 nobis
1214 732 1427 798 finitur,
1456 751 1572 783 ora-

219 914 383 950 duritiei
410 912 652 962 aliquantum
680 911 724 946 in
752 911 845 947 sono
873 924 938 946 nec
969 910 1059 952 Ῐιοο,
1089 909 1133 944 in
1164 923 1243 958 quo
1266 909 1476 959 aliquoties
1505 922 1572 945 va-

217 972 318 1006 riare
339 971 451 1006 codd.
478 971 675 1006 vidimus:
710 969 757 1003 cf.
790 974 840 1014 4,
875 979 920 1008 2,
957 976 1021 1015 93.
1057 979 1103 1015 9,
1135 976 1179 1011 3,
1212 977 1276 1009 07.
1339 966 1475 1001 viatim
1508 981 1570 1006 nee

219 1041 288 1076 que
317 1027 352 1063 h.
414 1025 561 1075 tametsi
590 1026 785 1060 mediocris
815 1025 918 1061 Flor.
941 1027 1075 1062 Ambr.
1104 1033 1138 1060 2.
1164 1022 1294 1059 Guelf.
1318 1022 1437 1058 Goth.
1481 1026 1575 1067 (tac.

220 1084 354 1131 Gesn.)
383 1096 413 1119 c.
442 1085 559 1118 Bern.
584 1082 768 1130 pessime,
802 1092 839 1117 et
872 1083 977 1130 spero
1012 1085 1228 1118 immunem
1260 1092 1395 1115 revera
1428 1081 1574 1116 erroris

219 1141 354 1177 Turic.
417 1141 504 1176 inde
535 1142 659 1188 pietas
683 1138 812 1174 Guelf.
845 1153 934 1175 cum
959 1140 1074 1176 Bern.
1136 1137 1352 1183 Subjicitur
1384 1151 1460 1172 non
1483 1149 1574 1172 con-

218 1198 332 1233 tinuo
364 1208 450 1233 ante
480 1198 575 1231 nihil
605 1210 623 1231 a
655 1197 824 1232 Gesnero
856 1196 961 1238 solo,
1003 1210 1084 1233 non
1117 1195 1291 1243 quidem,
1324 1204 1367 1229 ut
1401 1195 1574 1234 videtur,

216 1267 285 1303 per
308 1253 497 1303 sphalma,
531 1254 592 1288 sed
624 1263 668 1288 ut
695 1253 981 1288 succurreretur
1004 1252 1174 1289 tenebris
1199 1249 1416 1286 sententiae.
1481 1249 1576 1284 nihil

218 1311 390 1346 dubitare
419 1312 631 1360 linquamus
650 1310 784 1345 Turic.
807 1309 910 1345 Flor.
934 1323 962 1345 c.
984 1309 1088 1346 Alm.
1373 1307 1488 1342 nolet.
1509 1307 1574 1342 Sic

219 1367 337 1404 Goth.
365 1368 464 1407 Jens.
488 1380 578 1402 cum
601 1366 686 1403 edd.
708 1365 800 1414 post.
824 1377 910 1403 ante
934 1367 1086 1416 Gryph.
1117 1365 1208 1412 (nisi
1238 1363 1479 1418 quodkBasil.
1509 1377 1574 1400 vo-

274 1544 339 1583 40.
381 1537 598 1586 Impeditus
633 1536 768 1578 locus,
800 1548 867 1571 cu-

214 1595 276 1642 jus
323 1594 549 1644 explanatio
606 1607 695 1630 cum
738 1605 867 1641 neque

216 1651 446 1701 Spaldingio
459 1665 586 1700 neque
608 1651 709 1686 mihi
730 1649 868 1685 succes-

219 1709 338 1751 siffet,
368 1707 617 1744 Boeckhium
642 1709 757 1743 etiam
776 1719 867 1741 con-

219 1766 371 1802 sulcavi.
402 1767 439 1801 Is
461 1778 563 1805 eum,
586 1765 657 1812 qui
677 1777 777 1800 unus
800 1776 867 1798 ve-

220 1836 287 1859 rus
309 1823 367 1864 sit,
401 1822 546 1856 sensum
568 1834 764 1869 emergere
786 1819 868 1867 pos-

221 1880 255 1916 se
291 1878 470 1927 negavit,
508 1877 582 1912 nisi
614 1877 729 1917 haec,
791 1876 871 1911 Nec

221 1937 289 1973 hoc
328 1936 412 1970 dico
449 1947 518 1983 pro
556 1945 686 1983 patre,
724 1933 869 1983 fratre,

221 1996 343 2030 amico
362 1992 680 2041 periclitantibus,
706 1992 870 2039 jungan-

222 2061 300 2089 tur,
320 2048 390 2084 illa
410 2059 551 2086 autem,
566 2050 654 2097 quia
666 2047 873 2097 severiores

214 2106 324 2157 sequi
345 2105 468 2154 placet
495 2105 606 2152 leges,
632 2105 786 2140 seorsim
815 2103 873 2138 di-

223 2175 282 2203 cta
309 2174 346 2199 et
360 2172 640 2211 praeoccupata
662 2161 722 2197 ibi
745 2159 874 2196 existi-

198 2224 393 2260 'mentun
420 2231 506 2254 cum
540 2231 632 2253 vera
663 2231 799 2254 eorum
828 2217 876 2251 ad

225 2289 405 2313 normam
426 2274 572 2324 logices
604 2275 708 2312 sedes
727 2276 775 2311 sit
795 2273 878 2324 post

226 2333 392 2370 verbum
406 2332 715 2380 periclitantibus.
731 2331 877 2368 Omnia

229 2400 358 2426 autem
381 2388 628 2439 plenioribus
665 2388 795 2425 verbis
827 2388 878 2423 sic

231 2446 303 2481 effe
329 2444 577 2494 explicanda:
610 2446 778 2495 „Neque
801 2445 880 2480 hoc

229 2503 311 2546 „ita
335 2502 436 2543 dico,
452 2501 557 2550 quasi
576 2516 648 2551 pro
665 2513 786 2552 patre,
808 2502 881 2537 fra-

230 2570 328 2600 ‚‚tre,
341 2558 466 2594 amico
486 2558 802 2606 periclitantibus
823 2572 882 2593 re·

230 2629 426 2664 „veraque
445 2615 577 2652 noxiis
591 2627 726 2652 contra
739 2615 882 2651 verita·

228 2683 337 2714 „tem
361 2672 590 2719 etjustitiam
606 2673 734 2709 dicere
748 2673 882 2708 liceat:

230 2730 489 2772 „severiorem
509 2731 610 2766 enim
622 2730 665 2765 in
677 2729 820 2766 talibus
832 2729 887 2765 le-

923 1549 1040 1584 „gem
1054 1534 1162 1584 sequi
1177 1532 1281 1568 mihi
1300 1532 1415 1568 etiam
1429 1532 1555 1576 placet
1566 1543 1580 1570 ε4

923 1592 1104 1634 „tametsi
1124 1604 1204 1626 non
1226 1590 1437 1626 mediocris
1457 1590 1578 1627 haeri-

925 1661 1049 1691 „tatio
1074 1650 1131 1689 sit,
1161 1648 1240 1696 ipsa
1271 1647 1413 1695 pietate
1443 1658 1578 1683 contra

925 1707 1138 1754 „justitiam
1177 1705 1347 1739 nitente:
1382 1714 1428 1739 ut
1464 1703 1580 1740 facile

926 1763 1107 1804 „fortasse
1130 1763 1175 1797 sit
1200 1762 1243 1795 in
1270 1761 1347 1795 hoc
1376 1761 1491 1795 etiam
1514 1774 1581 1809 ge·

926 1833 1043 1859 „nere
1082 1819 1231 1854 causam
1266 1816 1438 1864 fingere,
1481 1831 1581 1865 quae

928 1876 1153 1925 „plerisque
1196 1873 1243 1908 ad
1287 1874 1582 1909 demonstranda

929 1933 1023 1974 ³,illa
1046 1930 1260 1968 satisfaciat.
1295 1929 1370 1965 Sed
1387 1943 1581 1979 ponamus

929 1989 1182 2038 „exemplum
1209 1998 1315 2023 extra
1336 1999 1493 2022 omnem
1511 1988 1583 2024 du·

930 2045 1161 2087 „bitationis
1203 2045 1326 2079 ansam
1361 2044 1544 2092 positum.
1557 2049 1585 2066 “

930 2105 1013 2139 Esse
1038 2113 1166 2138 autem
1181 2102 1279 2137 hanc
1290 2113 1423 2137 veram
1437 2102 1585 2137 senten-

934 2162 1079 2197 tiarum
1111 2160 1256 2198 seriem,
1289 2157 1392 2193 mihi
1423 2158 1586 2207 quidem

933 2218 1047 2268 plane
1075 2216 1321 2265 exploratum
1344 2214 1416 2254 est;
1458 2228 1587 2264 neque

935 2273 1294 2322 breviloquentiam
1319 2271 1364 2306 in
1394 2270 1489 2314 illis,
1525 2284 1587 2307 ne-

937 2346 1005 2382 que
1036 2332 1104 2367 hoc
1138 2331 1220 2366 dico
1255 2342 1325 2379 pro
1358 2338 1467 2377 patre
1501 2340 1588 2369 etc„

936 2399 1183 2425 moraturum
1217 2399 1454 2435 quemquam
1487 2385 1593 2433 judi·

941 2459 1010 2487 co,
1051 2445 1177 2479 immo
1206 2457 1254 2479 ne
1278 2443 1398 2492 ipsam
1430 2443 1594 2491 quidem

940 2503 1050 2538 illam
1080 2501 1440 2549 transpositionem,
1470 2500 1594 2535 modo

941 2572 1015 2610 pro
1039 2561 1127 2609 quia
1156 2557 1339 2607 scriptum
1373 2556 1462 2592 effet
1493 2563 1596 2594 nam'.

944 2617 1072 2663 Quare
1114 2616 1315 2663 integrum
1351 2612 1438 2649 aliis
1477 2612 1595 2649 relin-

946 2685 1025 2721 quo
1050 2671 1258 2719 judicium,
1290 2684 1337 2705 an
1363 2672 1451 2720 quia
1476 2670 1596 2706 etiam

948 2742 994 2766 eo
1014 2729 1137 2766 modo
1170 2727 1346 2777 usurpari
1373 2727 1514 2778 possit,
1547 2739 1597 2763 an
