1779 3062
414 140 582 186 1NsT.
622 137 908 184 ORATOR.
939 136 1211 192 fluxu,
1244 150 1290 181 ε.
1431 144 1527 193 5η

170 286 284 321 non
314 272 421 331 jam
450 265 510 313 in
543 274 664 315 actu
699 263 797 314 suo
829 275 987 329 atque
1022 264 1082 313 in
1120 263 1218 313 hac
1254 262 1361 313 fori
1401 263 1524 313 luce

170 344 488 410 versantur„
528 342 620 392 sed
669 343 730 390 in
777 344 1017 406 porticus
1058 352 1118 390 et
1149 343 1207 390 in
1249 340 1523 408 gymnalia

168 425 434 493 primum,
499 436 628 468 mox
663 420 722 467 in
765 431 1062 470 conventus
1102 418 1403 469 scholarum
1440 435 1533 468 re-

168 498 450 559 cesset-unu
507 498 567 547 id
609 495 760 562 quod
803 495 875 544 est
917 498 1116 547 oratori
1154 495 1524 555 necessarium,

166 597 267 631 nec
320 597 350 628 a
399 575 617 626 dicendi
668 575 1102 642 praeceptoribus
1153 575 1406 633 traditur,
1429 610 1432 612 v
1457 575 1523 622 ab

165 658 234 709 iis
274 667 453 724 petere
492 654 755 703 nimirum
795 649 993 701 neceffe
1034 651 1141 710 est,
1198 652 1344 720 apud
1384 668 1523 717 quos

20 797 22 800 ᾖ
74 732 443 795 1059remanl'it,
484 730 801 781 evolvendis
825 731 1039 795 penitus
1064 730 1386 788 auctoribus,
1423 730 1534 793 qui·

166 813 234 862 de
272 815 471 862 virtute
509 810 869 876 praecipiuut3
910 817 973 856 ut
997 808 1222 856 oratoris
1251 808 1365 856 vita
1393 823 1521 854 cum

164 889 380 941 scientia
430 888 741 937 divinarum
789 902 973 934 rerum
1022 882 1088 933 sit
1134 884 1541 935 humanarum-.

165 985 273 1035 que
313 969 607 1027 conjuncta.
710 967 861 1033 Quae
910 960 1051 1028 ipsae
1103 972 1303 1027 quanto
1355 964 1568 1021 majo-9

161 1062 246 1096 res
291 1062 348 1093 ac
388 1042 727 1110 pulchriores
770 1040 1105 1098 viderentur,
1145 1037 1188 1087 [i
1209 1039 1328 1088 illas
1358 1040 1399 1087 ii
1425 1038 1522 1087 do-

163 1212 245 1262 qui.
309 1211 356 1246 de
390 1213 474 1260 quis
511 1222 584 1260 pro
626 1212 688 1261 qui
721 1207 764 1259 se
793 1209 929 1245 Turic.
979 1206 1102 1257 studii
1123 1207 1210 1258 sap.
1247 1206 1382 1244 Turic.
1414 1205 1518 1243 Flor.

162 1278 264 1305 actus
286 1267 357 1318 suo
390 1269 524 1304 Turio.
811 1275 847 1300 et
879 1267 915 1300 ἱιι,
945 1264 1158 1315 gymnasia.
1222 1264 1286 1300 Sic
1316 1265 1450 1312 Camp.
1482 1273 1521 1299 et

161 1325 258 1362 latet
294 1325 534 1375 praepositio
575 1324 617 1359 in
656 1323 775 1371 hiscen
797 1322 929 1359 Turio.
964 1322 1068 1357 Flor.
1108 1323 1255 1369 porticu
1274 1320 1346 1371 sed
1377 1321 1520 1368 ingenii

153 1382 194 1434 si
224 1397 248 1419 a
279 1382 403 1429 (Flor.
436 1383 474 1416 in
504 1395 620 1430 genus
649 1382 719 1426 ia).
766 1394 831 1416 nec
861 1380 1047 1415 adicienda·
1079 1377 1183 1415 Flor.
1213 1378 1350 1415 Ambr.
1383 1389 1419 1415 2.
1451 1389 1519 1413 nec

161 1441 384 1476 adicendum
406 1438 512 1475 Voff.
538 1453 572 1473 ι.
603 1453 639 1474 n.
670 1437 921 1483 adjiciendum
949 1435 1054 1474 Voss.
1077 1444 1114 1480 5.
1136 1450 1172 1471 η.
1194 1435 1384 1480 adjicendi
1403 1436 1517 1470 Bern.

161 1512 197 1533 n.
240 1495 444 1543 adjiciendi
481 1496 580 1534 Jens.
621 1494 722 1543 (tac.
754 1494 895 1537 Gesn.)
933 1493 1052 1529 Tarv.
1115 1493 1211 1530 trad.
1245 1501 1281 1528 et
1310 1494 1366 1532 ab,
1392 1491 1512 1538 Goth.

161 1556 261 1599 (tac.
297 1553 432 1595 Gesn.)
494 1553 542 1588 ab
582 1552 639 1587 his
677 1551 811 1600 Camp.
871 1543 1109 1599 ueceffarium
1147 1546 1199 1598 est
1235 1550 1372 1584 Turic.
1406 1547 1514 1584 Flor.

162 1611 298 1660 Camp.
332 1622 364 1648 c.
398 1608 503 1645 Alm.
561 1621 653 1659 quos
684 1621 761 1644 om.
798 1607 932 1644 Ambr.
968 1617 1004 1643 2.
1263 1604 1519 1642 »evolvendis-

161 1668 226 1704 Sic
256 1669 390 1716 Camp.
421 1666 576 1702 volendi
604 1665 738 1701 Turio.
770 1663 878 1700 Flor.
909 1664 1086 1700 volvendi
1114 1661 1219 1701 Alm.
1278 1662 1518 1703 Evolvendi.

161 1725 327 1762 diremta
359 1737 378 1758 a
408 1723 606 1772 proximis
636 1722 842 1762 sententia,
874 1721 1036 1770 reliqui.
1290 1718 1513 1756 auctoribus.

162 1781 227 1816 Sic
258 1782 392 1817 Turio.
428 1781 561 1828 Camp.
598 1779 810 1815 ductoribus
839 1778 945 1822 Flor.
983 1786 1153 1814 auctores
1181 1775 1344 1826 reliqui.
1414 1778 1517 1813 lNlox

160 1851 235 1889 pro
267 1847 308 1873 ut
339 1838 503 1873 oratoris
533 1836 667 1872 Turio.
700 1835 806 1872 Flor.
840 1834 1047 1872 autoribus.

246 1942 285 1978 9.
331 1929 419 1974 maj.
463 1927 533 1961 hic,
570 1926 713 1975 pulchr.
746 1926 930 1963 videretur
961 1926 1094 1963 Turio.
1147 1924 1186 1975 si
1216 1924 1344 1975 illusi
1371 1925 1519 1962 docere·

160 1997 220 2024 tur
259 1986 395 2022 Turic-
427 1983 531 2021 Flor.
564 1981 603 2031 fi
633 1984 720 2018 illas
750 1984 765 2018 l
794 1984 874 2018 doc.
905 1983 1042 2019 Ambr.
1076 1994 1113 2019 2.
1148 1982 1189 2032 si
1217 1983 1284 2019 illa
1306 1981 1451 2031 scilicet:
1480 1983 1526 2020 clf

158 2043 289 2080 Guelf.
322 2056 353 2078 c.
389 2054 511 2089 marg.
542 2039 655 2076 Basil.
714 2038 866 2089 poffunc
897 2040 1001 2076 Flor.
1032 2053 1062 2075 c.
1097 2039 1249 2090 Gryph.
1284 2051 1322 2076 et
1355 2037 1523 2088 posterr.'

156 2112 245 2137 ante
277 2099 374 2137 Obr.
405 2111 481 2133 acc.
514 2096 618 2134 Roll.
684 2099 827 2133 utinam
856 2092 935 2134 sine
964 2111 1034 2148 que
1065 2097 1196 2134 Guelf.
1231 2097 1279 2133 cf.
1314 2096 1361 2137 6,
1393 2107 1446 2142 5,
1481 2093 1526 2140 5.⁴

216 2258 310 2303 8.ιή
329 2266 411 2292 actu
423 2254 508 2305 suo.
542 2253 624 2291 Ubi
636 2254 676 2290 id
686 2254 813 2303 ipsum
871 2252 1000 2291 clarat.
1060 2256 1165 2290 Bene
1196 2265 1324 2291 autem
1346 2255 1520 2290 Stoicam

165 2315 307 2363 agitur,
333 2315 441 2362 quod
466 2311 588 2346 studia
609 2311 678 2346 illa
704 2323 813 2360 prae·
874 2324 893 2346 a
912 2310 1078 2360 reliquis
1099 2312 1209 2348 sectis
1230 2311 1402 2351 secernit,
1423 2322 1522 2358 quo·

167 2372 332 2420 cipiunt.
376 2372 433 2405 Ita
454 2369 645 2403 rationem
666 2380 814 2418 prono·
872 2368 978 2403 niam
993 2383 1035 2404 ea
1052 2367 1128 2405 sola
1141 2381 1221 2404 non
1240 2369 1283 2403 in
1303 2367 1518 2416 gymnasio.

166 2427 287 2464 minis
311 2425 472 2461 reddere
499 2425 653 2460 videor.
924 2424 1086 2474 scientia
1114 2445 1168 2453 —
1194 2426 1519 2472 humanarumque.

226 2485 264 2518 in
291 2484 582 2531 porticus——
587 2480 816 2530 scholarum.
872 2483 979 2520 Nota
999 2494 1179 2519 veterum
1200 2482 1406 2530 sapientiae
1425 2481 1525 2518 defi·

167 2540 348 2576 Primum
390 2552 487 2587 quae
528 2537 630 2587 apud
666 2549 816 2575 veteres
874 2540 1002 2581 nido3
1034 2540 1081 2576 cf.
1105 2540 1187 2575 Cic.
1211 2539 1257 2574 de
1284 2537 1402 2574 Offic.
1423 2548 1459 2579 2,-
1480 2547 1518 2574 2.

169 2597 338 2633 Graecos
386 2595 507 2631 fuerit
543 2594 817 2644 philosophiae
875 2595 1030 2632 Tuscul.
1054 2602 1089 2640 4,
1118 2595 1181 2632 26.
1210 2594 1438 2645 Diligenter
1461 2609 1525 2632 au-

168 2654 372 2695 conditio,
432 2665 529 2688 mox
574 2665 671 2701 quae
716 2653 821 2702 apud
878 2664 957 2689 tem
986 2653 1065 2688 hoc
1092 2653 1182 2688 loco
1201 2654 1281 2688 vita
1303 2664 1393 2688 cum
1406 2650 1526 2704 scien-

169 2711 369 2748 Romanos
391 2709 538 2760 suoque
559 2719 735 2760 tempore
757 2710 821 2746 de·
881 2712 935 2746 tia
956 2710 1220 2761 componitur.
