1779 3062
238 148 333 204 360
556 147 631 193 M.
665 149 800 193 FAB.
836 148 1252 210 QUINTILIANI

240 270 468 320 viffimus
509 283 684 321 autem
716 275 775 323 in
814 273 1008 324 musica
1037 273 1198 324 sonus
1232 291 1328 324 nec
1361 270 1577 324 acutiffi-

240 365 358 397 'mus
383 350 712 399 orationibus
738 353 999 401 convenit.
1036 353 1174 400 Nam
1201 362 1252 399 et
1276 353 1363 400 hic
1387 367 1578 417 parum

245 425 428 481 claru5‚
450 427 786 490 nimiumque
811 430 1014 493 plenus,
1029 429 1241 476 nullum
1265 424 1449 476 afferre
1467 429 1580 476 ani-

244 501 344 548 mis
377 513 582 551 motum
619 503 808 567 potest:
850 516 901 552 et
933 506 1024 552 ille
1051 505 1363 568 praetenuis,
1399 515 1451 551 et
1477 504 1580 551 im-

243 576 483 626 modicae
519 580 775 638 claritatis,
808 598 928 630 cum
955 580 1026 628 est
1054 581 1191 627 ultra
1215 596 1432 636 verum,
1463 589 1581 627 tum

244 670 420 718 neque
461 658 901 720 pronunciatione
939 655 1105 713 flecti,
1159 673 1334 721 neque
1378 655 1582 704 diutius

245 728 384 778 ferre
407 733 757 781 intentionem
781 732 960 798 potest.
1017 733 1158 781 Nam
1178 749 1300 789 vox,
1325 743 1388 780 ut
1410 732 1583 789 nervi,

246 823 356 870 quo
395 808 666 867 remiffior,
719 810 822 859 hoc
862 811 1072 875 gravior
1108 820 1160 857 et
1187 810 1423 876 plenior:
1473 825 1584 874 quo

246 882 471 942 tensior,
502 885 603 934 hoc
625 888 799 935 tenuis
823 897 874 934 et
893 897 1040 935 acuta
1061 888 1225 951 magis
1249 884 1334 934 est.
1376 886 1458 933 Sic
1479 886 1587 934 ima.

245 961 359 1007 vim
396 978 508 1010 non
549 962 729 1020 habet,
777 961 978 1011 summa
1024 963 1203 1026 rumpi
1242 963 1583 1027 periclitatur.

246 1037 445 1087 Mediis
477 1054 601 1105 ergo
631 1039 893 1090 utendum
924 1038 1091 1098 soni53
1136 1039 1301 1104 hique
1336 1056 1459 1088 cum
1493 1055 1587 1087 au-

309 1229 396 1269 ’4;.
425 1235 558 1262 autem.
592 1226 654 1261 Sic
686 1227 816 1262 Turic.
845 1226 947 1262 Ποῖ.
970 1226 1106 1262 Ambr.
1132 1237 1168 1262 2.
1193 1225 1320 1263 Guelf.
1346 1227 1476 1274 Camp.
1498 1237 1588 1261 cum

246 1279 366 1314 Goth.
396 1292 432 1316 et
465 1282 549 1317 edd.
582 1293 667 1317 ante
701 1282 850 1331 Gryph.
898 1282 1057 1330 Reliqui
1083 1291 1132 1322 ut,
1155 1282 1372 1317 soediffimo
1395 1281 1589 1328 asyndeto,

247 1348 319 1370 nec
352 1335 432 1370 ulla
463 1338 584 1385 proba
613 1338 804 1373 sententia.
1091 1348 1126 1373 et
1155 1339 1323 1372 hic—et
1349 1338 1423 1373 ille.
1455 1338 1588 1374 Tua-ic.

246 1390 351 1425 Flor.
377 1393 508 1441 Camp.
543 1396 577 1428 in
609 1395 665 1429 his
687 1415 737 1420 —
757 1396 820 1430 ille
851 1395 1018 1441 (omisso
1045 1406 1130 1430 ante
1160 1397 1237 1437 et),
1281 1394 1516 1441 conspirante
1549 1394 1591 1429 in

247 1447 379 1495 priore
411 1450 594 1485 varietate
616 1450 717 1485 Alm.
757 1452 950 1487 Sententia
981 1451 1138 1499 quidem
1159 1463 1238 1486 non
1262 1449 1310 1485 est
1329 1449 1436 1485 nulla
1457 1449 1499 1483 in
1520 1449 1593 1485 hac

248 1504 414 1539 ratione.
456 1508 492 1540 in
521 1506 576 1539 lzis
604 1519 676 1554 pro
704 1508 831 1542 horum
867 1508 1046 1546 ‹luorum‚·
1093 1519 1163 1542 nec
1191 1506 1314 1541 statim
1345 1507 1395 1541 [ic
1424 1506 1594 1541 recurrit

248 1561 496 1606 perturbatus
526 1563 807 1609 pronominum
834 1564 954 1604 ordo,
1007 1563 1052 1597 de
1079 1575 1157 1610 quo
1192 1563 1282 1597 vide
1312 1562 1432 1597 modo
1466 1561 1497 1604 §.
1526 1568 1593 1605 4ο.

248 1613 476 1661 Elegantior
497 1628 621 1652 tamen
641 1619 769 1653 videri
792 1619 912 1667 potest
930 1618 1097 1667 vulgata.
1127 1619 1246 1653 Goth.
1271 1629 1305 1652 et
1328 1619 1458 1652 ille—
1474 1619 1591 1652 inten-

251 1671 393 1705 tionem
413 1671 534 1719 potest
555 1675 703 1709 omittit
723 1686 881 1724 propter
903 1673 1262 1710 homoeoteleuton.
1282 1673 1347 1718 (cf.
1363 1674 1494 1719 §.560
1516 1675 1591 1708 Pro

252 1726 353 1760 ultra
379 1727 480 1763 Flor.
501 1730 663 1764 vulnera.
892 1733 1115 1778 praetenuis.
1151 1729 1278 1765 Guelf.
1298 1728 1483 1775 protinus⁴
1502 1728 1592 1769 (su-

251 1783 457 1830 perscripta
484 1785 566 1819 sunt
593 1786 683 1820 haec
700 1789 861 1831 ptenuis,
880 1789 1051 1833 gennis).
1081 1786 1176 1822 Obr.
1190 1787 1386 1834 pertenuis,
1401 1795 1445 1820 ut
1463 1785 1593 1820 secun·

257 1837 304 1872 da
328 1839 455 1874 Guelf.
479 1853 625 1876 manus.
659 1843 731 1876 Sed
754 1842 799 1879 cf.
824 1855 883 1882 ιι,
912 1857 946 1884 1,
970 1853 1038 1887 5¹·

340 1956 406 1997 42.
437 1952 504 1987 hoc
535 1955 696 2001 gravior.
735 1955 797 1990 Sic
824 1956 955 1991 Tui-ic.
986 1954 1088 1990 Flor.
1114 1953 1245 1990 Ambr.
1262 1962 1297 1988 2.
1324 1953 1451 1990 Guelf.
1475 1951 1592 1991 Goth.

255 2008 356 2052 (tac.
380 2008 518 2056 Gesn.)
539 2010 669 2058 Camp-
693 2025 779 2046 cnm
801 2011 900 2048 Alm.
937 2011 1095 2059 Reliqui
1125 2011 1295 2044 inserunt
1316 2020 1374 2049 et‚·
1402 2011 1463 2045 sed
1483 2011 1595 2046 vicis-

255 2064 325 2098 sim
348 2077 445 2099 unus
468 2066 596 2113 Camp.
620 2067 723 2102 idem
754 2068 909 2102 infercit
931 2080 1024 2102 mox
1048 2078 1132 2101 ante
1154 2067 1282 2099 tenuis.
1331 2068 1405 2100 Pro
1429 2080 1499 2113 quo
1528 2080 1595 2101 au-

257 2130 335 2154 tem
355 2131 432 2155 tam
451 2123 548 2159 Jcns.
573 2134 609 2157 et
634 2125 790 2170 posteri:
818 2124 902 2159 edd.
924 2134 1008 2158 ante
1025 2122 1112 2157 Ald.
1137 2122 1311 2156 correxit
1338 2123 1495 2168 Regius.
1525 2122 1595 2156 Er·

255 2188 346 2211 rore
378 2188 505 2213 carent
532 2179 640 2213 MSS.
677 2182 727 2214 εῑΑ
748 2180 938 2227 princeps.
991 2180 1088 2213 Mox
1118 2177 1249 2211 Turio.
1274 2176 1377 2212 Flor.
1403 2174 1594 2226 tenuiffem

256 2242 402 2266 acutum
434 2246 503 2280 pro
536 2237 651 2269 tenuis
685 2244 719 2270 ec
749 2245 880 2275 acuta,
912 2235 1005 2270 item
1021 2234 1247 2282 summarum
1266 2232 1493 2280 periclitatur
1518 2245 1591 2280 pro

251 2287 399 2338 summa
421 2293 537 2339 rumpi
557 2291 797 2338 periclitatur,
827 2290 998 2339 proclivi
1018 2301 1158 2324 errore.
1411 2303 1515 2336 -ergo
1538 2307 1594 2316 —

260 2346 458 2387 excitandi,
481 2360 571 2382 cum.
602 2348 731 2383 Turie.
745 2347 847 2382 flor.
863 2361 892 2383 e.
915 2345 1114 2395 utensionis
1135 2346 1240 2394 eique
1261 2353 1336 2379 tum
1357 2359 1392 2380 a.
1415 2347 1592 2394 interpre-

317 2519 382 2556 41.
420 2514 647 2565 gravffmus
665 2536 721 2545 —·-
752 2519 789 2551 in
819 2529 893 2550 mu-
950 2514 1049 2562 lyra,
1081 2524 1117 2550 et
1141 2524 1243 2548 recte
1263 2510 1365 2557 νὴτης
1394 2523 1430 2548 et
1448 2508 1596 2557 ,ὁτι-ἄτης

256 2567 335 2614 sicci
352 2569 478 2617 sonus.
508 2572 623 2607 Nihil
636 2574 742 2608 aliud
765 2575 799 2607 in
823 2587 895 2607 mu-
951 2570 1132 2606 admonet
1170 2569 1316 2606 Pseudo
1339 2589 1352 2597 -
1373 2567 1592 2605 TurnQbUb

260 2619 334 2669 sica
354 2626 417 2661 hic
437 2628 634 2675 significat,
655 2643 767 2677 quam
788 2631 816 2665 si
837 2628 895 2663 di·
952 2625 998 2661 cf.
1030 2638 1061 2666 1,
1092 2639 1153 2667 ¹02
1178 2635 1214 2670 3·

260 2690 364 2716 ctum
397 2683 487 2718 effen.
512 2686 549 2718 in
569 2685 733 2725 chordis,
770 2685 835 2722 vel
857 2686 895 2719 in
1142 2694 1145 2695 ’
