1779 3062
259 165 361 224 684
583 162 659 211 Μ.
699 166 835 212 FAB.
873 163 1293 228 Qum‘rmmm

259 283 471 349 deutur,
508 290 769 350 riderent,
808 292 900 339 alii
933 289 1323 341 erubescerent:
1359 309 1493 361 quae
1515 309 1605 344 oc-

257 368 394 419 casio
429 367 535 418 fuit
563 368 802 426 dicendi,
845 368 999 416 malle
1032 386 1146 417 eum
1176 365 1420 438 deficere,
1446 388 1603 435 quam

259 443 502 518 desinere.
539 447 734 512 Neque
757 455 905 494 erant
928 446 1021 493 illa
1041 447 1430 512 qualiacunque
1450 448 1603 506 mala,

208 539 234 581 4
260 523 351 572 sed
383 524 605 572 minora.
689 527 863 592 Quare
881 524 1169 589 ‘antequam
1201 523 1261 571 in
1290 523 1385 573 has
1423 525 1601 574 aetatis

259 602 443 651 veniat
473 599 713 658 insidias,
753 601 992 669 receptui
1023 611 1195 658 canet,
1225 609 1277 648 et
1303 601 1362 648 in
1383 611 1604 666 portum

258 679 466 743 integra
491 694 629 727 nave
661 678 949 743 perveniet.
1027 678 1224 740 Neque
1251 678 1396 727 enim
1427 678 1604 726 mino-

211 795 215 800 .
259 772 343 807 res
375 770 528 812 eum,
573 771 698 804 cum
726 753 785 803 id
814 752 1021 813 fecerit,
1061 752 1365 804 studiorum
1391 751 1603 804 fructus

511 932 652 983 occasio
687 930 870 980 aliofuit
899 931 1031 968 Turio.
1074 946 1109 968 0.
1142 931 1207 967 illo
1232 929 1267 979 f.
1299 931 1405 968 Flor.
1440 929 1602 969 c.·Alm.

257 1004 295 1028 ο.
325 992 412 1027 aliis
435 989 471 1039 f.
503 992 636 1039 Camp.
707 1004 744 1026 o.
777 990 835 1025 illi
856 988 893 1037 f.
927 987 1053 1024 Guelf.
1084 1001 1115 1025 c.
1149 987 1267 1024 Goth.
1296 989 1401 1028 Voss.
1430 998 1468 1024 2.
1498 988 1600 1028 Jens.

253 1049 375 1085 Tarv.
409 1046 520 1082 Bam.
563 1061 598 1082 o.
617 1047 704 1099 §illis
726 1046 762 1094 f.
795 1045 943 1095 reliqui
977 1045 1083 1090 (edd.
1116 1055 1280 1086 tantum,
1310 1046 1407 1081 duee
1428 1044 1604 1092 Merula)

255 1114 409 1154 praete-r
442 1103 540 1138 Obr.
572 1103 641 1151 qui
670 1103 839 1139 mediam
864 1115 1003 1138 vocem
1037 1101 1176 1143 omisit.
1238 1102 1341 1138 Eum
1371 1113 1499 1139 autern
1528 1113 1603 1137 nos

256 1160 379 1196 secuti
410 1160 559 1200 sumus;
589 1172 670 1195 non
700 1159 805 1207 quod
837 1159 1005 1193 nimium
1037 1159 1075 1194 ei
1100 1157 1324 1200 fideremus,
1351 1160 1413 1195 [ed
1430 1157 1602 1207 propriis

255 1216 480 1253 sationibus
522 1216 642 1251 ducti.
700 1217 803 1251 Nam
843 1226 931 1249 cum
967 1214 1146 1262 vulgata,
1184 1227 1255 1262 per
1281 1216 1316 1250 se
1345 1215 1476 1264 inepta
1504 1213 1602 1262 (qui

245 1273 364 1309 ‘enim
396 1273 481 1307 sunt
511 1273 598 1307 illi?
635 1269 839 1307 ridentes?
883 1268 1182 1306 erubescentes?
1221 1270 1441 1320 utrique?)
1478 1269 1602 1306 nulla-

255 1343 335 1378 que
367 1329 594 1363 anctoritate
622 1328 765 1369 nitens,
797 1326 1015 1373 abjicienda
1042 1327 1153 1367 effet3
1185 1326 1290 1362 nihil
1317 1339 1445 1364 tamen
1474 1327 1602 1376 porri-

253 1386 398 1435 gebant
427 1385 610 1420 meliores
642 1383 750 1424 libri,
779 1383 886 1433 quod
918 1383 1000 1428 ejus
1030 1382 1120 1419 loco
1151 1383 1276 1419 suffici
1303 1385 1438 1433 posset.
1497 1384 1604 1420 Nam

253 1442 438 1492 putidum
468 1442 579 1483 esset,
628 1442 712 1476 aliis
742 1439 944 1476 scribendo
978 1441 1139 1476 tertium
1174 1441 1278 1487 quasi
1307 1454 1427 1489 genus
1462 1440 1603 1475 addere

256 1497 413 1535 duobus
446 1511 545 1546 quae
569 1497 816 1546 praecedunt.
876 1497 1017 1544 Neque
1049 1495 1132 1531 ullo
1166 1495 1301 1538 modo,
1332 1497 1361 1532 si
1391 1498 1449 1532 illi
1466 1497 1604 1532 scriba-

254 1569 344 1592 mus
376 1566 413 1590 et
441 1567 538 1590 mox
567 1567 655 1589 eum
684 1553 812 1589 Guelf.
841 1555 935 1587 Exc.
968 1555 1071 1588 Sant.
1105 1555 1202 1588 enim
1229 1567 1303 1601 pro
1334 1567 1435 1595 eum,
1483 1553 1606 1588 credi-

256 1611 339 1649 bile
371 1611 441 1653 est,
483 1610 578 1646 haec
605 1610 731 1659 ipsum
762 1610 901 1644 Afrum
932 1609 1030 1643 mira
1058 1609 1270 1656 pertinacia
1303 1609 1463 1650 dixisse,
1514 1622 1607 1646 cum

256 1667 402 1705 [cilicet
429 1666 583 1704 videret
610 1665 707 1701 alios
738 1664 885 1705 ridere,
935 1664 1032 1700 alios
1072 1665 1302 1701 erubescere.
1379 1665 1606 1701 Admodum

255 1735 387 1762 autem
424 1721 629 1773 probabile
670 1721 718 1756 est
757 1731 899 1756 ceteras
939 1721 1142 1768 scripturas
1172 1734 1307 1757 omnes
1335 1721 1521 1770 prodiisse
1551 1734 1601 1757 ex

253 1794 330 1818 una
365 1780 458 1821 alio,
492 1791 589 1827 quae
617 1777 721 1813 mihi
751 1777 910 1825 quidem
941 1777 1100 1812 videtur
1128 1787 1215 1813 nata
1247 1790 1296 1812 ex
1323 1777 1396 1816 isso
1428 1771 1469 1813 al
1497 1778 1601 1826 appi-

255 1849 320 1876 cto
353 1836 449 1873 olim
479 1836 541 1871 his
560 1833 641 1882 fuit
668 1834 816 1869 dicendi
842 1834 923 1868 sive
954 1833 1003 1869 ob
1033 1833 1148 1869 aliam
1173 1847 1289 1883 quam
1313 1846 1418 1869 nunc
1444 1835 1601 1882 ignora-

253 1908 342 1931 mus
372 1894 581 1942 scripturae
610 1890 837 1927 varietatem
869 1890 942 1936 (cf.
964 1898 1043 1930 ⁷12,
1082 1903 1144 1931 10,
1177 1891 1269 1939 44.)
1299 1891 1376 1926 sive
1408 1891 1458 1927 ob
1490 1889 1602 1925 illam

253 1964 355 2001 quae
395 1949 443 1984 est
480 1949 523 1984 in
559 1947 679 1983 Goth.
705 1945 784 1995 fuit
815 1947 982 1984 dicendo.
1095 1951 1171 1984 Pro
1202 1948 1313 1983 malle
1343 1958 1472 1983 autem
1503 1947 1601 1982 male

253 2009 390 2057 Camp.
454 2007 554 2041 Mox
584 2017 692 2054 quam
721 2004 768 2040 :Ie
789 2001 834 2052 se
861 2006 983 2039 venire
1008 2002 1142 2040 Turic-
1165 2004 1270 2039 Flor.
1293 2002 1421 2039 Guelf.
1445 2016 1476 2039 c·
1498 2002 1603 2038 Alm.

367 2104 407 2145 4.
439 2104 547 2133 canet
576 2077 614 2131 ἷη
639 2096 765 2145 portui
795 2096 862 2130 inc.
893 2094 1026 2130 Turic-
1056 2094 1162 2132 Flor.
1198 2092 1329 2130 Guelf.
1360 2093 1464 2138 (nisi
1494 2092 1602 2142 quod

309 2267 423 2306 malle
443 2285 499 2293 —
523 2264 697 2316 desinere.
770 2268 896 2307 „Sem
954 2274 1092 2301 notatu
1139 2261 1315 2309 dignum.
1377 2261 1479 2297 Nam
1510 2274 1600 2298 cum

253 2325 474 2367 „Coxitrov-
501 2336 535 2365 1,
561 2331 598 2368 8.
627 2323 802 2372 Optirnus
825 2325 898 2357 vir·
955 2322 1046 2356 alias
1083 2319 1346 2354 imminuendi
1377 2318 1599 2367 potestatem

252 2384 371 2423 „tutis
393 2379 492 2428 finis
513 2377 585 2428 est,
615 2389 811 2429 antequam
835 2379 898 2414 de·
954 2378 997 2413 in
1027 2377 1098 2411 hac
1126 2374 1297 2410 formula
1320 2376 1520 2424 agnoscere
1537 2376 1601 2412 vi·

246 2437 392 2485 ‚jicias
411 2436 616 2486 desinere.“
645 2439 800 2471 SPALD.
956 2434 1094 2469 demur
1115 2430 1216 2477 (vid.
1246 2438 1309 2476 74.
1336 2443 1373 2468 et
1395 2433 1493 2476 75.);
1532 2432 1601 2467 hie

311 2493 765 2542 Neque—qualiacunque
784 2491 898 2533 mala,
955 2489 1212 2525 intentionem
1231 2489 1463 2524 manifestam
1483 2488 1600 2524 habe-

249 2548 320 2600 Jed
338 2552 494 2585 minora.
530 2547 635 2584 Mala
656 2548 723 2583 hio
744 2549 828 2584 sunt
851 2547 900 2583 il·
956 2559 1058 2582 mus.
1114 2544 1328 2580 Enimvero
1356 2559 1397 2580 re
1424 2558 1515 2580 vera
1535 2558 1600 2580 ne-

258 2606 316 2641 lae
338 2605 539 2641 irrisiones*
556 2615 594 2640 et
608 2604 824 2640 amicorum
836 2618 901 2639 ru·
960 2615 1035 2651 que
1054 2600 1197 2636 minuit
1214 2599 1293 2641 illa,
1324 2615 1450 2650 neque
1463 2611 1596 2649 augeb:

257 2662 345 2698 bor.
396 2662 513 2709 Quod
531 2674 611 2697 non
629 2660 734 2697 vidit
746 2661 901 2707 Gedoy·
959 2671 1041 2695 non
1061 2657 1166 2692 enim
1196 2659 1418 2705 quantitatis
1439 2657 1508 2698 est,
1539 2656 1602 2692 sed

259 2731 351 2754 nus„
382 2719 661 2770 qualiacunque
686 2728 812 2753 nutem
836 2716 903 2752 hio
961 2713 1181 2765 qualitatisz
1229 2714 1292 2750 [ed
1310 2714 1458 2763 ubique
1477 2714 1519 2750 iu
1538 2713 1602 2749 de-
