1779 3062
203 163 304 223 496
518 164 594 210 Μ.
631 165 767 210 FAB.
805 131 1225 227 QUINT1L1AN1
1271 190 1286 226 s

202 289 336 338 dum
374 286 667 347 securiore,
708 289 982 356 potuisset:
1030 310 1142 341 non
1176 295 1406 360 maligne
1439 310 1548 344 cre-

203 365 463 424 diderim,
503 365 723 416 defuiffe
747 371 795 415 ei
820 367 1080 417 summam
1102 371 1265 428 illam,
1290 372 1356 419 ad
1387 389 1548 436 quam

124 458 167 485 αι
201 460 361 492 nemo
394 445 620 510 propius
659 442 871 493 acceffit.
961 449 1023 493 Et
1055 447 1267 505 licebat,
1310 447 1352 495 si
1396 450 1548 506 aliter

198 519 474 578 sentirem,
538 520 732 570 fortius
777 520 835 570 id
872 522 1202 587 liberiusque
1242 523 1541 574 defendere.

197 601 282 648 An
311 615 441 646 vero
469 600 546 647 M.
569 599 831 647 Antonius
856 602 1099 647 neminem
1121 596 1230 670 ase
1249 596 1421 671 visum
1442 601 1546 650 elo-

195 686 458 741 quentem,
509 675 659 741 quod
694 685 837 724 tanto
878 678 1058 725 minus
1096 687 1231 734 erat,
1283 675 1542 743 professus

192 857 272 882 rus,
302 854 346 879 ut
369 842 416 879 est
437 844 546 891 [upra
567 846 600 889 §.
627 841 690 878 16.

191 901 433 949 reponebant
452 899 661 948 severiore,
692 899 932 948 praepostere
956 898 1040 938 illi,
1072 899 1102 932 si
1134 898 1222 946 plus
1252 913 1366 947 quam
1391 901 1542 948 sexage-

190 958 345 993 narium
372 957 419 991 ad
437 956 698 991 maturitatem
725 955 878 990 tandem
909 965 946 990 et
974 955 1212 990 severitatem
1236 956 1427 991 scribendi
1453 970 1540 1005 per-

973 1012 1204 1047 crediderunt
1228 1011 1385 1062 defuiffe
1404 1013 1534 1048 Turio.

189 1025 402 1062 ventulum
426 1023 689 1061 expectarunt.

189 1073 287 1106 enim
307 1083 378 1118 pro
403 1073 436 1105 ei
460 1071 594 1118 Camp.

276 1160 342 1185 21.
375 1158 411 1184 et
435 1142 641 1196 Zigaliaeitfi
661 1147 765 1184 F101.
1051 1146 1280 1195 liberiusque.
1316 1147 1379 1182 Sic
1399 1148 1534 1184 Turio.

185 1206 290 1242 Flor.
313 1204 440 1241 Guelf.
467 1205 599 1251 Camp.
625 1217 711 1238 cum
733 1204 837 1240 Alm.
861 1214 898 1239 et
926 1190 1012 1238 edd.
1038 1214 1122 1238 ante
1146 1204 1295 1252 G1yph.
1327 1214 1361 1238 et
1390 1204 1538 1240 libemus

185 1263 345 1311 reliqui.
402 1261 637 1306 eloquentiae
658 1274 765 1308 quam
788 1269 812 1296 t.
838 1275 883 1296 m.
907 1263 976 1294 erit
997 1260 1128 1294 Tulic.
1151 1259 1254 1295 Flor.
1275 1262 1371 1294 enim
1390 1272 1464 1319 pio
1485 1269 1536 1295 et-

186 1321 259 1354 iam
283 1320 415 1364 Camp.
440 1316 534 1350 hunc
554 1329 628 1364 pro
651 1317 769 1351 adhuc
792 1316 918 1351 Guelf.
943 1330 972 1350 c.
999 1315 1116 1350 Goth.
1146 1316 1249 1352 Voss'.
1283 1325 1319 1351 2.
1354 1325 1390 1358 5.
1445 1329 1536 1363 quae

176 1374 325 1425 semper
349 1373 398 1420 est
417 1373 549 1408 Turio.
574 1373 708 1422 Canip.
730 1376 793 1422 qui
808 1370 975 1422 superes}
1003 1371 1130 1407 Guelf.
1156 1374 1414 1407 aeternitatem
1431 1372 1535 1408 Flor.

185 1445 275 1467 cum
296 1433 409 1467 Bern.
440 1429 672 1477 (siquidem,
706 1431 811 1477 quod
843 1429 1064 1464 verosimile
1104 1428 1174 1469 est,
1206 1428 1320 1476 siglae
1350 1431 1464 1464 Bern.
1500 1439 1537 1474 et

184 1488 283 1525 Obr-
307 1488 484 1524 confusae
504 1486 591 1521 sunt
609 1500 667 1534 ap.
686 1488 819 1522 Burm.
852 1481 910 1521 in'
927 1486 1156 1533 Addendis).
1192 1484 1378 1533 perfectus
1399 1485 1534 1522 Ambr.

751 840 863 876 Illam
886 841 1005 890 ipsam
1027 852 1154 877 tamen
1175 841 1454 879 intellexerunt
1474 844 1554 891 quir
1611 837 1613 839 ¹

183 1555 221 1581 2.
246 1558 334 1581 curn
361 1545 461 1584 Voff.
484 1551 521 1586 5.
546 1542 751 1591 perfectum
774 1542 903 1578 Guelf-

267 1715 341 1738 non
389 1701 564 1748 maligne.
642 1701 731 1736 Hoc
781 1701 829 1736 si-

181 1758 272 1795 mili
292 1758 412 1793 modo
445 1758 752 1792 continuandum
785 1768 830 1793 ut

181 1818 290 1865 [upra
321 1829 383 1854 ιι,
412 1823 450 1857 5,
478 1823 538 1847 12.

223 1884 246 1908 2
257 1887 271 1907 1
282 1900 290 1907 .
307 1868 495 1918 licebat‚fi
506 1872 629 1905 aliter.
642 1871 735 1906 Non
747 1883 827 1906 rne-

178 1941 235 1970 tu‚
257 1929 322 1969 sed,
342 1941 439 1962 vero
453 1927 698 1976 praestantiae
720 1927 829 1962 Cice-

179 1987 364 2023 ronianae
386 1985 503 2024 sensu,
519 1994 594 2018 tam
617 1995 725 2018 caute
741 1984 774 2018 se
786 1984 829 2018 in

178 2043 251 2080 hac
285 2043 367 2088 ejus
405 2040 704 2089 reprehensione
739 2053 827 2074 ver-

177 2101 250 2136 sari
263 2098 426 2134 testatur.
463 2097 613 2144 Quidni
628 2097 729 2131 enim
752 2097 826 2145 ipsi

175 2156 292 2192 liceat
327 2153 529 2203 perfectum
566 2154 721 2188 fortiter
755 2166 820 2187 ne-

177 2226 266 2262 gare
295 2211 498 2251 Tullium,
540 2222 629 2244 cum
661 2223 708 2244 ne
740 2209 819 2244 elo·

176 2280 358 2317 quentem
382 2268 541 2316 quidem
569 2267 720 2314 (‚‚quod
746 2266 818 2300 mi-

173 2328 319 2368 „nus“)
351 2326 383 2360 se
413 2337 583 2372 unquam
605 2323 740 2357 vicliss'e
764 2322 819 2355 di-

175 2394 234 2418 cat
254 2382 470 2422 Antonius,
502 2391 539 2415 et
567 2379 723 2414 Tullius
744 2379 818 2426 ipse

174 2449 351 2486 quaerat,
385 2451 465 2473 non
501 2436 676 2472 inveniat
706 2449 817 2474 eum,

176 2509 296 2542 quem·
324 2494 560 2543 probaturus
591 2494 656 2532 sit,
691 2503 817 2527 orato-

174 2550 288 2586 rem?
358 2552 413 2586 Ea
443 2551 504 2586 vis
538 2550 588 2586 est
617 2550 659 2583 in
689 2549 817 2597 figura

174 2609 385 2646 orationis,
447 2620 563 2656 quam
610 2606 817 2653 aliquoties

174 2664 543 2704 animadvertimus,
573 2665 632 2698 An
659 2676 745 2697 vero
767 2681 817 2688 —·

174 2732 244 2766 ego
266 2734 352 2755 non.
375 2722 420 2756 cf.
451 2734 468 2755 ι
483 2736 515 2762 1,
541 2730 576 2759 2,
599 2726 663 2764 38.
679 2720 817 2754 Gesne-

887 1714 954 1736 rus
978 1701 1076 1736 inire
1098 1700 1259 1741 aberrat,
1293 1711 1535 1737 contemtum

889 1758 1091 1793 Ciceronis
1119 1757 1194 1792 hoc
1222 1769 1317 1791 aevo
1349 1757 1535 1805 ingruen-

887 1823 978 1855 tem,
1007 1813 1132 1847 aulam
1156 1813 1379 1861 principum
1403 1815 1440 1849 ei.
1458 1815 1532 1848 mi-

885 1883 959 1905 nus
989 1870 1206 1909 faventem,
1246 1870 1369 1904 causas
1405 1870 1530 1905 existi-

884 1939 1014 1966 mans,
1065 1940 1182 1974 quare
1210 1927 1355 1960 licuerit
1387 1926 1425 1962 ei
1451 1926 1529 1962 hoc

884 1983 1026 2018 fortius
1060 1983 1289 2023 defende1·e;
1355 1994 1440 2023 aut,
1498 1983 1529 2018 si

884 2041 997 2074 aliam
1021 2038 1247 2087 sententiam
1284 2040 1446 2087 accipias
1479 2040 1526 2076 de

882 2095 1066 2131 laudibus
1106 2096 1263 2130 summis
1307 2096 1524 2137 Ciceronis,

879 2165 949 2200 per
968 2152 1259 2190 Domitianum,
1293 2152 1361 2199 qui
1389 2150 1456 2187 has
1489 2153 1525 2187 ei

878 2208 990 2243 facile
1019 2205 1239 2248 indulserit,
1268 2207 1416 2242 licuiss'e
1448 2209 1524 2244 hoc

878 2265 993 2310 eti-am
1016 2265 1214 2312 suspicans.
1275 2266 1380 2300 Loca
1412 2266 1522 2302 Cice-

877 2322 986 2356 ronis
1005 2322 1050 2356 de
1070 2321 1233 2355 Antonii
1261 2332 1298 2357 et
1323 2321 1390 2355 suo
1416 2322 1520 2367 judi-
1555 2351 1563 2355 .

879 2379 940 2413 cio
954 2379 1045 2412 vide
1068 2377 1169 2425 apud
1192 2378 1362 2412 nostrum
1379 2385 1414 2422 3.
1430 2380 1519 2415 Pro.

884 2444 941 2477 ¹5·
971 2445 1008 2469 et
1030 2434 1148 2468 modo
1171 2432 1369 2481 hic§.19.
1399 2435 1519 2486 Quae-

875 2491 979 2525 remli
1025 2501 1151 2525 antem
1199 2489 1437 2526 vocabulum
1475 2491 1519 2525 iu

877 2560 954 2596 quo
1001 2547 1175 2582 consulto
1223 2547 1354 2582 haeret
1394 2546 1518 2582 noster

876 2604 977 2652 apud
1009 2604 1091 2640 Cic.
1126 2603 1173 2638 est
1195 2604 1236 2638 in
1261 2604 1368 2640 Orat.
1392 2616 1424 2639 c.
1450 2606 1520 2647 21⁴1

877 2670 941 2706 29.
