1779 3062
429 119 595 164 INST.
633 117 915 162 ORATOR.
953 117 1076 161 Lm.
1112 117 1187 173 x,
1229 115 1272 161 ι’.
1436 127 1530 172 107

166 247 384 303 forum,
446 244 677 311 ingenia.
769 243 1023 307 Namque
1072 254 1124 292 et
1184 242 1534 295 consummati

165 329 270 388 jam
309 323 523 389 patroni
545 321 818 370 veteribus
856 322 1208 380 aemulantur,
1252 333 1302 370 et
1334 339 1426 372 eos
1449 328 1534 387 ju-

165 418 370 450 venum
420 399 487 448 ad
543 400 743 464 optima
795 396 1136 447 tendentium
1191 401 1430 449 imitatur
1480 418 1538 450 ac

166 478 408 543 sequitur
446 475 724 530 industria.

167 555 353 621 sophia
390 553 705 620 scripserint,
747 569 857 616 quo
888 554 948 601 in
983 570 1176 618 genere
1209 555 1537 618 paucissimos

169 633 346 681 adhuc
383 634 694 697 eloquentes
727 631 930 678 litterae
966 633 1239 680 Romanae
1276 632 1534 690 tulerunt.

76 725 158 766 920
172 711 320 758 Idem
343 711 510 775 igitur
536 711 629 757 AW(
657 708 872 766 Tullius,
914 709 1010 773 qui
1033 709 1254 774 ubique,
1299 711 1456 760 etiam
1475 714 1535 762 in

169 788 274 837 hoc
298 804 461 853 opere
481 787 716 836 Platonis
744 787 990 835 aemulus
1014 788 1197 834 extitit.
1275 788 1536 853 Egregius

169 882 318 922 vero,
355 866 659 929 multoque,
700 881 863 928 quam
891 865 950 912 in
989 865 1350 923 orationibus,
1386 884 1536 931 prae-

169 942 391 993 stantior
417 944 627 1000 Brutus,
666 938 874 991 suffecit
897 940 1127 1008 ponderi
1162 959 1372 992 rerum:
1408 943 1537 995 scias

263 1098 352 1132 125.
378 1087 606 1138 scripferz'nt.
642 1089 704 1123 Sic
735 1088 868 1124 Turic.
905 1087 1009 1123 Flor.
1044 1087 1126 1131 (hic
1159 1102 1178 1123 a
1207 1102 1266 1138 pr.
1295 1091 1368 1134 m.)
1405 1091 1532 1129 Guelf.

171 1158 261 1182 cum
283 1146 401 1181 Goth.
423 1146 521 1184 Jens.
549 1156 585 1180 et
606 1145 691 1181 edd.
714 1146 874 1194 posterr.
899 1156 985 1180 ante
1006 1145 1098 1180 Bad.
1124 1145 1283 1194 Reliqui
1297 1146 1535 1197 scripserunt,

172 1215 344 1252 quorum
364 1215 456 1249 ergo
480 1213 516 1237 et
533 1203 667 1251 Camp.
905 1202 1034 1237 adhuc.
1070 1203 1200 1251 Camp.
1226 1204 1386 1240 omittit.

547 1259 609 1294 Sic
628 1258 731 1294 Flor.
755 1257 884 1294 Guelf.
919 1271 1007 1292 cum
1039 1258 1124 1294 edd.
1154 1260 1246 1294 inde
1281 1273 1299 1293 a
1321 1261 1428 1298 Bafil.
1449 1274 1537 1301 ante

171 1318 307 1352 Burni.
348 1318 407 1364 qui
439 1315 499 1349 ubi
532 1315 689 1356 Turia,
720 1316 781 1350 sed
812 1329 831 1349 a
860 1316 928 1350 sec.
963 1328 1015 1349 m.
1052 1325 1092 1350 ut
1121 1309 1407 1366 ubiquesGoth.
1444 1322 1533 1365 (tac.

173 1374 304 1417 Gesn)
333 1387 366 1422 q.
393 1381 429 1406 et
455 1372 586 1419 ubique
609 1373 666 1418 (et
686 1385 757 1420 pro
786 1374 902 1407 eciam
926 1373 962 1406 in
984 1373 1050 1407 hoc
1070 1385 1179 1421 mox,¹¹
1199 1374 1295 1407 item
1322 1385 1391 1411 tac.
1407 1378 1537 1420 Gesn.,

173 1439 210 1465 et
243 1433 277 1465 in
311 1430 388 1469 hoc,
421 1428 491 1463 fibi
528 1429 718 1473 constans)
763 1442 852 1464 cum
882 1428 988 1464 Voss'.
1021 1439 1056 1464 2.
1140 1430 1214 1464 Sed
1244 1431 1377 1479 Camp.
1425 1449 1459 1483 q.
1495 1444 1539 1471 ut

171 1488 315 1536 ubique,
351 1497 386 1521 et
406 1486 453 1520 fic
477 1484 635 1532 reliqui,
667 1486 710 1520 in
735 1498 809 1533 qua
831 1485 982 1520 ratione
1013 1498 1151 1533 parum
1179 1497 1285 1533 grate
1309 1488 1539 1527 subauditur

173 1542 224 1593 est
246 1544 293 1578 ad
317 1544 424 1578 idem.
560 1542 799 1577 orationihus.
832 1541 958 1577 Guelf.
991 1541 1214 1577 oratoribus.

173 1601 308 1637 Turio.
329 1599 434 1636 Flor.
458 1597 541 1644 (hic
563 1611 582 1633 a
603 1612 662 1648 pr.
687 1600 825 1647 manu)
854 1598 1021 1648 pondere
1042 1612 1133 1634 cum
1153 1598 1256 1635 Alm.

258 1262 319 1308 qui
342 1259 483 1307 ubique.

1362 1547 1536 1594 ponderi.

804 474 1113 541 Supersunt,
1150 478 1244 541 qui
1269 477 1334 525 de
1354 478 1626 542 philo-125

173 1714 367 1758 „Plinius‚
400 1723 437 1750 et
463 1712 583 1748 multi
611 1712 699 1748 alii:
733 1713 825 1748 vide

174 1772 428 1812 ,‚Tacitu1n.“
489 1771 635 1805 Pseudo
649 1789 662 1795 -
676 1771 826 1805 Turne-

175 1829 262 1865 bus.
322 1828 452 1870 „Vide
472 1827 668 1862 Plinianas
690 1826 827 1875 episto-

176 1885 258 1927 „las
288 1885 441 1934 passim,
476 1894 513 1919 et
541 1883 566 1918 1.
590 1896 624 1931 9.
669 1886 740 1932 Ep.
763 1883 828 1918 26.

176 1943 252 1983 „de
297 1941 457 1977 summis
504 1942 675 1988 ingeniis
728 1940 831 1988 quasi

177 1999 427 2040 „scatentes.“
483 1997 779 2033 Almelovenus.

236 2056 419 2092 veteribus
436 2055 683 2090 aemulantur.
742 2054 831 2089 Hoc

177 2110 302 2162 ipsum
342 2113 459 2160 hujus
490 2111 748 2159 Quintilianei
781 2111 832 2145 se-

180 2169 262 2205 culi
281 2170 452 2210 videtur,
485 2169 592 2216 quod
613 2168 832 2217 promiscua

180 2226 309 2262 utitur
355 2226 543 2262 structura
604 2225 829 2261 aemulandi.

181 2283 229 2318 cf.
262 2287 294 2330 §.
321 2283 385 2319 62.
416 2283 488 2318 ubi
518 2282 569 2317 est
593 2282 832 2317 accusativus

181 2339 306 2375 verbo
325 2341 494 2386 junctus.
550 2338 718 2387 Alioqui
739 2338 835 2374 dati-

184 2408 259 2432 vus
282 2396 434 2432 additus
452 2396 672 2431 aemulando
686 2395 834 2445 fignifi-

184 2453 379 2488 cationem
420 2452 538 2488 habet
582 2453 758 2488 invidiae
798 2462 837 2488 et

184 2510 308 2544 animi
344 2509 487 2557 iniqui.
559 2509 621 2544 Sic
662 2510 833 2546 aliorum

186 2580 345 2615 quoque
366 2566 582 2601 verborum
605 2567 835 2602 structuram

184 2621 416 2659 inflexerant
473 2623 606 2666 novi;
660 2623 752 2660 vide
800 2635 838 2672 9,

173 2688 234 2724 ,5,
280 2693 317 2717 1.

946 1722 1036 1756 123.
1069 1716 1181 1749 etiam.
1216 1716 1253 1749 in
1293 1716 1373 1752 hoc.
1432 1721 1542 1757 Leve

884 1770 968 1805 sane
1000 1771 1042 1805 in
1073 1770 1144 1805 hae
1177 1774 1352 1808 oratione
1383 1776 1540 1821 vitium,

888 1828 990 1875 quasi
1011 1828 1159 1875 ubique
1173 1828 1344 1866 Platonis
1369 1835 1541 1871 maxime

887 1884 1062 1920 aemulus
1088 1886 1131 1919 fit
1155 1886 1306 1922 Cicero.
1370 1889 1443 1924 Sed
1464 1890 1542 1927 hoc

887 1952 932 1976 ut
949 1941 1140 1978 vitaretur
1163 1942 1345 1991 longiore
1369 1946 1543 1985 anfractu

890 2011 989 2046 opus
1015 2009 1106 2034 erat.
1154 2000 1308 2049 Nempe
1330 2014 1373 2038 ut
1393 2003 1543 2052 ubique

889 2056 1127 2091 Graecorum
1148 2058 1457 2105 praestantissimi
1478 2074 1543 2098 cu-

888 2112 1052 2160 jusque,
1080 2113 1134 2149 ita
1154 2114 1196 2149 in
1216 2113 1294 2150 hoc
1325 2129 1442 2165 opere
1463 2117 1545 2153 Pla-

891 2179 1008 2204 tonis.

946 2224 1135 2276 Egregius
1155 2245 1211 2254 —
1235 2231 1381 2265 Brutus.
1441 2231 1546 2274 Hoc,

893 2284 958 2318 etsi
988 2283 1186 2332 iniquior,
1234 2287 1392 2322 Tacitus
1427 2300 1549 2335 agno-

892 2340 961 2374 scit
1021 2341 1127 2377 Dial.
1189 2344 1248 2377 De
1301 2343 1427 2380 Oratt.
1477 2355 1547 2384 21.

892 2398 1090 2438 „Brutum
1141 2398 1415 2448 philosophiae
1464 2403 1550 2438 suae

892 2453 1200 2502 ,‚1eli11quamu5.
1242 2457 1357 2496 Nam,
1385 2457 1428 2492 in
1453 2458 1549 2494 Ora-

893 2511 1099 2551 „tionibus
1126 2514 1323 2548 minorem
1352 2515 1423 2550 esse
1448 2516 1549 2551 fama

894 2566 995 2607 „sua‚
1028 2569 1143 2604 etiam
1172 2570 1427 2608 admiratores
1467 2573 1551 2619 ejus

897 2624 1138 2665 „fatentur.“
1151 2627 1209 2663 Cf.
1225 2625 1302 2664 hic,
1318 2628 1471 2670 Brut.1‚
1486 2640 1551 2680 97.

901 2680 949 2716 de
969 2682 1099 2720 Finib.
1128 2698 1145 2719 ι
1161 2709 1172 2725 ,
1204 2693 1244 2728 5.
