1779 3062
250 168 344 214 152
571 155 650 206 M.
679 155 816 201 ΕΑΒ.
854 156 1275 217 QUINTlLIANr
1316 191 1323 194 .

247 282 414 340 cutio,
476 280 567 330 sed.
600 283 660 330 in
696 280 915 348 lingulis
955 284 1113 331 etiam
1150 281 1314 332 causis
1344 284 1606 349 partium}

250 359 458 423 fintque
484 361 582 407 alia
608 361 816 418 leniter,
858 361 958 408 alia
981 359 1172 425 aspere,
1212 360 1312 407 alia
1331 362 1606 419 concitate,

248 437 350 484 alia
372 434 594 495 remisse,
631 438 731 485 alia
754 437 1000 495 docendi,
1041 438 1139 484 alia
1161 437 1420 486 movendi
1444 439 1608 503 gratia
1673 451 1676 453 ’
1735 439 1739 446 “

247 513 502 563 dicenda:
563 532 801 579 quorum
852 517 1098 564 omnium
1145 512 1398 563 dissimilis
1449 526 1608 579 atque

175 601 228 640 24
250 589 420 639 divisa
479 594 620 640 inter
668 591 719 640 se
775 594 911 642 ratio
973 592 1059 640 est.
1141 594 1321 655 Itaque
1381 609 1450 639 ne
1502 592 1608 649 hoc

249 668 474 734 quidem
525 668 800 728 suaserim,
873 671 972 720 uni
1032 668 1082 718 se
1140 669 1299 717 alicui
1376 670 1609 734 proprie,

251 763 414 812 quern
500 764 596 813 per
698 749 881 796 omnia
964 747 1248 811 sequatur,
1348 745 1606 794 addicere.

256 902 296 929 et
325 892 372 927 de
405 905 484 941 quo
513 891 627 930 Valla
657 893 735 941 ipse
764 893 846 940 agit
876 891 902 927 l.
935 905 965 929 c.
1000 891 1044 932 6,
1077 900 1122 934 3,
1159 900 1223 934 52.
1263 891 1452 927 Nostrum
1483 901 1612 939 tamen

255 947 389 983 locum
411 948 560 984 ibidem
584 950 700 997 ponit
717 962 805 984 cum
838 949 1074 997 pronomine
1096 946 1150 996 se.
1387 946 1506 996 causis
1526 962 1611 995 par-

257 1007 360 1041 tium.
394 1006 526 1054 Camp.
558 1008 704 1053 patiam
731 1004 859 1054 causae
889 1019 976 1040 cum
1007 1004 1108 1041 Van.
1142 1004 1233 1049 (nisi
1266 1005 1373 1053 quod
1403 1003 1470 1039 hic
1500 1015 1538 1039 et
1569 1003 1614 1038 in

246 1062 422 1109 .1·eliqui.s
450 1063 529 1098 sine
551 1061 759 1110 sphalmate
780 1064 960 1109 partium)
990 1062 1122 1096 Locat.
1157 1073 1194 1096 et
1214 1061 1298 1096 edd.
1334 1061 1493 1110 posterr.
1527 1056 1633 1095 ante'

259 1118 371 1154 Baffil.
401 1121 565 1168 partium.
601 1117 715 1166 causis
746 1119 845 1156 Jens.
881 1120 969 1162 (tac.
1001 1118 1129 1162 Gesn.)
1168 1119 1283 1152 Tarv.
1315 1131 1486 1166 quorum
1520 1116 1617 1151 alter

249 1175 380 1212 ⁴:modo
403 1173 589 1223 sz'mz'libus
613 1187 686 1222 pro
709 1175 886 1212 Jenfiano
909 1173 1068 1221 similis;
1112 1175 1310 1209 emendata
1346 1174 1472 1222 Regio
1505 1184 1542 1208 et
1572 1173 1616 1208 in

252 1231 416 1280 singulis
445 1242 591 1266 mutata
623 1231 831 1278 sc1·iptura;
868 1241 906 1264 et
935 1232 1065 1265 sanum
1097 1229 1240 1265 habent
1275 1231 1383 1265 MSS.
1417 1240 1455 1264 et
1480 1231 1616 1278 Camp-

261 1300 350 1322 cum
372 1287 547 1335 reliquis.
572 1286 742 1333 partibus
763 1285 892 1334 causae
915 1286 1034 1321 Goth.
1057 1289 1148 1329 (err.
1173 1287 1302 1329 Gesn.)
1323 1299 1411 1321 cum
1435 1287 1538 1323 Voff.
1563 1294 1601 1320 2.

336 1341 499 1392 sintque.
546 1344 678 1378 Turic-
702 1342 784 1391 sint
807 1345 950 1391 quique.
980 1342 1113 1390 Camp.
1141 1341 1233 1390 sint.
1261 1343 1360 1381 Jens.
1383 1342 1620 1392 sintqueqte‘i

262 1413 352 1436 cum
374 1401 507 1435 Locat.
531 1411 567 1435 et
593 1400 678 1435 edd.
701 1400 859 1448 posterr.
880 1411 966 1434 aute
988 1400 1080 1434 Bad.
1102 1397 1255 1447 sintque
1278 1402 1365 1448 quia
1387 1401 1503 1436 Tarv.
1600 1411 1603 1419 ·

349 1457 534 1492 movendi.
575 1457 709 1491 Turio.
742 1456 846 1491 Flor.
883 1455 967 1500 (hic
1001 1470 1020 1490 a
1048 1469 1106 1504 pr.
1137 1459 1209 1499 m.)
1245 1457 1439 1492 moriendi.
1483 1457 1629 1505 Camp.

252 1514 450 1550 ,monendL
674 1513 842 1548 dicenda.
876 1513 1137 1548 Tu1·ie..dicit
1169 1526 1256 1547 cum
1287 1513 1390 1549 Alm.
1416 1527 1435 1548 a
1465 1514 1534 1549 sec.
1564 1527 1619 1549 m.

263 1572 402 1609 dicant,
436 1580 474 1604 et
500 1570 550 1603 fic
573 1568 678 1604 Flor.
707 1571 831 1604 dicent:
852 1570 950 1607 Jens.
983 1582 1071 1604 cum
1108 1569 1193 1604 edd.
1222 1570 1382 1617 posterr.
1417 1580 1503 1605 ante
1524 1570 1619 1605 Bad.

264 1627 336 1675 qui
364 1625 539 1661 nostrum
569 1628 630 1667 (ut
660 1637 696 1661 et
718 1624 886 1674 sintque)
920 1626 990 1660 effe
1017 1626 1058 1660 in
1089 1625 1188 1663 Vall.
1218 1626 1383 1661 testatur.
1419 1626 1622 1663 Addicunt

264 1682 393 1719 Guelf.
426 1681 544 1718 Goth.
575 1682 708 1730 Camp.
743 1682 996 1718 Coun-actum
1032 1694 1068 1716 et
1098 1694 1326 1730 corruptum
1357 1684 1620 1719 indicativum

265 1754 284 1775 e
303 1738 504 1787 gerundiis·
526 1749 562 1773 et
580 1738 799 1786 participiis
832 1739 986 1787 passivis
1014 1738 1203 1779 vidimus,
1240 1750 1276 1774 et
1304 1740 1484 1779 viciffim,
1516 1751 1560 1775 ut
1582 1750 1621 1784 7,

267 1793 312 1836 1,
335 1808 373 1843 9.
405 1805 441 1839 7,
475 1803 511 1837 5,
542 1806 577 1841 9.
609 1794 710 1842 (quo
742 1794 832 1830 loeo
863 1796 904 1830 id
933 1796 1056 1843 ipsum
1093 1795 1200 1844 quod
1223 1795 1326 1833 Alm.
1356 1797 1474 1832 habet
1497 1795 1625 1844 Flor.)

267 1865 302 1900 9,
335 1863 370 1892 2,
405 1862 471 1897 77.
513 1851 610 1887 adde
632 1864 678 1899 9,
714 1859 759 1895 4,
797 1862 888 1895 150.
941 1853 1019 1899 Qui
1049 1854 1195 1892 dicant,
1228 1853 1350 1888 dicent
1379 1853 1623 1902 scripserunt,

262 1909 525 1943 inservierunt
545 1909 611 1943 suo
634 1907 717 1949 illi,
751 1909 857 1956 qnod
877 1910 1186 1958 interposuerant
1206 1911 1316 1958 supra
1336 1913 1411 1960 qui.

351 1963 483 2013 divisa.
515 1965 578 1999 Sic
603 1966 736 2000 Turio.
761 1965 863 2000 flor.
887 1966 971 2011 (hic
994 1980 1012 2001 a
1032 1980 1090 2015 pr.
1116 1968 1187 2010 m.)
1219 1979 1309 2001 cum
1333 1967 1436 2004 Alm.
1462 1966 1626 2017 Reliqui

261 2020 424 2071 diversa.
863 2048 865 2050 -

353 2085 418 2122 24.
440 2076 633 2127 suaserim,
647 2081 711 2113 uni
726 2078 770 2127 se
793 2079 845 2114 al.
867 2080 1001 2115 Turio.
1027 2081 1160 2128 Camp.
1185 2078 1413 2128 suaserimus
1434 2094 1509 2115 non
1528 2095 1562 2116 u.
1585 2096 1623 2119 a.

266 2136 371 2172 Flor.
405 2136 444 2181 (a
475 2148 532 2183 pr.
567 2139 637 2178 m.)
675 2135 709 2184 s.
745 2149 817 2170 non
847 2151 880 2172 u.
916 2151 949 2171 a.
985 2150 1072 2171 cnm
1105 2135 1202 2172 Alm.
1437 2138 1622 2174 addicere.

268 2194 401 2228 Turio.
435 2193 560 2227 addici
579 2194 633 2226 rei
665 2205 753 2227 cum
775 2192 879 2227 Alm.
910 2193 1032 2235 <nihil
1064 2192 1136 2228 tale
1158 2192 1270 2227 dante
1290 2191 1394 2228 Flor.
1427 2193 1475 2228 cf.
1500 2197 1534 2240 §.
1550 2195 1620 2239 5.).

268 2249 395 2286 Guelf.
419 2250 551 2297 Camp.
573 2249 734 2292 adjicere
755 2262 842 2283 cum
870 2249 988 2285 Goth.
1013 2250 1141 2297 (quod
1165 2249 1311 2288 miror,
1343 2262 1433 2284 cum
1454 2251 1558 2287 Voff.
1585 2265 1622 2287 1.

266 2320 347 2342 non
366 2316 620 2345 memoretur,
654 2316 690 2340 et
722 2319 741 2340 e
764 2305 864 2342 Vall.
895 2307 1065 2341 nostrum
1089 2306 1225 2341 diserte
1245 2305 1404 2342 Badius.
1426 2307 1474 2342 cf.
1498 2310 1532 2354 §.
1558 2317 1623 2351 17.

267 2364 362 2398 item
375 2363 458 2406 27.)
483 2362 580 2399 Jens.
607 2362 722 2398 Tarv.
745 2363 809 2397 13st
844 2361 994 2411 aliquid
1013 2362 1259 2399 incommodi
1277 2361 1510 2411 insequatur
1534 2363 1622 2406 illo,

269 2420 381 2454 tertia
400 2419 572 2467 persona,
607 2430 703 2465 quae
729 2432 808 2466 quo
832 2420 1021 2455 referatur
1037 2420 1198 2468 proprie
1227 2432 1308 2455 non
1329 2419 1459 2461 habet,
1501 2434 1622 2469 quan·

268 2489 383 2523 quam
415 2475 681 2523 interpreteris
708 2475 778 2510 ἀπὸ
811 2481 928 2510 κοινοῦ
957 2475 1067 2511 velut
1094 2476 1216 2518 illud,
1254 2477 1300 2511 de
1337 2490 1416 2524 quo
1453 2478 1619 2526 egimus,

267 2534 357 2566 velit
388 2543 432 2572 2,
471 2540 543 2575 15,
587 2542 662 2572 12;
705 2532 840 2568 durius
873 2544 1000 2568 tame-n
1036 2533 1079 2568 in
1114 2534 1245 2569 minus
1279 2532 1452 2582 generali
1482 2533 1621 2575 verbo,

261 2645 302 2679 in
325 2645 507 2692 Dialogis
545 2643 591 2679 de
622 2644 786 2681 Oratore
817 2659 910 2683 con-
1029 2651 1094 2689 24.
1151 2649 1215 2681 uni
1245 2667 1301 2675 —
1329 2647 1512 2684 addicere.
1571 2647 1623 2684 cf·

260 2701 492 2737 fabulantem
515 2711 553 2745 3,
587 2707 626 2746 8.
963 2713 1061 2739 nott.
1093 2703 1196 2739 critt.
