1779 3062
393 155 560 200 INST.
599 156 882 205 ORATOR.
921 160 1044 205 LIB.
1082 160 1181 216 XI,
1220 172 1262 205 1.
1403 172 1504 216 233·

140 283 513 350 qualecunque
535 281 821 333 discrimen
842 301 962 336 raro
985 281 1291 338 admodum'
1302 287 1496 337 evenit.

138 362 393 411 Ceterum
427 360 574 409 idern
609 359 738 419 fere,
776 372 839 410 ut
865 364 993 421 dixi,
1033 366 1092 413 in
1128 367 1279 415 omni
1305 381 1498 431 genere

137 436 414 487 causarum
434 449 486 487 et
514 437 772 505 proderit,
805 449 857 486 et
889 439 1109 490 decebit.
1192 441 1280 490 Est
1303 453 1500 501 autem,

135 514 285 580 quod
345 529 531 566 omnes
586 525 638 560 et
685 513 892 579 semper
947 529 1001 565 et
1050 519 1254 580 ubique
1304 518 1498 578 deceat.

43 586 325 659 964facere
351 607 414 638 ac
434 591 602 638 dicere
623 586 862 658 honeste:
905 602 1196 658 contraque
1224 597 1499 645 neminem

134 684 376 733 unquam
397 667 513 716 ullo
534 668 593 716 in
615 667 754 724 loco,
775 670 1029 735 turpiter.
1111 671 1328 719 Minora
1348 688 1497 730 vero,

133 761 379 809 quaeque
400 743 521 793 sunt
542 762 607 793 ex
627 743 834 803 mediis,
867 745 1191 812 plerumque
1214 745 1338 796 sunt
1359 748 1498 807 talia,

130 831 193 870 ut
218 821 333 870 aliis
369 819 473 868 sint
509 822 913 880 contemnenda,
957 823 1074 872 aliis
1103 841 1217 874 non
1247 822 1367 883 sint,
1407 836 1499 874 aut

126 915 228 964 pro
254 894 511 971 persona,
552 909 810 966 tempore,
858 899 999 960 loco,
1046 897 1208 974 causa
1238 903 1406 967 magis
1441 920 1499 951 ac

127 1088 218 1126 Ald.
503 1093 635 1128 evenit.
669 1092 805 1129 Ambr.
837 1100 874 1129 2.
912 1093 1047 1141 Camp.
1081 1094 1224 1129 eveniet
1250 1104 1340 1128 cum
1375 1092 1495 1132 Goth.

129 1146 236 1185 Voff.
273 1152 310 1191 3.
369 1144 451 1197 (an
490 1146 583 1198 22³)
655 1149 744 1186 Ald.
798 1152 960 1185 eveniret
997 1149 1126 1185 Guelf.
1176 1163 1265 1185 cum
1310 1150 1415 1186 Voss.
1457 1160 1495 1188 2.

131 1204 199 1247 (an
227 1203 320 1252 5?)·
607 1206 787 1242 Ceterum.
817 1206 922 1242 Flos.
952 1206 1087 1242 Ambr.
1122 1215 1158 1242 2.
1209 1206 1338 1242 Guelf.
1376 1207 1495 1242 omit-

129 1269 222 1296 tunt
241 1274 329 1297 cum
352 1262 470 1299 Goth.
494 1263 599 1298 Voss'.
627 1276 660 1298 1.
695 1265 796 1299 Mox
817 1263 950 1298 Turio.
974 1264 1013 1297 id
1040 1259 1090 1309 est
1113 1276 1186 1310 pro
1211 1263 1320 1298 idem.

220 1318 354 1367 ubique
402 1320 532 1354 deceat
554 1345 566 1360 ,
629 1318 769 1366 facere.
883 1320 946 1354 Sic
994 1318 1128 1354 Turio.
1179 1318 1340 1354 Omittit
1388 1319 1494 1357 Flor.

125 1373 278 1424 facere,
310 1375 371 1410 sed
399 1389 419 1410 a
450 1377 518 1411 sec.
548 1389 600 1411 m.
637 1389 683 1411 eo
714 1376 804 1412 loco
836 1376 995 1424 reponit
1024 1374 1256 1423 peaesuadere.
1294 1376 1428 1412 Ambr.
1455 1386 1495 1411 2.

133 1431 263 1468 Guelf.
288 1433 420 1481 Camp.
444 1447 479 1466 u.
500 1431 719 1481 persuadere
740 1446 829 1467 curn
851 1433 954 1470 Voff.
978 1441 1014 1475 5.
1040 1443 1076 1467 et
1104 1432 1188 1466 edd.
1212 1432 1278 1478 (de
1296 1433 1396 1470 Jens.
1421 1447 1494 1468 err.

134 1490 264 1533 (θεῶ.)
301 1498 385 1524 ante
420 1488 571 1537 Gryph.
614 1503 695 1525 exc.
723 1490 817 1525 Bad.
847 1502 906 1537 pr.
937 1490 1007 1536 qui
1035 1489 1232 1527 nostrum,
1283 1489 1358 1524 nisi
1387 1489 1494 1539 quod

132 1546 246 1580 decet.
277 1547 338 1581 Ex
355 1544 458 1582 Alm.
493 1546 673 1586 refertur,
707 1547 836 1582 deceat
873 1546 1077 1592 trajectum
1114 1545 1185 1579 effe
1217 1545 1301 1593 post
1331 1543 1492 1595 honeste.

133 1602 201 1648 (cf.
225 1606 259 1649 §.
289 1603 370 1645 15.)
397 1601 516 1637 Goth.
541 1618 575 1637 u.
591 1601 752 1650 suadere
775 1615 863 1637 cum
889 1602 988 1639 Voff.
1020 1614 1053 1635 1.
1079 1612 1115 1636 et
1136 1600 1300 1648 reliquis
1322 1602 1408 1637 edd.

221 1656 392 1706 honeste:
434 1667 644 1710 contraque.
681 1660 814 1707 Camp.
847 1658 936 1694 Ald.
962 1658 1056 1693 Bad.
1084 1660 1152 1694 sec.
1178 1657 1289 1694 Basil.
1321 1658 1496 1695 inserunt

132 1713 352 1764 honesteque
371 1716 501 1751 deceat
513 1715 644 1764 facere
666 1718 838 1764 (praeter
861 1716 1050 1764 primum,
1070 1715 1212 1752 ultimo
1236 1713 1325 1751 loco
1346 1729 1496 1764 ponen-

133 1783 190 1809 tes
223 1770 366 1819 deceat)
398 1784 487 1808 cum
519 1772 672 1822 aliquot
702 1773 804 1821 apud
834 1775 970 1808 Burm.
1002 1774 1114 1812 :Mox
1143 1771 1229 1806 edd.
1265 1782 1350 1807 ante
1384 1773 1496 1808 Gesn.

133 1828 230 1865 haec
262 1840 414 1865 tantum
444 1830 630 1870 inserunt,
658 1829 786 1877 facere
819 1831 969 1869 deceat,
1012 1842 1109 1876 quae
1152 1827 1285 1863 nullus
1323 1830 1497 1877 agnoscit

136 1887 273 1922 codex.
509 1900 669 1935 unquam
698 1887 790 1922 ullo.
822 1887 885 1922 Sic
907 1885 1038 1922 Turic.
1072 1884 1176 1920 Flor.
1212 1884 1341 1920 Guelf.
1374 1885 1495 1921 Goth.

137 1944 238 1982 Jens.
281 1943 374 1988 (tac.
408 1944 537 1986 Gesn.)
582 1956 669 1978 cum
703 1943 788 1979 edd.
821 1955 907 1979 ante
939 1945 1063 1978 Stoer.
1091 1954 1167 1977 acc.
1200 1940 1304 1976 Roll.
1337 1940 1506 1990 Reliqui.

135 2012 407 2050 transponunt.
440 2001 541 2036 lWox
570 2001 609 2035 in
639 2000 828 2036 omittunt
861 1999 963 2035 Flor.
995 1997 1033 2046 (a
1054 2012 1113 2047 pr.
1133 1999 1208 2043 m.)
1241 1999 1373 2047 Camp.
1407 2012 1497 2033 cum

135 2059 240 2098 Voff.
280 2072 315 2096 1.
608 2071 784 2107 quaeque.
836 2057 968 2105 Camp.
1018 2069 1133 2104 quae,
1192 2055 1298 2104 quod
1338 2054 1500 2091 volebat

135 2116 296 2163 Regius.
586 2114 812 2162 plerumque.
850 2113 954 2149 Flor.
985 2112 1033 2159 (a
1061 2112 1129 2147 sec.
1166 2113 1248 2157 m.)
1289 2112 1424 2148 Ambr.
1460 2122 1497 2150 2.

136 2172 268 2209 Guelf.
296 2173 408 2222 plura
446 2185 537 2209 cum
565 2170 683 2208 Goth.
713 2171 813 2207 Voff.
848 2181 885 2207 2.
927 2169 1028 2207 Vall.
1066 2170 1180 2204 Bern.
1212 2169 1312 2207 Jens.
1343 2179 1381 2204 et
1411 2168 1499 2205 edd.

135 2230 296 2279 posterr.
328 2241 415 2266 ante
438 2230 542 2266 Gibs.
572 2241 653 2266 exc.
673 2227 761 2264 Ald.
792 2227 905 2264 Bafil.
930 2225 1080 2275 Gryph.
1310 2225 1415 2266 talia,
1444 2233 1498 2263 ut.

137 2286 272 2322 Turio.
300 2288 369 2323 alii
397 2296 477 2323 aut.
713 2285 991 2321 contemnenda.
1024 2283 1087 2319 Sic
1115 2280 1208 2325 (nisi
1240 2282 1347 2330 quod
1373 2296 1443 2331 per
1470 2297 1498 2331 p

136 2343 221 2393 post
251 2345 305 2390 m)
337 2344 468 2381 Turic.
501 2342 609 2383 Flor.
644 2342 729 2390 (hic
752 2357 772 2378 a
791 2356 850 2392 pr.
872 2343 945 2386 m.)
977 2353 1065 2377 cum
1095 2338 1198 2376 Alm.
1222 2338 1383 2390 Reliqui
1415 2353 1499 2375 con-

201 2485 264 2522 14.
296 2490 337 2515 ut
356 2480 448 2516 dixi.
490 2482 524 2527 §.
550 2487 588 2525 3.
907 2492 952 2514 ex
973 2478 1114 2514 mediis.
1165 2478 1220 2512 Ita
1242 2476 1383 2512 medias
1403 2486 1502 2512 artes

191 2534 261 2583 Est
280 2546 403 2572 nucem
426 2557 477 2565 —
500 2534 658 2586 honeste.
670 2538 788 2572 Recte
849 2536 954 2573 dixit
989 2547 1033 2575 2,
1074 2545 1150 2575 20,
1187 2548 1223 2569 ι.
1263 2547 1356 2583 quae
1386 2547 1501 2582 neque

137 2594 326 2630 Gesnerus
350 2593 500 2629 confert
523 2597 555 2641 §.
581 2600 645 2638 42.
687 2595 788 2629 Mox
849 2593 996 2629 laudari
1014 2589 1134 2640 perse
1159 2604 1274 2640 neque
1295 2592 1500 2638 vituperari

135 2650 219 2698 post
251 2658 449 2701 contraque
481 2665 528 2686 an
558 2650 660 2687 forte
685 2651 790 2687 exoi-
847 2647 1004 2701 poſj'ent.

138 2707 196 2743 dit
216 2708 347 2757 quod?
907 2705 1187 2742 contemnenda.
1213 2703 1260 2740 cf.
1289 2711 1324 2748 5,
1351 2713 1413 2749 15,
1433 2714 1501 2742 22-
