<?xml version="1.0" encoding="UTF-8"?>
<!DOCTYPE html PUBLIC "-//W3C//DTD XHTML 1.0 Transitional//EN"
    "http://www.w3.org/TR/xhtml1/DTD/xhtml1-transitional.dtd">
<html xmlns="http://www.w3.org/1999/xhtml" xml:lang="en" lang="en">
 <head>
  <title>
</title>
<meta http-equiv="Content-Type" content="text/html;charset=utf-8" />
  <meta name='ocr-system' content='tesseract 3.04.00' />
  <meta name='ocr-capabilities' content='ocr_page ocr_carea ocr_par ocr_line ocrx_word'/>
</head>
<body>
  <div class='ocr_page' id='page_1' title='image "./deinstitutioneor04quinuoft_0725.png"; bbox 0 0 1779 3062; ppageno 0'>
   <div class='ocr_carea' id='block_1_1' title="bbox 382 139 1503 200">
    <p class='ocr_par' dir='ltr' id='par_1_1' title="bbox 382 139 1503 200">
     <span class='ocr_line' id='line_1_1' title="bbox 382 139 1503 200; baseline -0.004 -12"><span class='ocrx_word' id='word_1_1' title='bbox 382 143 547 189; x_wconf 74' lang='lat' dir='ltr'><strong>1Ns‘r.</strong></span> <span class='ocrx_word' id='word_1_2' title='bbox 583 141 869 190; x_wconf 65' lang='lat' dir='ltr'><strong>ORATOR·</strong></span> <span class='ocrx_word' id='word_1_3' title='bbox 889 139 1148 197; x_wconf 62' lang='grc' dir='ltr'><strong>’1,ῙΒ.ΧΙΙ,</strong></span> <span class='ocrx_word' id='word_1_4' title='bbox 1188 153 1266 186; x_wconf 82' lang='grc' dir='ltr'><strong>ιι.</strong></span> <span class='ocrx_word' id='word_1_5' title='bbox 1405 139 1503 200; x_wconf 80' lang='lat'><strong>699</strong></span> 
     </span>
    </p>
   </div>
   <div class='ocr_carea' id='block_1_2' title="bbox 150 265 1507 570">
    <p class='ocr_par' dir='ltr' id='par_1_2' title="bbox 150 265 1507 570">
     <span class='ocr_line' id='line_1_2' title="bbox 150 265 1504 336; baseline -0.004 -15"><span class='ocrx_word' id='word_1_6' title='bbox 150 269 316 321; x_wconf 86' lang='lat' dir='ltr'><strong>modo</strong></span> <span class='ocrx_word' id='word_1_7' title='bbox 356 268 761 336; x_wconf 81' lang='lat' dir='ltr'><strong>disciplinarum</strong></span> <span class='ocrx_word' id='word_1_8' title='bbox 792 285 918 335; x_wconf 86' lang='lat' dir='ltr'><strong>prae</strong></span> <span class='ocrx_word' id='word_1_9' title='bbox 952 266 1008 317; x_wconf 82' lang='lat' dir='ltr'><strong>se</strong></span> <span class='ocrx_word' id='word_1_10' title='bbox 1045 265 1315 316; x_wconf 85' lang='lat' dir='ltr'><strong>scientiam</strong></span> <span class='ocrx_word' id='word_1_11' title='bbox 1351 267 1504 325; x_wconf 81' lang='lat' dir='ltr'><strong>tulit,</strong></span> 
     </span>
     <span class='ocr_line' id='line_1_3' title="bbox 150 344 1505 411; baseline -0.002 -15"><span class='ocrx_word' id='word_1_12' title='bbox 150 347 242 396; x_wconf 80' lang='lat' dir='ltr'><strong>sed.</strong></span> <span class='ocrx_word' id='word_1_13' title='bbox 271 347 497 405; x_wconf 83' lang='lat' dir='ltr'><strong>vestem,</strong></span> <span class='ocrx_word' id='word_1_14' title='bbox 536 356 588 395; x_wconf 89' lang='lat' dir='ltr'><strong>et</strong></span> <span class='ocrx_word' id='word_1_15' title='bbox 623 347 914 405; x_wconf 87' lang='lat' dir='ltr'><strong>annulum,</strong></span> <span class='ocrx_word' id='word_1_16' title='bbox 952 344 1324 411; x_wconf 80' lang='lat' dir='ltr'><strong>crepidasque‚</strong></span> <span class='ocrx_word' id='word_1_17' title='bbox 1364 361 1505 410; x_wconf 86' lang='lat' dir='ltr'><strong>quae</strong></span> 
     </span>
     <span class='ocr_line' id='line_1_4' title="bbox 151 421 1507 482; baseline -0.004 -7"><span class='ocrx_word' id='word_1_18' title='bbox 151 427 332 475; x_wconf 84' lang='lat' dir='ltr'><strong>omnia</strong></span> <span class='ocrx_word' id='word_1_19' title='bbox 363 443 526 475; x_wconf 83' lang='lat' dir='ltr'><strong>manu</strong></span> <span class='ocrx_word' id='word_1_20' title='bbox 556 422 649 472; x_wconf 79' lang='lat' dir='ltr'><strong>sua</strong></span> <span class='ocrx_word' id='word_1_21' title='bbox 680 421 905 482; x_wconf 82' lang='lat' dir='ltr'><strong>fecerat,</strong></span> <span class='ocrx_word' id='word_1_22' title='bbox 953 424 1014 474; x_wconf 88' lang='lat' dir='ltr'><strong>in</strong></span> <span class='ocrx_word' id='word_1_23' title='bbox 1039 421 1142 473; x_wconf 83' lang='lat' dir='ltr'><strong>usu</strong></span> <span class='ocrx_word' id='word_1_24' title='bbox 1165 422 1378 480; x_wconf 79' lang='lat' dir='ltr'><strong>habuit,</strong></span> <span class='ocrx_word' id='word_1_25' title='bbox 1431 432 1507 470; x_wconf 85' lang='lat' dir='ltr'><strong>at-</strong></span> 
     </span>
     <span class='ocr_line' id='line_1_5' title="bbox 150 500 1507 570; baseline -0.003 -17"><span class='ocrx_word' id='word_1_26' title='bbox 150 520 256 569; x_wconf 89' lang='lat' dir='ltr'><strong>que</strong></span> <span class='ocrx_word' id='word_1_27' title='bbox 286 505 358 552; x_wconf 82' lang='lat' dir='ltr'><strong>ita</strong></span> <span class='ocrx_word' id='word_1_28' title='bbox 387 501 439 551; x_wconf 80' lang='lat' dir='ltr'><strong>se</strong></span> <span class='ocrx_word' id='word_1_29' title='bbox 465 503 825 570; x_wconf 81' lang='lat' dir='ltr'><strong>praeparavit,</strong></span> <span class='ocrx_word' id='word_1_30' title='bbox 863 517 933 552; x_wconf 85' lang='lat' dir='ltr'><strong>ne</strong></span> <span class='ocrx_word' id='word_1_31' title='bbox 965 504 1119 562; x_wconf 77' lang='lat' dir='ltr'><strong>cuius</strong></span> <span class='ocrx_word' id='word_1_32' title='bbox 1149 500 1366 549; x_wconf 82' lang='lat' dir='ltr'><strong>alterius</strong></span> <span class='ocrx_word' id='word_1_33' title='bbox 1401 516 1507 566; x_wconf 85' lang='lat' dir='ltr'><strong>ope</strong></span> 
     </span>
    </p>
   </div>
   <div class='ocr_carea' id='block_1_3' title="bbox 61 576 1507 649">
    <p class='ocr_par' dir='ltr' id='par_1_3' title="bbox 61 576 1507 649">
     <span class='ocr_line' id='line_1_6' title="bbox 61 576 1507 649; baseline -0.003 -19"><span class='ocrx_word' id='word_1_34' title='bbox 61 591 330 649; x_wconf 67' lang='lat' dir='ltr'><strong>„megeret</strong></span> <span class='ocrx_word' id='word_1_35' title='bbox 360 582 530 631; x_wconf 85' lang='lat' dir='ltr'><strong>ullius</strong></span> <span class='ocrx_word' id='word_1_36' title='bbox 560 580 666 630; x_wconf 82' lang='lat' dir='ltr'><strong>rei:</strong></span> <span class='ocrx_word' id='word_1_37' title='bbox 738 578 976 649; x_wconf 79' lang='lat' dir='ltr'><em>Gorgias</em></span> <span class='ocrx_word' id='word_1_38' title='bbox 1012 594 1231 645; x_wconf 84' lang='lat' dir='ltr'><strong>quoque</strong></span> <span class='ocrx_word' id='word_1_39' title='bbox 1266 576 1507 628; x_wconf 82' lang='lat' dir='ltr'><strong>summae</strong></span> 
     </span>
    </p>
   </div>
   <div class='ocr_carea' id='block_1_4' title="bbox 145 755 1514 2001">
    <p class='ocr_par' dir='ltr' id='par_1_4' title="bbox 145 755 1514 2001">
     <span class='ocr_line' id='line_1_7' title="bbox 366 755 1506 810; baseline -0.004 -14"><span class='ocrx_word' id='word_1_40' title='bbox 366 757 568 810; x_wconf 51' lang='lat' dir='ltr'><strong>seientiam</strong></span> <span class='ocrx_word' id='word_1_41' title='bbox 597 772 691 808; x_wconf 76' lang='lat' dir='ltr'><strong>prae</strong></span> <span class='ocrx_word' id='word_1_42' title='bbox 710 757 756 808; x_wconf 78' lang='lat' dir='ltr'><strong>se</strong></span> <span class='ocrx_word' id='word_1_43' title='bbox 781 758 919 808; x_wconf 82' lang='lat' dir='ltr'>Camp.</span> <span class='ocrx_word' id='word_1_44' title='bbox 950 770 1018 806; x_wconf 77' lang='lat' dir='ltr'><strong>per</strong></span> <span class='ocrx_word' id='word_1_45' title='bbox 1037 756 1084 807; x_wconf 72' lang='lat' dir='ltr'><strong>se</strong></span> <span class='ocrx_word' id='word_1_46' title='bbox 1109 756 1212 799; x_wconf 73' lang='lat' dir='ltr'><strong>Alm,</strong></span> <span class='ocrx_word' id='word_1_47' title='bbox 1243 755 1364 793; x_wconf 78' lang='lat' dir='ltr'><strong>Goth.</strong></span> <span class='ocrx_word' id='word_1_48' title='bbox 1396 756 1506 796; x_wconf 80' lang='lat' dir='ltr'><strong>Voss&#39;.</strong></span> 
     </span>
     <span class='ocr_line' id='line_1_8' title="bbox 152 815 1508 866; baseline -0.004 -12"><span class='ocrx_word' id='word_1_49' title='bbox 152 826 191 854; x_wconf 81' lang='lat'><strong>2.</strong></span> <span class='ocrx_word' id='word_1_50' title='bbox 222 827 260 854; x_wconf 85' lang='lat' dir='ltr'><strong>et</strong></span> <span class='ocrx_word' id='word_1_51' title='bbox 290 816 383 865; x_wconf 82' lang='lat' dir='ltr'><strong>aliq.</strong></span> <span class='ocrx_word' id='word_1_52' title='bbox 416 818 502 852; x_wconf 86' lang='lat' dir='ltr'><strong>edd.</strong></span> <span class='ocrx_word' id='word_1_53' title='bbox 535 831 595 866; x_wconf 83' lang='lat' dir='ltr'><strong>ap.</strong></span> <span class='ocrx_word' id='word_1_54' title='bbox 626 819 763 854; x_wconf 78' lang='lat' dir='ltr'><strong>Burm.</strong></span> <span class='ocrx_word' id='word_1_55' title='bbox 869 816 870 819; x_wconf 71' lang='grc'>’</span> <span class='ocrx_word' id='word_1_56' title='bbox 1007 815 1175 864; x_wconf 73' lang='lat' dir='ltr'><strong>crepidas</strong></span> <span class='ocrx_word' id='word_1_57' title='bbox 1201 827 1348 863; x_wconf 81' lang='lat' dir='ltr'><strong>quoque</strong></span> <span class='ocrx_word' id='word_1_58' title='bbox 1380 816 1508 849; x_wconf 80' lang='lat' dir='ltr'><strong>omnia</strong></span> 
     </span>
     <span class='ocr_line' id='line_1_9' title="bbox 152 869 1506 920; baseline -0.002 -11"><span class='ocrx_word' id='word_1_59' title='bbox 152 875 254 909; x_wconf 77' lang='lat' dir='ltr'><strong>tullic</strong></span> <span class='ocrx_word' id='word_1_60' title='bbox 285 888 395 910; x_wconf 84' lang='lat' dir='ltr'><strong>manu</strong></span> <span class='ocrx_word' id='word_1_61' title='bbox 421 875 555 909; x_wconf 86' lang='lat' dir='ltr'><strong>Turio.</strong></span> <span class='ocrx_word' id='word_1_62' title='bbox 587 875 615 908; x_wconf 83' lang='lat' dir='ltr'>F</span> <span class='ocrx_word' id='word_1_63' title='bbox 619 873 693 911; x_wconf 85' lang='lat' dir='ltr'><strong>lor.</strong></span> <span class='ocrx_word' id='word_1_64' title='bbox 754 872 922 920; x_wconf 76' lang='lat' dir='ltr'><em>crepidas</em></span> <span class='ocrx_word' id='word_1_65' title='bbox 952 883 1116 920; x_wconf 74' lang='lat' dir='ltr'><strong>quaeque</strong></span> <span class='ocrx_word' id='word_1_66' title='bbox 1137 885 1172 908; x_wconf 89' lang='grc' dir='ltr'><strong>ο.</strong></span> <span class='ocrx_word' id='word_1_67' title='bbox 1197 871 1283 906; x_wconf 70' lang='lat' dir='ltr'><strong>tulit</strong></span> <span class='ocrx_word' id='word_1_68' title='bbox 1305 884 1353 906; x_wconf 88' lang='lat' dir='ltr'><strong>m.</strong></span> <span class='ocrx_word' id='word_1_69' title='bbox 1375 869 1506 906; x_wconf 76' lang='lat' dir='ltr'><strong>Guelf-</strong></span> 
     </span>
     <span class='ocr_line' id='line_1_10' title="bbox 153 926 1504 980; baseline -0.001 -14"><span class='ocrx_word' id='word_1_70' title='bbox 153 931 391 980; x_wconf 81' lang='lat' dir='ltr'><strong>crepidasque</strong></span> <span class='ocrx_word' id='word_1_71' title='bbox 421 945 514 979; x_wconf 82' lang='lat' dir='ltr'><strong>quae</strong></span> <span class='ocrx_word' id='word_1_72' title='bbox 545 944 578 966; x_wconf 92' lang='lat' dir='ltr'><strong>o.</strong></span> <span class='ocrx_word' id='word_1_73' title='bbox 612 932 699 966; x_wconf 79' lang='lat' dir='ltr'><strong>tulit</strong></span> <span class='ocrx_word' id='word_1_74' title='bbox 729 944 776 964; x_wconf 87' lang='lat' dir='ltr'><strong>m.</strong></span> <span class='ocrx_word' id='word_1_75' title='bbox 813 926 934 964; x_wconf 84' lang='lat' dir='ltr'><strong>Goth.</strong></span> <span class='ocrx_word' id='word_1_76' title='bbox 995 928 1235 976; x_wconf 70' lang='lat' dir='ltr'><strong>crepidas-que</strong></span> <span class='ocrx_word' id='word_1_77' title='bbox 1272 941 1435 978; x_wconf 78' lang='lat' dir='ltr'><strong>quaeque</strong></span> <span class='ocrx_word' id='word_1_78' title='bbox 1466 941 1504 964; x_wconf 89' lang='lat' dir='ltr'><strong>o.</strong></span> 
     </span>
     <span class='ocr_line' id='line_1_11' title="bbox 152 984 1508 1036; baseline -0.002 -14"><span class='ocrx_word' id='word_1_79' title='bbox 152 1001 200 1023; x_wconf 88' lang='lat' dir='ltr'><strong>m.</strong></span> <span class='ocrx_word' id='word_1_80' title='bbox 232 987 365 1035; x_wconf 82' lang='lat' dir='ltr'>Camp.</span> <span class='ocrx_word' id='word_1_81' title='bbox 397 987 568 1035; x_wconf 81' lang='lat' dir='ltr'><em>crepidas</em></span> <span class='ocrx_word' id='word_1_82' title='bbox 593 1000 738 1036; x_wconf 84' lang='lat' dir='ltr'><strong>quoque</strong></span> <span class='ocrx_word' id='word_1_83' title='bbox 769 999 804 1021; x_wconf 85' lang='grc' dir='ltr'><strong>ο.</strong></span> <span class='ocrx_word' id='word_1_84' title='bbox 831 984 918 1019; x_wconf 77' lang='lat' dir='ltr'><strong>tulit</strong></span> <span class='ocrx_word' id='word_1_85' title='bbox 935 997 982 1020; x_wconf 89' lang='lat' dir='ltr'><strong>m.</strong></span> <span class='ocrx_word' id='word_1_86' title='bbox 1005 985 1105 1022; x_wconf 83' lang='lat' dir='ltr'><strong>Jens.</strong></span> <span class='ocrx_word' id='word_1_87' title='bbox 1137 985 1375 1033; x_wconf 75' lang='lat' dir='ltr'><strong>crepidasque</strong></span> <span class='ocrx_word' id='word_1_88' title='bbox 1397 997 1508 1032; x_wconf 79' lang='lat' dir='ltr'><strong>quao-</strong></span> 
     </span>
     <span class='ocr_line' id='line_1_12' title="bbox 152 1040 1510 1093; baseline -0.002 -15"><span class='ocrx_word' id='word_1_89' title='bbox 152 1057 222 1093; x_wconf 79' lang='lat' dir='ltr'><strong>que</strong></span> <span class='ocrx_word' id='word_1_90' title='bbox 251 1057 289 1080; x_wconf 81' lang='grc' dir='ltr'><strong>ο.</strong></span> <span class='ocrx_word' id='word_1_91' title='bbox 316 1044 403 1079; x_wconf 80' lang='lat' dir='ltr'><strong>tulit</strong></span> <span class='ocrx_word' id='word_1_92' title='bbox 429 1058 479 1082; x_wconf 83' lang='lat' dir='ltr'><strong>m.</strong></span> <span class='ocrx_word' id='word_1_93' title='bbox 512 1044 630 1079; x_wconf 83' lang='lat' dir='ltr'><strong>Tarv.</strong></span> <span class='ocrx_word' id='word_1_94' title='bbox 657 1044 792 1080; x_wconf 85' lang='lat' dir='ltr'><strong>Locat.</strong></span> <span class='ocrx_word' id='word_1_95' title='bbox 824 1041 924 1078; x_wconf 88' lang='lat' dir='ltr'><strong>Ven.</strong></span> <span class='ocrx_word' id='word_1_96' title='bbox 958 1040 1033 1077; x_wconf 83' lang='lat' dir='ltr'><strong>Sed</strong></span> <span class='ocrx_word' id='word_1_97' title='bbox 1064 1040 1165 1080; x_wconf 72' lang='lat' dir='ltr'><strong>Voss‘.</strong></span> <span class='ocrx_word' id='word_1_98' title='bbox 1186 1050 1223 1076; x_wconf 78' lang='lat'><strong>2.</strong></span> <span class='ocrx_word' id='word_1_99' title='bbox 1256 1041 1353 1076; x_wconf 80' lang='lat' dir='ltr'><strong>haec</strong></span> <span class='ocrx_word' id='word_1_100' title='bbox 1376 1041 1510 1077; x_wconf 70' lang='lat' dir='ltr'><strong>omnia</strong></span> 
     </span>
     <span class='ocr_line' id='line_1_13' title="bbox 145 1096 1510 1150; baseline -0.003 -15"><span class='ocrx_word' id='word_1_101' title='bbox 145 1098 421 1150; x_wconf 77' lang='lat' dir='ltr'><strong>sed—omnia</strong></span> <span class='ocrx_word' id='word_1_102' title='bbox 451 1100 621 1141; x_wconf 87' lang='lat' dir='ltr'><strong>omittit;</strong></span> <span class='ocrx_word' id='word_1_103' title='bbox 682 1100 875 1136; x_wconf 84' lang='lat' dir='ltr'><strong>nimirum</strong></span> <span class='ocrx_word' id='word_1_104' title='bbox 907 1109 978 1147; x_wconf 84' lang='lat' dir='ltr'><strong>per</strong></span> <span class='ocrx_word' id='word_1_105' title='bbox 1009 1096 1384 1138; x_wconf 79' lang='lat' dir='ltr'><strong>homoeoteleuton,</strong></span> <span class='ocrx_word' id='word_1_106' title='bbox 1417 1109 1510 1132; x_wconf 87' lang='lat' dir='ltr'><strong>cum</strong></span> 
     </span>
     <span class='ocr_line' id='line_1_14' title="bbox 151 1153 1509 1206; baseline -0.002 -14"><span class='ocrx_word' id='word_1_107' title='bbox 151 1157 195 1193; x_wconf 90' lang='lat' dir='ltr'><strong>in</strong></span> <span class='ocrx_word' id='word_1_108' title='bbox 227 1157 309 1203; x_wconf 84' lang='lat' dir='ltr'><strong>ejus</strong></span> <span class='ocrx_word' id='word_1_109' title='bbox 342 1171 501 1206; x_wconf 88' lang='lat' dir='ltr'><strong>quoque</strong></span> <span class='ocrx_word' id='word_1_110' title='bbox 532 1157 777 1206; x_wconf 83' lang='lat' dir='ltr'><strong>autographo</strong></span> <span class='ocrx_word' id='word_1_111' title='bbox 809 1154 977 1191; x_wconf 77' lang='lat' dir='ltr'><strong>verbum</strong></span> <span class='ocrx_word' id='word_1_112' title='bbox 1001 1154 1089 1189; x_wconf 75' lang='lat' dir='ltr'><strong>tulit</strong></span> <span class='ocrx_word' id='word_1_113' title='bbox 1107 1153 1168 1190; x_wconf 89' lang='lat' dir='ltr'><strong>bis</strong></span> <span class='ocrx_word' id='word_1_114' title='bbox 1191 1153 1400 1203; x_wconf 84' lang='lat' dir='ltr'><strong>legeretur.</strong></span> <span class='ocrx_word' id='word_1_115' title='bbox 1424 1154 1509 1190; x_wconf 85' lang='lat' dir='ltr'><strong>No-</strong></span> 
     </span>
     <span class='ocr_line' id='line_1_15' title="bbox 154 1211 1511 1263; baseline -0.003 -13"><span class='ocrx_word' id='word_1_116' title='bbox 154 1215 225 1250; x_wconf 71' lang='lat' dir='ltr'><strong>stra</strong></span> <span class='ocrx_word' id='word_1_117' title='bbox 254 1215 296 1250; x_wconf 88' lang='lat' dir='ltr'><strong>in</strong></span> <span class='ocrx_word' id='word_1_118' title='bbox 320 1212 408 1251; x_wconf 85' lang='lat' dir='ltr'><strong>Ald.</strong></span> <span class='ocrx_word' id='word_1_119' title='bbox 439 1217 615 1263; x_wconf 85' lang='lat' dir='ltr'><strong>primum</strong></span> <span class='ocrx_word' id='word_1_120' title='bbox 648 1222 858 1262; x_wconf 87' lang='lat' dir='ltr'><strong>comparet.</strong></span> <span class='ocrx_word' id='word_1_121' title='bbox 893 1212 988 1247; x_wconf 88' lang='lat' dir='ltr'><strong>Non</strong></span> <span class='ocrx_word' id='word_1_122' title='bbox 1017 1211 1241 1259; x_wconf 81' lang='lat' dir='ltr'><strong>displiceret</strong></span> <span class='ocrx_word' id='word_1_123' title='bbox 1270 1222 1400 1247; x_wconf 84' lang='lat' dir='ltr'><strong>autem</strong></span> <span class='ocrx_word' id='word_1_124' title='bbox 1435 1224 1511 1246; x_wconf 82' lang='lat' dir='ltr'><strong>cre·</strong></span> 
     </span>
     <span class='ocr_line' id='line_1_16' title="bbox 152 1267 1511 1322; baseline -0.001 -16"><span class='ocrx_word' id='word_1_125' title='bbox 152 1271 266 1321; x_wconf 78' lang='lat' dir='ltr'><strong>pidas</strong></span> <span class='ocrx_word' id='word_1_126' title='bbox 297 1285 462 1320; x_wconf 84' lang='lat' dir='ltr'><strong>quoque,</strong></span> <span class='ocrx_word' id='word_1_127' title='bbox 493 1285 587 1322; x_wconf 84' lang='lat' dir='ltr'><strong>quae</strong></span> <span class='ocrx_word' id='word_1_128' title='bbox 605 1270 846 1319; x_wconf 70' lang='lat' dir='ltr'><strong>——feceracs</strong></span> <span class='ocrx_word' id='word_1_129' title='bbox 907 1268 1138 1316; x_wconf 77' lang='lat' dir='ltr'><strong>abjectiores</strong></span> <span class='ocrx_word' id='word_1_130' title='bbox 1180 1268 1285 1303; x_wconf 85' lang='lat' dir='ltr'><strong>enim</strong></span> <span class='ocrx_word' id='word_1_131' title='bbox 1316 1267 1511 1317; x_wconf 82' lang='lat' dir='ltr'><strong>crepidae.</strong></span> 
     </span>
     <span class='ocr_line' id='line_1_17' title="bbox 154 1325 1409 1377; baseline -0.003 -13"><span class='ocrx_word' id='word_1_132' title='bbox 154 1329 230 1364; x_wconf 86' lang='lat' dir='ltr'><strong>Sed</strong></span> <span class='ocrx_word' id='word_1_133' title='bbox 259 1341 339 1377; x_wconf 87' lang='lat' dir='ltr'><strong>quo</strong></span> <span class='ocrx_word' id='word_1_134' title='bbox 370 1329 454 1364; x_wconf 82' lang='lat' dir='ltr'><strong>casu</strong></span> <span class='ocrx_word' id='word_1_135' title='bbox 482 1327 647 1363; x_wconf 82' lang='lat' dir='ltr'><strong>alterum</strong></span> <span class='ocrx_word' id='word_1_136' title='bbox 677 1327 762 1363; x_wconf 79' lang='lat' dir='ltr'><strong>tulit</strong></span> <span class='ocrx_word' id='word_1_137' title='bbox 791 1326 1002 1374; x_wconf 83' lang='lat' dir='ltr'><strong>irrepserit,</strong></span> <span class='ocrx_word' id='word_1_138' title='bbox 1034 1325 1212 1360; x_wconf 80' lang='lat' dir='ltr'><strong>divinare</strong></span> <span class='ocrx_word' id='word_1_139' title='bbox 1241 1337 1409 1373; x_wconf 82' lang='lat' dir='ltr'><strong>nequeo.</strong></span> 
     </span>
     <span class='ocr_line' id='line_1_18' title="bbox 269 1380 1513 1435; baseline -0.002 -15"><span class='ocrx_word' id='word_1_140' title='bbox 269 1387 308 1420; x_wconf 79' lang='lat' dir='ltr'><strong>in.</strong></span> <span class='ocrx_word' id='word_1_141' title='bbox 339 1384 404 1435; x_wconf 84' lang='lat' dir='ltr'><strong>usa</strong></span> <span class='ocrx_word' id='word_1_142' title='bbox 436 1384 543 1420; x_wconf 84' lang='lat' dir='ltr'><strong>Flor.</strong></span> <span class='ocrx_word' id='word_1_143' title='bbox 716 1385 820 1434; x_wconf 76' lang='lat' dir='ltr'><strong>atqui</strong></span> <span class='ocrx_word' id='word_1_144' title='bbox 851 1383 985 1432; x_wconf 81' lang='lat' dir='ltr'>Camp.</span> <span class='ocrx_word' id='word_1_145' title='bbox 1046 1381 1097 1418; x_wconf 81' lang='lat' dir='ltr'><strong>ad</strong></span> <span class='ocrx_word' id='word_1_146' title='bbox 1128 1395 1222 1430; x_wconf 77' lang='lat' dir='ltr'><strong>quae</strong></span> <span class='ocrx_word' id='word_1_147' title='bbox 1245 1380 1365 1418; x_wconf 83' lang='lat' dir='ltr'><strong>Goth.</strong></span> <span class='ocrx_word' id='word_1_148' title='bbox 1389 1394 1513 1431; x_wconf 82' lang='lat' dir='ltr'><strong>marg.</strong></span> 
     </span>
     <span class='ocr_line' id='line_1_19' title="bbox 153 1437 1513 1489; baseline -0.003 -10"><span class='ocrx_word' id='word_1_149' title='bbox 153 1440 267 1479; x_wconf 78' lang='lat' dir='ltr'><strong>Basil.</strong></span> <span class='ocrx_word' id='word_1_150' title='bbox 453 1442 579 1477; x_wconf 73' lang='lat' dir='ltr'><strong>alteris</strong></span> <span class='ocrx_word' id='word_1_151' title='bbox 608 1440 715 1478; x_wconf 87' lang='lat' dir='ltr'><strong>Flor.</strong></span> <span class='ocrx_word' id='word_1_152' title='bbox 905 1453 1017 1489; x_wconf 79' lang='lat' dir='ltr'><strong>opere</strong></span> <span class='ocrx_word' id='word_1_153' title='bbox 1045 1447 1151 1488; x_wconf 76' lang='lat' dir='ltr'><strong>geret</strong></span> <span class='ocrx_word' id='word_1_154' title='bbox 1181 1438 1314 1475; x_wconf 79' lang='lat' dir='ltr'><strong>Turio.</strong></span> <span class='ocrx_word' id='word_1_155' title='bbox 1348 1451 1381 1475; x_wconf 86' lang='lat' dir='ltr'><strong>e.</strong></span> <span class='ocrx_word' id='word_1_156' title='bbox 1406 1437 1513 1475; x_wconf 83' lang='lat' dir='ltr'><strong>Alm.</strong></span> 
     </span>
     <span class='ocr_line' id='line_1_20' title="bbox 154 1495 1513 1550; baseline -0.002 -15"><span class='ocrx_word' id='word_1_157' title='bbox 154 1513 227 1550; x_wconf 86' lang='lat' dir='ltr'><strong>ope</strong></span> <span class='ocrx_word' id='word_1_158' title='bbox 256 1507 399 1547; x_wconf 78' lang='lat' dir='ltr'><strong>regeret</strong></span> <span class='ocrx_word' id='word_1_159' title='bbox 429 1497 536 1535; x_wconf 82' lang='lat' dir='ltr'><strong>Flor.</strong></span> <span class='ocrx_word' id='word_1_160' title='bbox 597 1511 709 1546; x_wconf 76' lang='lat' dir='ltr'><strong>opere</strong></span> <span class='ocrx_word' id='word_1_161' title='bbox 744 1513 775 1535; x_wconf 84' lang='lat' dir='ltr'><strong>e.</strong></span> <span class='ocrx_word' id='word_1_162' title='bbox 809 1498 943 1546; x_wconf 81' lang='lat' dir='ltr'>Camp.</span> <span class='ocrx_word' id='word_1_163' title='bbox 1179 1495 1290 1531; x_wconf 74' lang='lat' dir='ltr'><strong>ullius</strong></span> <span class='ocrx_word' id='word_1_164' title='bbox 1322 1497 1387 1530; x_wconf 77' lang='lat' dir='ltr'><strong>rei.</strong></span> <span class='ocrx_word' id='word_1_165' title='bbox 1448 1496 1513 1532; x_wconf 75' lang='lat' dir='ltr'><strong>Sic</strong></span> 
     </span>
     <span class='ocr_line' id='line_1_21' title="bbox 154 1551 1514 1604; baseline -0.003 -12"><span class='ocrx_word' id='word_1_166' title='bbox 154 1556 260 1596; x_wconf 72' lang='lat' dir='ltr'><strong>Voss‘.</strong></span> <span class='ocrx_word' id='word_1_167' title='bbox 294 1566 332 1591; x_wconf 85' lang='lat'><strong>2.</strong></span> <span class='ocrx_word' id='word_1_168' title='bbox 367 1556 501 1604; x_wconf 81' lang='lat' dir='ltr'><strong>Camp.</strong></span> <span class='ocrx_word' id='word_1_169' title='bbox 528 1554 617 1591; x_wconf 79' lang='lat' dir='ltr'><strong>Ald.</strong></span> <span class='ocrx_word' id='word_1_170' title='bbox 676 1555 812 1590; x_wconf 79' lang='lat' dir='ltr'><strong>nullius</strong></span> <span class='ocrx_word' id='word_1_171' title='bbox 842 1556 895 1589; x_wconf 80' lang='lat' dir='ltr'><strong>rei</strong></span> <span class='ocrx_word' id='word_1_172' title='bbox 933 1552 1053 1590; x_wconf 83' lang='lat' dir='ltr'><strong>Goth.</strong></span> <span class='ocrx_word' id='word_1_173' title='bbox 1084 1552 1184 1591; x_wconf 80' lang='lat' dir='ltr'><strong>Jens.</strong></span> <span class='ocrx_word' id='word_1_174' title='bbox 1218 1563 1257 1588; x_wconf 81' lang='lat' dir='ltr'><strong>ct</strong></span> <span class='ocrx_word' id='word_1_175' title='bbox 1294 1551 1389 1601; x_wconf 82' lang='lat' dir='ltr'><strong>post.</strong></span> <span class='ocrx_word' id='word_1_176' title='bbox 1424 1563 1514 1588; x_wconf 81' lang='lat' dir='ltr'><strong>ante</strong></span> 
     </span>
     <span class='ocr_line' id='line_1_22' title="bbox 155 1608 1513 1661; baseline -0.005 -10"><span class='ocrx_word' id='word_1_177' title='bbox 155 1613 244 1651; x_wconf 72' lang='grc' dir='ltr'><strong>ΑΜ.</strong></span> <span class='ocrx_word' id='word_1_178' title='bbox 287 1610 438 1661; x_wconf 75' lang='lat' dir='ltr'><strong>inlusire</strong></span> <span class='ocrx_word' id='word_1_179' title='bbox 468 1612 600 1648; x_wconf 82' lang='lat' dir='ltr'><strong>Turio.</strong></span> <span class='ocrx_word' id='word_1_180' title='bbox 630 1610 736 1647; x_wconf 86' lang='lat' dir='ltr'><strong>Flor.</strong></span> <span class='ocrx_word' id='word_1_181' title='bbox 766 1610 895 1647; x_wconf 82' lang='lat' dir='ltr'><strong>Guelf.</strong></span> <span class='ocrx_word' id='word_1_182' title='bbox 931 1623 1022 1646; x_wconf 76' lang='lat' dir='ltr'><strong>neve</strong></span> <span class='ocrx_word' id='word_1_183' title='bbox 1047 1610 1158 1645; x_wconf 76' lang='lat' dir='ltr'><strong>ullius</strong></span> <span class='ocrx_word' id='word_1_184' title='bbox 1186 1610 1241 1643; x_wconf 78' lang='lat' dir='ltr'><strong>rei</strong></span> <span class='ocrx_word' id='word_1_185' title='bbox 1267 1608 1429 1657; x_wconf 79' lang='lat' dir='ltr'><strong>reliqui,</strong></span> <span class='ocrx_word' id='word_1_186' title='bbox 1458 1620 1513 1645; x_wconf 87' lang='lat' dir='ltr'><strong>ta-</strong></span> 
     </span>
     <span class='ocr_line' id='line_1_23' title="bbox 155 1665 1513 1720; baseline -0.002 -15"><span class='ocrx_word' id='word_1_187' title='bbox 155 1671 229 1707; x_wconf 86' lang='lat' dir='ltr'>cite</span> <span class='ocrx_word' id='word_1_188' title='bbox 260 1679 471 1720; x_wconf 85' lang='lat' dir='ltr'><strong>praeeunte</strong></span> <span class='ocrx_word' id='word_1_189' title='bbox 502 1668 640 1705; x_wconf 83' lang='lat' dir='ltr'><strong>Badio.</strong></span> <span class='ocrx_word' id='word_1_190' title='bbox 705 1670 814 1716; x_wconf 83' lang='lat' dir='ltr'><strong>Quae</strong></span> <span class='ocrx_word' id='word_1_191' title='bbox 844 1667 1030 1717; x_wconf 79' lang='lat' dir='ltr'><strong>scriptura</strong></span> <span class='ocrx_word' id='word_1_192' title='bbox 1060 1665 1197 1701; x_wconf 80' lang='lat' dir='ltr'><strong>falsum</strong></span> <span class='ocrx_word' id='word_1_193' title='bbox 1226 1665 1374 1701; x_wconf 80' lang='lat' dir='ltr'><strong>sensum</strong></span> <span class='ocrx_word' id='word_1_194' title='bbox 1404 1679 1513 1716; x_wconf 79' lang='lat' dir='ltr'><strong>prae-</strong></span> 
     </span>
     <span class='ocr_line' id='line_1_24' title="bbox 155 1722 1512 1775; baseline -0.004 -12"><span class='ocrx_word' id='word_1_195' title='bbox 155 1727 243 1763; x_wconf 85' lang='lat' dir='ltr'>bet:</span> <span class='ocrx_word' id='word_1_196' title='bbox 276 1738 366 1762; x_wconf 84' lang='lat' dir='ltr'><strong>nam</strong></span> <span class='ocrx_word' id='word_1_197' title='bbox 397 1724 552 1762; x_wconf 63' lang='lat' dir='ltr'><strong>non&#39;id</strong></span> <span class='ocrx_word' id='word_1_198' title='bbox 583 1726 664 1775; x_wconf 86' lang='lat' dir='ltr'><strong>egit</strong></span> <span class='ocrx_word' id='word_1_199' title='bbox 693 1725 882 1774; x_wconf 78' lang='lat' dir='ltr'><strong>Hippias,</strong></span> <span class='ocrx_word' id='word_1_200' title='bbox 911 1734 954 1760; x_wconf 92' lang='lat' dir='ltr'><strong>ut</strong></span> <span class='ocrx_word' id='word_1_201' title='bbox 983 1722 1136 1759; x_wconf 78' lang='lat' dir='ltr'><strong>nullius</strong></span> <span class='ocrx_word' id='word_1_202' title='bbox 1166 1722 1226 1758; x_wconf 83' lang='lat' dir='ltr'><strong>rei</strong></span> <span class='ocrx_word' id='word_1_203' title='bbox 1253 1734 1327 1770; x_wconf 82' lang='lat' dir='ltr'><strong>ope</strong></span> <span class='ocrx_word' id='word_1_204' title='bbox 1359 1733 1512 1772; x_wconf 77' lang='lat' dir='ltr'><strong>egeret3</strong></span> 
     </span>
     <span class='ocr_line' id='line_1_25' title="bbox 157 1778 1513 1832; baseline -0.003 -13"><span class='ocrx_word' id='word_1_205' title='bbox 157 1784 266 1832; x_wconf 88' lang='lat' dir='ltr'><strong>quod</strong></span> <span class='ocrx_word' id='word_1_206' title='bbox 295 1797 343 1820; x_wconf 90' lang='lat' dir='ltr'><strong>ne</strong></span> <span class='ocrx_word' id='word_1_207' title='bbox 375 1781 550 1830; x_wconf 83' lang='lat' dir='ltr'><strong>intelligi</strong></span> <span class='ocrx_word' id='word_1_208' title='bbox 581 1783 742 1832; x_wconf 81' lang='lat' dir='ltr'><strong>quidem</strong></span> <span class='ocrx_word' id='word_1_209' title='bbox 769 1791 874 1818; x_wconf 78' lang='lat' dir='ltr'><strong>recte</strong></span> <span class='ocrx_word' id='word_1_210' title='bbox 903 1780 1049 1829; x_wconf 83' lang='lat' dir='ltr'><strong>potest;</strong></span> <span class='ocrx_word' id='word_1_211' title='bbox 1089 1779 1152 1814; x_wconf 82' lang='lat' dir='ltr'><strong>sed</strong></span> <span class='ocrx_word' id='word_1_212' title='bbox 1181 1788 1226 1814; x_wconf 86' lang='lat' dir='ltr'><strong>ut</strong></span> <span class='ocrx_word' id='word_1_213' title='bbox 1254 1778 1298 1814; x_wconf 82' lang='lat' dir='ltr'><strong>iu</strong></span> <span class='ocrx_word' id='word_1_214' title='bbox 1329 1779 1440 1815; x_wconf 88' lang='lat' dir='ltr'><strong>omni</strong></span> <span class='ocrx_word' id='word_1_215' title='bbox 1468 1793 1513 1816; x_wconf 83' lang='lat' dir='ltr'><strong>re</strong></span> 
     </span>
     <span class='ocr_line' id='line_1_26' title="bbox 158 1835 1513 1890; baseline -0.004 -14"><span class='ocrx_word' id='word_1_216' title='bbox 158 1840 232 1876; x_wconf 79' lang='lat' dir='ltr'><strong>sibi</strong></span> <span class='ocrx_word' id='word_1_217' title='bbox 265 1841 345 1890; x_wconf 82' lang='lat' dir='ltr'><strong>ipse</strong></span> <span class='ocrx_word' id='word_1_218' title='bbox 384 1838 589 1875; x_wconf 79' lang='lat' dir='ltr'><strong>sufficeret.</strong></span> <span class='ocrx_word' id='word_1_219' title='bbox 660 1841 719 1876; x_wconf 85' lang='lat' dir='ltr'><strong>Ita</strong></span> <span class='ocrx_word' id='word_1_220' title='bbox 758 1837 1084 1886; x_wconf 80' lang='lat' dir='ltr'><strong>simpliciffimum</strong></span> <span class='ocrx_word' id='word_1_221' title='bbox 1121 1835 1225 1871; x_wconf 83' lang='lat' dir='ltr'><strong>foret</strong></span> <span class='ocrx_word' id='word_1_222' title='bbox 1253 1847 1444 1883; x_wconf 82' lang='lat' dir='ltr'><strong>reponere</strong></span> <span class='ocrx_word' id='word_1_223' title='bbox 1473 1838 1513 1870; x_wconf 81' lang='lat' dir='ltr'><strong>in</strong></span> 
     </span>
     <span class='ocr_line' id='line_1_27' title="bbox 158 1891 1511 1933; baseline -0.003 -1"><span class='ocrx_word' id='word_1_224' title='bbox 158 1898 237 1933; x_wconf 85' lang='lat' dir='ltr'><strong>ulla</strong></span> <span class='ocrx_word' id='word_1_225' title='bbox 265 1911 326 1933; x_wconf 80' lang='lat' dir='ltr'><strong>re.-</strong></span> <span class='ocrx_word' id='word_1_226' title='bbox 357 1895 436 1930; x_wconf 84' lang='lat' dir='ltr'><strong>hoc</strong></span> <span class='ocrx_word' id='word_1_227' title='bbox 468 1905 596 1931; x_wconf 84' lang='lat' dir='ltr'><strong>tamen</strong></span> <span class='ocrx_word' id='word_1_228' title='bbox 627 1907 717 1931; x_wconf 85' lang='lat' dir='ltr'><strong>cum</strong></span> <span class='ocrx_word' id='word_1_229' title='bbox 747 1895 917 1931; x_wconf 86' lang='lat' dir='ltr'><strong>nimium</strong></span> <span class='ocrx_word' id='word_1_230' title='bbox 942 1893 1122 1929; x_wconf 76' lang='lat' dir='ltr'><strong>recedere</strong></span> <span class='ocrx_word' id='word_1_231' title='bbox 1143 1891 1347 1927; x_wconf 80' lang='lat' dir='ltr'><strong>videretur</strong></span> <span class='ocrx_word' id='word_1_232' title='bbox 1367 1892 1414 1928; x_wconf 84' lang='lat' dir='ltr'><strong>ab</strong></span> <span class='ocrx_word' id='word_1_233' title='bbox 1437 1891 1511 1929; x_wconf 76' lang='lat' dir='ltr'><strong>illo</strong></span> 
     </span>
     <span class='ocr_line' id='line_1_28' title="bbox 156 1948 1512 2001; baseline -0.004 -10"><span class='ocrx_word' id='word_1_234' title='bbox 156 1955 400 1991; x_wconf 82' lang='lat' dir='ltr'><strong>vetustorum</strong></span> <span class='ocrx_word' id='word_1_235' title='bbox 431 1953 615 1988; x_wconf 84' lang='lat' dir='ltr'><strong>codicum</strong></span> <span class='ocrx_word' id='word_1_236' title='bbox 653 1951 825 2001; x_wconf 78' lang='lat' dir='ltr'><strong>inlustre,-</strong></span> <span class='ocrx_word' id='word_1_237' title='bbox 882 1950 1068 1986; x_wconf 78' lang='lat' dir='ltr'><strong>revocavi</strong></span> <span class='ocrx_word' id='word_1_238' title='bbox 1096 1948 1289 1999; x_wconf 79' lang='lat' dir='ltr'><strong>principis</strong></span> <span class='ocrx_word' id='word_1_239' title='bbox 1323 1948 1512 1986; x_wconf 77' lang='lat' dir='ltr'><strong>editionis</strong></span> 
     </span>
    </p>
   </div>
   <div class='ocr_carea' id='block_1_5' title="bbox 148 2061 1514 2113">
    <p class='ocr_par' dir='ltr' id='par_1_5' title="bbox 148 2061 1514 2113">
     <span class='ocr_line' id='line_1_29' title="bbox 148 2061 1514 2113; baseline -0.004 -9"><span class='ocrx_word' id='word_1_240' title='bbox 148 2067 318 2106; x_wconf 81' lang='lat' dir='ltr'><strong>-vetustis</strong></span> <span class='ocrx_word' id='word_1_241' title='bbox 351 2078 389 2102; x_wconf 88' lang='lat' dir='ltr'><strong>et</strong></span> <span class='ocrx_word' id='word_1_242' title='bbox 418 2067 541 2102; x_wconf 77' lang='lat' dir='ltr'><strong>sensui</strong></span> <span class='ocrx_word' id='word_1_243' title='bbox 569 2079 649 2102; x_wconf 87' lang='lat' dir='ltr'><strong>non</strong></span> <span class='ocrx_word' id='word_1_244' title='bbox 680 2066 802 2101; x_wconf 80' lang='lat' dir='ltr'><strong>sensui</strong></span> <span class='ocrx_word' id='word_1_245' title='bbox 830 2067 874 2101; x_wconf 86' lang='lat' dir='ltr'><strong>in</strong></span> <span class='ocrx_word' id='word_1_246' title='bbox 903 2063 1087 2112; x_wconf 73' lang='lat' dir='ltr'><strong>vulgatis.</strong></span> <span class='ocrx_word' id='word_1_247' title='bbox 1213 2061 1397 2099; x_wconf 85' lang='lat' dir='ltr'><strong>Proxime</strong></span> <span class='ocrx_word' id='word_1_248' title='bbox 1427 2062 1514 2113; x_wconf 81' lang='lat' dir='ltr'><strong>post</strong></span> 
     </span>
    </p>
   </div>
   <div class='ocr_carea' id='block_1_6' title="bbox 156 2117 1514 2230">
    <p class='ocr_par' dir='ltr' id='par_1_6' title="bbox 156 2117 1514 2230">
     <span class='ocr_line' id='line_1_30' title="bbox 156 2117 1514 2173; baseline -0.004 -13"><span class='ocrx_word' id='word_1_249' title='bbox 156 2125 261 2161; x_wconf 71' lang='lat' dir='ltr'><strong>illud</strong></span> <span class='ocrx_word' id='word_1_250' title='bbox 299 2121 449 2173; x_wconf 76' lang='lat' dir='ltr'><strong>inlusire</strong></span> <span class='ocrx_word' id='word_1_251' title='bbox 486 2123 530 2159; x_wconf 88' lang='lat' dir='ltr'><strong>in</strong></span> <span class='ocrx_word' id='word_1_252' title='bbox 560 2123 695 2158; x_wconf 83' lang='lat' dir='ltr'><strong>Turio.</strong></span> <span class='ocrx_word' id='word_1_253' title='bbox 735 2122 880 2172; x_wconf 81' lang='lat' dir='ltr'><strong>legitur</strong></span> <span class='ocrx_word' id='word_1_254' title='bbox 919 2129 977 2156; x_wconf 77' lang='lat' dir='ltr'><strong>tot</strong></span> <span class='ocrx_word' id='word_1_255' title='bbox 1006 2119 1107 2171; x_wconf 78' lang='lat' dir='ltr'><strong>quod</strong></span> <span class='ocrx_word' id='word_1_256' title='bbox 1127 2117 1275 2169; x_wconf 85' lang='lat' dir='ltr'><strong>summa</strong></span> <span class='ocrx_word' id='word_1_257' title='bbox 1295 2117 1514 2168; x_wconf 77' lang='lat' dir='ltr'><strong>senectutis,</strong></span> 
     </span>
     <span class='ocr_line' id='line_1_31' title="bbox 157 2175 1514 2230; baseline -0.004 -12"><span class='ocrx_word' id='word_1_258' title='bbox 157 2183 202 2219; x_wconf 85' lang='lat' dir='ltr'><strong>in</strong></span> <span class='ocrx_word' id='word_1_259' title='bbox 235 2181 344 2218; x_wconf 78' lang='lat' dir='ltr'><strong>Flor.</strong></span> <span class='ocrx_word' id='word_1_260' title='bbox 379 2180 508 2217; x_wconf 83' lang='lat' dir='ltr'><strong>Guelf.</strong></span> <span class='ocrx_word' id='word_1_261' title='bbox 554 2189 682 2230; x_wconf 67' lang='lat' dir='ltr'><strong>totque</strong></span> <span class='ocrx_word' id='word_1_262' title='bbox 713 2179 862 2230; x_wconf 85' lang='lat' dir='ltr'><em>summa</em></span> <span class='ocrx_word' id='word_1_263' title='bbox 884 2176 919 2228; x_wconf 84' lang='lat' dir='ltr'><strong>s.</strong></span> <span class='ocrx_word' id='word_1_264' title='bbox 954 2177 1001 2213; x_wconf 87' lang='lat' dir='ltr'><strong>in</strong></span> <span class='ocrx_word' id='word_1_265' title='bbox 1030 2176 1177 2228; x_wconf 80' lang='lat' dir='ltr'><strong>quibus</strong></span> <span class='ocrx_word' id='word_1_266' title='bbox 1205 2175 1300 2212; x_wconf 79' lang='lat' dir='ltr'><strong>latet</strong></span> <span class='ocrx_word' id='word_1_267' title='bbox 1329 2177 1514 2227; x_wconf 85' lang='lat' dir='ltr'><strong>ignotum</strong></span> 
     </span>
    </p>
   </div>
   <div class='ocr_carea' id='block_1_7' title="bbox 156 2358 1519 2470">
    <p class='ocr_par' dir='ltr' id='par_1_7' title="bbox 156 2358 1519 2470">
     <span class='ocr_line' id='line_1_32' title="bbox 156 2358 1518 2408; baseline -0.001 -10"><span class='ocrx_word' id='word_1_268' title='bbox 156 2370 259 2406; x_wconf 55' lang='lat'><strong>„52</strong></span> <span class='ocrx_word' id='word_1_269' title='bbox 306 2361 467 2398; x_wconf 71' lang='lat' dir='ltr'><strong>luxurio</strong></span> <span class='ocrx_word' id='word_1_270' title='bbox 513 2358 695 2396; x_wconf 73' lang='lat' dir='ltr'><strong>Africana</strong></span> <span class='ocrx_word' id='word_1_271' title='bbox 744 2360 810 2396; x_wconf 83' lang='lat' dir='ltr'><strong>de·</strong></span> <span class='ocrx_word' id='word_1_272' title='bbox 867 2373 949 2397; x_wconf 86' lang='lat' dir='ltr'><strong>non</strong></span> <span class='ocrx_word' id='word_1_273' title='bbox 968 2359 1122 2398; x_wconf 79' lang='lat' dir='ltr'><strong>habere,</strong></span> <span class='ocrx_word' id='word_1_274' title='bbox 1134 2368 1238 2408; x_wconf 82' lang='lat' dir='ltr'><strong>patet</strong></span> <span class='ocrx_word' id='word_1_275' title='bbox 1250 2368 1334 2394; x_wconf 86' lang='lat' dir='ltr'><strong>tum</strong></span> <span class='ocrx_word' id='word_1_276' title='bbox 1355 2371 1403 2394; x_wconf 85' lang='lat' dir='ltr'><strong>ex</strong></span> <span class='ocrx_word' id='word_1_277' title='bbox 1414 2358 1518 2396; x_wconf 76' lang='lat' dir='ltr'><strong>mira</strong></span> 
     </span>
     <span class='ocr_line' id='line_1_33' title="bbox 159 2415 1519 2470; baseline -0.001 -15"><span class='ocrx_word' id='word_1_278' title='bbox 159 2419 375 2470; x_wconf 81' lang='lat' dir='ltr'><strong>„scriptum</strong></span> <span class='ocrx_word' id='word_1_279' title='bbox 398 2418 445 2453; x_wconf 79' lang='lat' dir='ltr'><strong>ab</strong></span> <span class='ocrx_word' id='word_1_280' title='bbox 467 2415 636 2467; x_wconf 77' lang='lat' dir='ltr'><strong>Apulejo</strong></span> <span class='ocrx_word' id='word_1_281' title='bbox 660 2416 810 2454; x_wconf 72' lang='lat' dir='ltr'><strong>Florid.</strong></span> <span class='ocrx_word' id='word_1_282' title='bbox 868 2416 1050 2453; x_wconf 84' lang='lat' dir='ltr'><strong>lectionis</strong></span> <span class='ocrx_word' id='word_1_283' title='bbox 1088 2416 1295 2456; x_wconf 81' lang='lat' dir='ltr'><strong>varietate,</strong></span> <span class='ocrx_word' id='word_1_284' title='bbox 1350 2425 1432 2451; x_wconf 87' lang='lat' dir='ltr'><strong>tum</strong></span> <span class='ocrx_word' id='word_1_285' title='bbox 1468 2429 1519 2453; x_wconf 72' lang='lat' dir='ltr'><strong>ex</strong></span> 
     </span>
    </p>
   </div>
   <div class='ocr_carea' id='block_1_8' title="bbox 161 2473 1521 2638">
    <p class='ocr_par' dir='ltr' id='par_1_8' title="bbox 161 2473 1521 2638">
     <span class='ocr_line' id='line_1_34' title="bbox 161 2473 1521 2526; baseline -0.001 -17"><span class='ocrx_word' id='word_1_286' title='bbox 161 2489 229 2526; x_wconf 85' lang='lat' dir='ltr'><strong>„p.</strong></span> <span class='ocrx_word' id='word_1_287' title='bbox 251 2475 345 2522; x_wconf 82' lang='lat'><strong>546.</strong></span> <span class='ocrx_word' id='word_1_288' title='bbox 371 2474 583 2511; x_wconf 84' lang='lat' dir='ltr'><strong>Elmenh.“</strong></span> <span class='ocrx_word' id='word_1_289' title='bbox 612 2474 765 2511; x_wconf 80' lang='lat' dir='ltr'><strong>Gesner.</strong></span> <span class='ocrx_word' id='word_1_290' title='bbox 869 2473 951 2523; x_wconf 82' lang='lat' dir='ltr'><strong>ipso</strong></span> <span class='ocrx_word' id='word_1_291' title='bbox 971 2473 1246 2510; x_wconf 83' lang='lat' dir='ltr'><strong>sententiarum</strong></span> <span class='ocrx_word' id='word_1_292' title='bbox 1263 2485 1381 2509; x_wconf 84' lang='lat' dir='ltr'><strong>nexu.</strong></span> <span class='ocrx_word' id='word_1_293' title='bbox 1433 2475 1521 2516; x_wconf 75' lang='lat' dir='ltr'><strong>„Ut</strong></span> 
     </span>
     <span class='ocr_line' id='line_1_35' title="bbox 223 2530 1521 2581; baseline -0.002 -12"><span class='ocrx_word' id='word_1_294' title='bbox 223 2533 473 2581; x_wconf 80' lang='lat' dir='ltr'><strong>crepidasque.</strong></span> <span class='ocrx_word' id='word_1_295' title='bbox 506 2531 554 2568; x_wconf 83' lang='lat' dir='ltr'><strong>cf.</strong></span> <span class='ocrx_word' id='word_1_296' title='bbox 585 2541 668 2567; x_wconf 85' lang='lat' dir='ltr'><strong>not.</strong></span> <span class='ocrx_word' id='word_1_297' title='bbox 695 2531 783 2568; x_wconf 84' lang='lat' dir='ltr'><strong>crit.</strong></span> <span class='ocrx_word' id='word_1_298' title='bbox 870 2530 946 2573; x_wconf 78' lang='lat' dir='ltr'><strong>„de</strong></span> <span class='ocrx_word' id='word_1_299' title='bbox 975 2533 1150 2567; x_wconf 57' lang='lat' dir='ltr'><strong>Homero</strong></span> <span class='ocrx_word' id='word_1_300' title='bbox 1182 2540 1414 2571; x_wconf 74' lang='lat' dir='ltr'><strong>taceam—3</strong></span> <span class='ocrx_word' id='word_1_301' title='bbox 1474 2541 1521 2568; x_wconf 85' lang='lat' dir='ltr'><strong>ut</strong></span> 
     </span>
     <span class='ocr_line' id='line_1_36' title="bbox 224 2587 1520 2638; baseline -0.001 -13"><span class='ocrx_word' id='word_1_302' title='bbox 224 2590 336 2626; x_wconf 81' lang='lat' dir='ltr'><strong>ullius</strong></span> <span class='ocrx_word' id='word_1_303' title='bbox 355 2590 420 2624; x_wconf 78' lang='lat' dir='ltr'><strong>rei.</strong></span> <span class='ocrx_word' id='word_1_304' title='bbox 449 2589 531 2624; x_wconf 82' lang='lat' dir='ltr'><strong>vid.</strong></span> <span class='ocrx_word' id='word_1_305' title='bbox 557 2598 639 2624; x_wconf 87' lang='lat' dir='ltr'><strong>not.</strong></span> <span class='ocrx_word' id='word_1_306' title='bbox 663 2588 747 2624; x_wconf 82' lang='lat' dir='ltr'><strong>crit.</strong></span> <span class='ocrx_word' id='word_1_307' title='bbox 871 2588 1086 2638; x_wconf 79' lang='lat' dir='ltr'><strong>„Hippiam</strong></span> <span class='ocrx_word' id='word_1_308' title='bbox 1109 2597 1385 2624; x_wconf 79' lang='lat' dir='ltr'><strong>transeam—z</strong></span> <span class='ocrx_word' id='word_1_309' title='bbox 1418 2587 1520 2624; x_wconf 83' lang='lat' dir='ltr'><strong>Gor·-</strong></span> 
     </span>
    </p>
   </div>
   <div class='ocr_carea' id='block_1_9' title="bbox 170 2644 1522 2752">
    <p class='ocr_par' dir='ltr' id='par_1_9' title="bbox 170 2644 1522 2752">
     <span class='ocr_line' id='line_1_37' title="bbox 227 2644 1522 2695; baseline -0.002 -13"><span class='ocrx_word' id='word_1_310' title='bbox 227 2646 631 2695; x_wconf 72' lang='lat' dir='ltr'><strong>Gorgias—jubebat.</strong></span> <span class='ocrx_word' id='word_1_311' title='bbox 660 2645 818 2681; x_wconf 82' lang='lat' dir='ltr'><strong>Sincera</strong></span> <span class='ocrx_word' id='word_1_312' title='bbox 873 2645 982 2693; x_wconf 76' lang='lat' dir='ltr'><strong>„gias</strong></span> <span class='ocrx_word' id='word_1_313' title='bbox 1001 2648 1271 2694; x_wconf 81' lang='lat' dir='ltr'><strong>quoque—“.</strong></span> <span class='ocrx_word' id='word_1_314' title='bbox 1321 2644 1522 2692; x_wconf 81' lang='lat' dir='ltr'><strong>Quaenam</strong></span> 
     </span>
     <span class='ocr_line' id='line_1_38' title="bbox 170 2699 1520 2752; baseline -0.004 -9"><span class='ocrx_word' id='word_1_315' title='bbox 170 2717 242 2743; x_wconf 83' lang='lat' dir='ltr'><strong>nos</strong></span> <span class='ocrx_word' id='word_1_316' title='bbox 253 2702 491 2752; x_wconf 75' lang='lat' dir='ltr'><strong>Quintiliani</strong></span> <span class='ocrx_word' id='word_1_317' title='bbox 510 2702 628 2741; x_wconf 81' lang='lat' dir='ltr'><strong>verba</strong></span> <span class='ocrx_word' id='word_1_318' title='bbox 649 2699 691 2738; x_wconf 85' lang='lat' dir='ltr'><strong>in</strong></span> <span class='ocrx_word' id='word_1_319' title='bbox 710 2702 817 2740; x_wconf 78' lang='lat' dir='ltr'><strong>hisce</strong></span> <span class='ocrx_word' id='word_1_320' title='bbox 878 2703 1014 2752; x_wconf 80' lang='lat' dir='ltr'><strong>quaeso</strong></span> <span class='ocrx_word' id='word_1_321' title='bbox 1035 2702 1079 2738; x_wconf 86' lang='lat' dir='ltr'><strong>in</strong></span> <span class='ocrx_word' id='word_1_322' title='bbox 1099 2701 1244 2751; x_wconf 81' lang='lat' dir='ltr'><strong>Gorgia</strong></span> <span class='ocrx_word' id='word_1_323' title='bbox 1269 2711 1371 2739; x_wconf 78' lang='lat' dir='ltr'><strong>tanta</strong></span> <span class='ocrx_word' id='word_1_324' title='bbox 1391 2701 1520 2752; x_wconf 77' lang='lat' dir='ltr'><strong>gravi-</strong></span> 
     </span>
    </p>
   </div>
  </div>
 </body>
</html>
