1779 3062
410 151 575 198 INST.
606 152 890 204 ORATOR.
927 155 1051 201 Lm.
1085 155 1196 213 xn,
1231 166 1280 211 8.
1419 168 1516 220 579

162 277 245 328 tia
283 275 450 328 modo
491 278 623 327 vitia
662 282 894 332 curanda
935 281 1073 341 sunt,
1112 279 1198 330 sed
1243 284 1402 334 etiam
1432 285 1520 335 in-

167 355 460 413 venienda,
519 359 656 420 quae
695 357 888 418 latent,
938 358 1090 428 saepe
1131 358 1256 426 ipsis
1297 378 1379 420 ea,
1417 364 1518 427 qui

165 431 384 481 sanandi
431 430 579 491 sunt,
633 435 1035 487 occulentibus:
1114 438 1186 486 ita
1226 438 1518 490 advocatus

162 509 337 576 plura,
378 526 540 576 quam
567 508 932 571 ostenduntur,
959 513 1182 581 aspiciat.
1224 517 1366 565 Nam
1392 534 1519 568 cum

24 633 32 636 ,
74 583 287 644 1079satis
324 587 383 635 in
424 586 695 636 audiendo
735 590 1018 653 patientiae
1055 592 1406 660 impenderit,
1454 595 1518 644 in

165 664 322 713 aliam
357 662 538 714 rursus
578 665 629 712 ei
667 663 944 730 personam
984 669 1371 720 transeundum
1414 669 1517 730 est,

164 740 511 807 agendusque
540 740 885 800 adversarius,
925 745 1345 811 proponendum
1367 748 1519 812 quic-

163 817 302 885 quid
341 820 886 884 omninoexcogitari
921 833 1104 870 contra
1144 820 1520 888 poteststquic-

164 894 302 960 quid
352 896 542 961 recipit
600 897 659 944 in
702 897 969 958 ejusmodi
1009 897 1391 966 disceptatione
1425 918 1520 951 na-

164 983 313 1027 tura„
385 973 800 1039 Interrogandus
845 992 1007 1040 quam
1058 975 1406 1036 infestiffime‚
1459 995 1519 1027 ac

162 1049 502 1116 premendus.
582 1052 750 1109 Nam,
801 1051 935 1103 dum
973 1054 1154 1102 omnia
1192 1056 1520 1118 quaerimus,

163 1127 454 1193 aliquando
496 1127 562 1176 ad
602 1145 822 1188 verum,
881 1130 979 1180 ubi
1017 1131 1240 1180 minime
1281 1143 1522 1199 expecta-

161 1206 360 1263 vimus,
399 1206 764 1272 pervenimus.
828 1209 890 1255 In
920 1206 1142 1266 summa,
1182 1210 1419 1274 optimus
1445 1209 1521 1260 est

163 1283 223 1330 in
263 1281 515 1333 discendo
555 1274 812 1348 patronus
852 1285 1181 1334 incredulus.
1250 1288 1521 1336 Promittit

165 1361 312 1410 enim
353 1360 590 1426 litigator
637 1362 833 1419 omnia,
874 1360 1060 1410 testem
1101 1362 1384 1428 populum,
1428 1382 1520 1430 pa-

162 1436 428 1487 ratissimas
470 1436 915 1503 consignationes,
955 1438 1132 1504 ipsum
1171 1435 1408 1505 denique
1428 1441 1519 1491 ad-

163 1513 456 1566 versarium
497 1514 758 1582 quaedam
798 1533 912 1567 non
946 1527 1281 1582 negaturum.
1362 1517 1517 1570 Ideo-

283 1697 347 1721 ιο.
371 1683 444 1734 sed
472 1685 821 1736 etiam—sanandi
842 1684 935 1736 sunt
965 1699 1042 1723 om.
1074 1685 1179 1722 Flor.
1359 1701 1404 1724 ea
1433 1687 1521 1738 ipsis

163 1741 282 1778 Goth.
314 1743 414 1779 Jens.
445 1742 535 1787 (tac.
568 1744 698 1787 Gesn.)
729 1753 767 1779 et
797 1743 882 1780 edd.
915 1753 1000 1779 ante
1033 1745 1158 1779 Stoer.
1336 1757 1431 1792 quae
1454 1744 1520 1794 sa-

162 1799 291 1834 nanda
312 1796 403 1846 sunt
430 1799 564 1835 Turio.
597 1800 687 1846 (nisi
719 1799 827 1848 quod
848 1798 948 1849 sen.)
981 1800 1114 1847 Camp.
1147 1812 1179 1834 c.
1205 1798 1309 1837 Alm.
1353 1802 1427 1836 Sed
1450 1802 1519 1837 hic

163 1855 364 1890 deserendi
395 1866 502 1890 erant
529 1856 675 1904 optimi
697 1856 810 1891 codd.
873 1856 1061 1903 Quamvis
1093 1856 1198 1891 enim
1230 1855 1319 1904 ipsis
1347 1870 1427 1893 non
1455 1858 1517 1893 in-

166 1911 362 1960 eleganter
390 1912 443 1947 fic
473 1912 699 1960 usurpatur,
735 1912 804 1958 ¹hic
837 1923 986 1953 tamen,
1033 1911 1102 1947 ubi
1131 1912 1327 1962 praecedit
1357 1915 1516 1955 medicis,

165 1980 247 2004 non
277 1967 499 2004 tolerandae
528 1969 633 2004 foret
663 1968 939 2017 negligentiae.
1004 1970 1077 2004 Sed
1108 1968 1233 2005 facilis
1263 1970 1347 2018 post
1376 1983 1516 2006 vocem

165 2039 211 2060 ea
238 2025 362 2074 lapsus
394 2035 474 2061 erat
510 2024 679 2061 librarii.
742 2027 788 2060 ln
826 2025 1021 2062 Obrechti
1061 2037 1191 2062 autem
1232 2019 1417 2075 sciiptura
1456 2031 1520 2075 qui

143 2079 319 2117 ‘curandi
337 2080 430 2130 sunt
458 2095 540 2117 non
571 2083 856 2118 correctionem
887 2083 947 2118 sed
981 2095 1153 2119 errorem
1182 2084 1359 2131 agnosco.
1458 2099 1517 2119 ac-

166 2140 291 2188 cipiat.
323 2153 410 2174 nam
437 2138 567 2175 Guelf.
602 2140 728 2187 Marg.
758 2138 871 2175 Bafil.
932 2140 1179 2189 impenderint
1209 2139 1338 2176 Guelf.
1397 2139 1519 2190 rursus

164 2195 410 2245 personantur
439 2205 483 2232 tr.
516 2195 650 2232 Turic‘
683 2195 787 2232 Flor.
852 2197 1110 2232 transeundem
1141 2197 1273 2232 Turio.
1438 2200 1546 2235 ani-⁷⁷

165 2266 227 2287 mo
259 2265 387 2299 excog.
419 2252 538 2288 Goth.
576 2247 786 2304 (nimirum
817 2255 896 2294 aio,
927 2256 1023 2299 οἷο).
1085 2255 1198 2303 recipi
1228 2252 1355 2289 Guelf.
1444 2254 1519 2290 dis·

165 2311 356 2358 putationi
396 2310 528 2345 Turic.
574 2308 679 2344 Flor.
739 2311 1011 2359 disputatione
1061 2309 1163 2346 Alm.
1246 2311 1517 2359 discrepatione

166 2365 274 2405 Voss'.
306 2374 345 2401 2.
577 2365 691 2400 nam?
718 2367 853 2405 Turio.
916 2376 1088 2403 naturam
1108 2367 1213 2403 Flor.
1272 2381 1358 2402 nam
1382 2368 1515 2415 Camp.

287 2468 349 2491 ιι.
386 2456 437 2491 ad
464 2455 658 2492 verborum
687 2457 792 2495 Flor.
826 2472 858 2496 c,
889 2457 993 2495 Alm,
1053 2460 1306 2507 perveniemus
1336 2458 1441 2498 Voff.
1478 2449 1522 2496 1.¹

168 2511 266 2549 Obr.
294 2548 300 2553 ,
323 2515 510 2564 permittit
537 2513 636 2552 Jens.
696 2528 772 2551 non
801 2525 991 2564 egeturam
1021 2515 1158 2552 Turic.

227 2672 291 2698 ιι.
318 2659 626 2710 consignationes.
680 2659 812 2703 „Vide
871 2661 1095 2707 „guntiones
1122 2661 1212 2698 illae
1246 2662 1334 2698 sunt
1366 2661 1531 2700 tabulae·

165 2717 365 2757 „Turneb.
397 2728 421 2755 2
455 2718 556 2756 Adv.
589 2726 654 2763 27.
688 2715 814 2767 Consi-
871 2716 1172 2759 „testimoniales
1202 2719 1436 2769 obsignatae,
1473 2719 1521 2756 do

259 2789 263 2791 ⁵
1006 2796 1077 2833 Oo
1106 2807 1127 2832 2

1552 1072 1593 1099 12

1550 1537 1595 1564 12
