1779 3062
269 180 333 224 70
587 168 662 213 M.
713 169 847 213 ΕΑΒ.
895 169 1311 230 QUINTILIANI

269 311 389 343 mus
407 331 420 352 ,
460 293 532 341 ita
566 308 718 340 curae
757 302 808 339 et
841 292 1143 359 diligentiae
1166 296 1253 343 vel
1279 293 1402 343 ideo
1422 296 1480 343 in
1505 293 1611 343 hoc
1640 287 1644 292 ’

272 372 391 436 plus
427 368 525 426 est,
565 368 712 433 quocl
745 370 793 416 ei
827 368 932 417 fuit
956 373 1118 436 magis
1143 370 1517 420 laborandum:
1545 379 1614 417 ,et

275 456 533 512 quantum
605 446 959 495 eminentibus
1020 449 1290 495 vincimur
1311 484 1325 505 ‚
1408 444 1705 498 fortaffe905

203 531 251 568 87
276 522 586 587 aequalitate
627 519 919 586 pensamus.
1013 525 1186 572 Ceteri
1237 540 1418 571 omnes
1459 523 1618 587 longe

273 597 574 662 sequentur.
653 599 794 646 Nam
824 601 1009 646 Macer
1046 610 1095 646 et
1115 601 1385 647 Lucretius
1407 598 1620 662 legendi

278 674 522 740 quidem,
566 672 654 721 sed
686 691 793 723 non
828 685 888 722 ut
917 675 1154 739 phrasin,
1198 675 1256 723 id.
1289 674 1388 733 est,
1429 690 1620 740 corpus

277 751 612 815 eloquentiae
649 741 866 800 faciant:
908 753 1167 816 elegantes
1194 753 1252 799 in
1274 750 1364 800 sua
1394 741 1620 815 quisque

277 828 520 885 materia,
585 825 675 874 secl
719 827 848 875 alter
885 827 1136 886 humilis,
1202 829 1331 876 alter
1378 825 1621 875 difficilis.

278 958 327 995 cf.
353 966 387 1002 5,
404 955 477 999 ¹10,
502 971 567 1006 91.
589 969 625 994 et
646 958 712 993 hic
737 962 768 1006 ᾖ.
793 966 858 1005 95.
918 960 980 995 Sic
1002 971 1037 996 et
1061 973 1119 999 10,
1148 974 1182 1000 1,
1207 967 1242 1004 5.
1283 973 1369 1008 ergo
1392 960 1506 1007 (cum
1533 957 1620 995 edd.

278 1015 375 1064 post.
412 1026 497 1049 ante
526 1014 643 1058 Ald.)
673 1028 744 1062 pro
776 1017 907 1062 igitur-3
939 1016 1032 1051 item
1070 1029 1142 1057 10,
1174 1022 1218 1059 4,
1254 1023 1290 1060 4.
1525 1015 1622 1053 ideo.

281 1071 414 1107 Turic.
439 1070 541 1105 Flor.
577 1071 670 1115 (hic
696 1084 714 1103 a
737 1085 794 1118 pr.
818 1074 895 1115 m.)
928 1073 1072 1108 idoneo.
1248 1081 1434 1122 quantum.
1496 1070 1624 1106 Guelf-

281 1135 421 1174 quanto
460 1127 542 1174 plus
590 1139 677 1161 eum
715 1127 811 1164 Jeus.
857 1139 894 1162 et
924 1128 1007 1163 edd.
1040 1128 1133 1177 post.
1167 1139 1251 1164 ante
1283 1127 1367 1163 Ald.
1403 1140 1478 1162 acc.
1518 1125 1625 1162 Bafil.

283 1192 419 1228 quanto
441 1181 526 1216 Ald.
550 1182 647 1217 Obr.
822 1185 1071 1219 eminentibus.
1131 1187 1192 1220 Sic
1214 1184 1346 1219 Turio.
1366 1183 1470 1218 Flor.
1493 1184 1627 1231 Camp-

283 1249 371 1272 cum
393 1238 494 1273 Alm.
556 1238 714 1285 Reliqui
740 1240 1046 1274 eminentioribus.

372 1301 436 1338 37.
475 1295 597 1340 longe.
660 1295 793 1330 Turio.
832 1295 990 1330 omittit.

284 1348 382 1385 Obr.
405 1348 628 1398 sequuntur,·
660 1349 770 1385 male.

284 1406 473 1454 loquendi.

1215 1295 1424 1345 sequentur.

992 1352 1186 1386 Lucretius
1208 1352 1365 1399 legendi.
1425 1351 1555 1386 Turio.
1578 1352 1628 1388 L.

531 1405 634 1440 Flor.
667 1409 713 1449 (a
730 1419 787 1454 pr.
810 1406 890 1452 m.)
918 1407 968 1442 L.
995 1409 1071 1452 ejus
1092 1408 1278 1456 loquendi.
1393 1406 1560 1456 phrafin,
1590 1406 1631 1441 id.

285 1458 358 1508 est,
391 1474 530 1510 corpus.
590 1462 722 1497 Turic.
753 1476 841 1510 pars
871 1465 908 1496 in
940 1463 1036 1497 idem
1065 1478 1093 1498 c.
1154 1463 1256 1498 Flor.
1285 1467 1332 1508 (a
1350 1476 1408 1511 pr.
1431 1467 1513 1507 m.)
1543 1475 1631 1510 pars

287 1518 325 1550 in
346 1520 368 1552 i.
390 1531 419 1553 e.
442 1532 470 1551 c.
532 1517 658 1553 Guelf.
677 1519 738 1565 ph.
765 1520 787 1553 i.
810 1533 838 1553 e.
861 1527 900 1552 ut
922 1533 950 1553 e.
981 1532 1067 1553 cum
1088 1520 1185 1557 Jens.
1219 1521 1305 1562 (tac.
1331 1520 1461 1562 Gesn.)
1483 1529 1519 1554 et
1541 1518 1628 1554 edd.

285 1573 380 1621 post.
404 1584 490 1609 ante
514 1574 601 1608 Bad.
788 1575 982 1621 elegantes.
1042 1576 1171 1611 Tui-ic.
1195 1574 1297 1610 Flor.
1322 1574 1407 1621 (hic
1431 1588 1452 1609 a
1471 1587 1530 1624 pr.
1556 1575 1628 1619 m.)

287 1629 448 1676 legentes
472 1639 567 1665 *cum
589 1629 690 1664 Alm.
837 1631 994 1665 humilis.
1026 1630 1129 1665 Flor.
1152 1631 1312 1665 luminis.

1493 1295 1627 1343 Camp.

290 1741 341 1776 est
369 1741 567 1778 indefinite
599 1744 742 1791 positus
768 1756 840 1791 pro
862 1741 930 1778 'coz

991 1744 1147 1791 quidem
1180 1743 1245 1778 hic
1275 1744 1501 1791 imputatur.
1572 1740 1632 1778 Cf.

290 1798 489 1832 cedendum
537 1796 596 1846 est.
671 1800 766 1835 Usus
806 1811 932 1834 :tutem

991 1801 1103 1835 etiam
1139 1800 1238 1835 dicta
1267 1800 1380 1834 nobis
1405 1800 1450 1833 de
1471 1799 1633 1835 nomine

289 1853 375 1888 satis
405 1854 584 1901 frequens
624 1856 853 1890 Latinorum
890 1856 933 1890 iu

291 1911 557 1957 comparandis
596 1912 669 1946 suis
703 1923 740 1946 et
769 1914 932 1947 Graeco-

289 1979 377 2000 rum
433 1967 649 2002 aliorumve
703 1967 930 2008 virtutibus,

292 2033 445 2070 gentem
485 2024 587 2061 suam
627 2024 788 2071 suosque
828 2024 931 2058 cives

290 2079 413 2127 prima
434 2077 592 2126 pluralis
613 2081 934 2127 numeripersona

292 2135 530 2181 defignandi:
553 2136 599 2171 cf.
621 2139 653 2182 §.
679 2145 740 2183 93.
762 2148 824 2184 99.
845 2145 932 2178 107.

291 2192 351 2225 Ita
381 2191 535 2225 Tacitus
555 2193 652 2227 Ann.
681 2206 714 2232 1,
741 2199 804 2235 50.
837 2201 872 2231 2,
896 2200 933 2234 5.

292 2246 365 2282 bis.
407 2248 546 2294 Agitur
566 2248 735 2295 ipsorum
759 2247 827 2295 qui
851 2247 935 2281 seri-

293 2301 393 2337 bunt
422 2315 503 2343 res,
543 2316 631 2338 cum
665 2303 830 2338 decertat
858 2304 934 2336 Ro-

293 2371 428 2394 manus
450 2371 536 2393 cum
559 2359 655 2394 alius
674 2358 814 2407 populi
837 2358 934 2392 cive.

351 2415 587 2463 aequalitate.
634 2415 936 2462 „Aequalitatem

295 2470 557 2517 „interpretor
594 2472 936 2518 aequabilitatem.“

296 2526 494 2560 Gel'nerus.
525 2527 581 2562 Cf.
606 2530 638 2573 ᾗ.
667 2533 729 2570 54.
761 2525 938 2574 „aequali

293 2581 483 2627 „quadam
506 2583 812 2618 mediocritatc.“
855 2582 938 2618 Vir·

296 2635 413 2683 gilitm
452 2651 647 2685 nunquam
683 2639 782 2674 infra
813 2639 845 2673 se
876 2637 938 2671 de·

296 2692 457 2735 scendit,
489 2694 594 2741 quod
623 2696 798 2730 Homero
827 2694 940 2731 tacite

991 1856 1178 1905 aequalius
1200 1856 1245 1890 ad
1267 1865 1302 1899 3,
1325 1862 1362 1899 8,
1387 1855 1450 1891 60.

1043 1918 1109 1956 87.
1158 1912 1296 1947 Macer
1344 1920 1380 1945 et
1426 1912 1633 1947 Lucretius.

990 1968 1036 2002 cf.
1061 1971 1093 2014 ᾗ.
1127 1968 1189 2010 56.
1242 1969 1335 2003 item
1370 1967 1416 2002 de
1451 1968 1635 2004 Lucretio

995 2036 1010 2056 ι
1027 2049 1036 2062 ,
1059 2030 1079 2066 4
1094 2051 1102 2064 ,
1127 2033 1162 2067 4.
1195 2024 1295 2058 uude
1317 2033 1492 2071 apparet,
1518 2035 1636 2070 quare

992 2080 1157 2115 difficilis
1197 2078 1432 2127 appelletur:
1481 2078 1562 2113 vid.
1600 2089 1640 2114 et
1676 2091 1677 2095 ¹

992 2146 1071 2171 not.
1096 2136 1208 2171 nostr.
1235 2135 1280 2169 ad
1308 2148 1341 2175 1,
1367 2141 1404 2178 8,
1429 2140 1466 2177 8.
1519 2136 1638 2169 Recte

993 2202 1120 2226 autem
1157 2193 1289 2226 Burm.
1329 2200 1483 2231 monet,
1531 2190 1637 2224 idem

994 2248 1122 2295 operis
1157 2248 1399 2294 propositum
1434 2246 1637 2294 respicien-

993 2314 1070 2338 tem
1092 2303 1282 2338 Ovidium
1296 2301 1490 2350 sublimem
1507 2300 1637 2350 appel-

992 2358 1069 2393 lare
1101 2359 1327 2393 Lucretium
1347 2358 1480 2393 Amor.
1515 2371 1545 2398 ι,
1574 2363 1639 2400 15,

994 2423 1058 2457 23.
1090 2415 1233 2448 Eadem
1254 2415 1358 2449 causa
1386 2414 1505 2449 Statio
1527 2412 1636 2460 Sylv.

996 2480 1043 2509 2,
1068 2480 1111 2512 7,
1137 2470 1201 2511 76.
1233 2471 1282 2504 est
1311 2496 1335 2510 ‚,
1352 2469 1414 2503 dat
1441 2469 1550 2504 furor
1579 2482 1638 2503 ar-

995 2526 1111 2566 „duas
1131 2526 1332 2560 Lucreti.“
1390 2525 1546 2559 Humil1's
1563 2524 1638 2571 igi-

996 2592 1057 2616 tur
1091 2582 1220 2616 Macer
1243 2592 1404 2630 propter
1419 2580 1640 2615 ¹herbarum

995 2638 1248 2686 proprietates
1261 2664 1272 2680 ,

998 2694 1244 2729 consectatur.

1329 2650 1421 2687 quas
1470 2634 1641 2671 carmine
