1779 3062
199 164 300 216 480
336 153 409 198 M.
433 154 567 199 ΕΑΒ.
594 155 1113 216 QmNT.1NST.oR.
1144 120 1394 216 Llss.xi1‚
1427 172 1473 204 ι.

158 308 182 334 2
202 280 462 330 ficultates
489 281 665 329 animo
702 296 787 328 me
809 277 1104 330 sustentavi.
1188 287 1361 352 Quare
1398 302 1543 334 nunc

203 373 436 422 quoque,
468 357 590 404 licet
610 364 778 417 major
801 372 955 419 quam
982 376 1220 423 unquam
1241 362 1406 410 moles
1425 378 1543 426 pre-

201 445 335 490 mat,
378 444 551 481 tamen
577 432 918 498 prospicienti
943 432 1109 483 finem
1133 437 1268 484 mihi
1292 436 1542 487 constitu-

201 521 318 558 tum
352 508 424 556 est
456 511 544 557 vel
577 509 806 558 deficere
831 512 1029 574 potius,
1070 528 1225 575 quam
1257 512 1540 576 desperare.

201 585 411 636 Fefellit
437 596 608 635 autem
624 624 637 644 ,
678 585 826 651 quod
844 587 1063 634 initium
1088 605 1114 634 a
1135 590 1311 651 parvis
1336 606 1542 653 cepera-

199 680 333 713 mus.
424 665 558 712 Mox
596 665 744 712 velut
778 679 902 711 aura
945 662 1260 711 sollicitante
1298 666 1629 728 provecti1043

199 741 431 804 longius,
483 739 614 788 dum
651 750 825 788 tamen
861 749 986 787 nota
1027 740 1142 796 illa,
1192 750 1244 787 et
1275 741 1542 805 plerisque

202 819 395 865 artium
418 815 760 881 scriptoribus
788 826 999 863 tractata
1021 817 1401 882 praecipimus:
1444 835 1542 865 nec

203 893 378 942 adhuc
412 912 439 941 a
469 894 625 960 litore
664 893 853 958 procul
886 892 1226 950 videbamur,
1265 904 1316 941 et
1347 895 1543 944 multos

203 971 337 1018 circa
359 972 508 1018 velut
537 970 726 1019 iisdem
748 968 799 1018 se
833 971 1004 1018 ventis
1032 969 1242 1017 credere
1271 969 1420 1019 ausos
1450 972 1544 1019 ha-

148 1066 172 1101 5
202 1048 469 1096 bebamus.
548 1051 659 1100 Jam
686 1064 807 1095 cum
836 1046 1127 1110 eloquendi
1153 1048 1409 1095 rationem
1445 1066 1542 1097 no-

200 1123 396 1173 vissime
419 1135 709 1189 repertam,
746 1122 1162 1188 paucissimisque
1186 1133 1433 1171 tentatam
1460 1126 1542 1173 in-

184 1200 344 1265 ⁴greffi
379 1199 585 1248 fumus:
626 1215 799 1255 rarus,
841 1199 937 1261 qui
968 1210 1072 1246 tam
1107 1200 1294 1262 procul
1327 1217 1355 1246 a
1383 1211 1544 1265 portu

198 1274 474 1334 receffiss'et‚
512 1276 886 1341 reperiebatur.
967 1273 1249 1340 Postquam
1284 1292 1414 1325 vero
1444 1294 1543 1326 no-

281 1450 318 1477 2.
349 1441 660 1486 majori—mole
689 1455 836 1489 premar
865 1442 996 1488 Camp.
1031 1442 1121 1486 (nisi
1153 1441 1260 1489 quod
1289 1440 1357 1477 hic
1382 1444 1542 1491 primat)

196 1512 284 1535 cum
326 1498 409 1532 edd.
456 1509 542 1534 ante
582 1501 706 1533 Stoer.
747 1511 823 1533 acc.
865 1498 966 1533 Gibs.
1002 1497 1070 1546 qui
1103 1509 1140 1534 et
1168 1497 1282 1533 Bodl.
1317 1498 1447 1534 testem
1477 1500 1541 1536 ad-

193 1555 336 1603 jungit.
402 1555 536 1606 Nostri
566 1554 730 1589 nostram
761 1555 1001 1602 (quanquam
1033 1555 1146 1590 molet
1167 1554 1306 1602 Flor.),
1343 1567 1539 1591 commen·
1579 1555 1584 1561 '

195 1611 319 1646 datam
338 1611 416 1658 ipsa
437 1610 635 1648 varietate,
657 1623 744 1644 cum
770 1610 889 1645 modo
910 1618 1049 1657 quanto
1073 1624 1128 1645 me
1144 1613 1264 1659 premi
1282 1612 1538 1659 praecesserit.

193 1669 269 1703 vim.
290 1680 399 1715 quam
417 1679 490 1714 pro
517 1680 677 1715 unquam
696 1666 829 1701 Ambr.
854 1676 891 1702 2.
924 1665 1067 1712 efficere
1094 1670 1222 1714 pocius
1253 1667 1355 1703 Voff.
1394 1681 1428 1702 1.
1454 1666 1539 1715 spe-

193 1737 278 1758 rare
305 1721 432 1758 Guelf.
467 1724 614 1756 initium
646 1720 830 1771 aparuiſj'o
859 1721 961 1756 Flor-
986 1721 1212 1770 sollicitanti
1253 1724 1386 1759 Turic.
1415 1722 1519 1758 Flor.

484 1779 569 1813 dum
603 1787 736 1813 tamen.
800 1779 862 1813 Sic
894 1778 1028 1813 Tui-ic.
1052 1777 1154 1814 Flor.
1179 1778 1310 1814 Ambr.
1339 1790 1376 1815 2.
1405 1778 1539 1815 Guelf.

195 1848 284 1871 cum
306 1833 406 1871 Alm.
430 1836 466 1869 d.
490 1843 631 1869 tantum
649 1833 808 1882 reliqui.
866 1834 1051 1883 plerisque
1082 1837 1246 1882 parcium
1278 1834 1383 1870 Flor.
1439 1835 1539 1870 velut:

195 1893 323 1926 iisdem
347 1891 533 1927 omittunt
554 1891 685 1926 Turic.
706 1890 811 1927 Flor.
835 1893 968 1939 Camp.
993 1904 1101 1926 auros
1120 1892 1294 1927 habemus
1320 1891 1450 1927 Turic.
1474 1905 1538 1926 au·

194 1962 252 1983 ras
276 1948 450 1984 habemus
466 1947 573 1982 Flor-

280 2036 317 2070 5.
347 2024 584 2075 paucfflmos
612 2039 704 2074 quae
733 2027 866 2062 Turie.
899 2026 1027 2062 Guelf.
1069 2029 1143 2062 Pro
1174 2028 1258 2062 Jam
1279 2047 1334 2054 ——
1355 2036 1535 2062 tentatam

193 2083 311 2119 Goth.
338 2083 397 2118 nil
417 2083 490 2117 nisi
511 2091 598 2117 cam.
621 2083 753 2117 Turio.
780 2082 1028 2132 ingreſj'umus.
1262 2085 1325 2133 qui
1355 2092 1430 2117 tam
1448 2096 1535 2130 pro-

192 2141 260 2176 cul.
297 2140 420 2176 Primi
440 2139 618 2174 dedimus
642 2152 661 2174 e
690 2141 911 2186 conjectura
932 2139 1100 2175 Gesneri.
1131 2141 1219 2189 quia
1245 2139 1374 2187 procul
1399 2139 1532 2174 Turio.

249 2305 287 2331 2.
320 2293 754 2344 deficere'—desperare.
783 2294 830 2330 cf.
891 2294 1015 2330 socios
1045 2294 1216 2329 nostrum
1247 2305 1434 2343 appareat,
1464 2294 1534 2342 qui

191 2362 231 2396 2,
267 2363 329 2394 12,
368 2363 432 2388 ιε’..
893 2351 960 2385 etsi
980 2351 1130 2398 longius
1148 2359 1339 2398 provectus
1356 2349 1458 2386 nihil
1478 2359 1532 2386 ta—

247 2423 311 2445 nec
323 2409 557 2445 adhuc—et
570 2408 713 2443 multos.
728 2407 833 2441 Haec
892 2421 973 2441 men
998 2418 1148 2455 praeter
1173 2417 1263 2442 nota
1290 2406 1356 2441 illa
1380 2417 1529 2442 tractet.

190 2466 371 2515 legitimo
403 2465 476 2502 illo
509 2464 738 2514 copularum
768 2476 832 2497 nec
891 2464 1000 2505 Dum,
1026 2475 1069 2498 ut
1092 2463 1216 2511 aliqui
1239 2475 1397 2511 quoque
1426 2462 1529 2498 vidi-

191 2534 304 2571 atque
338 2531 374 2557 ec
411 2521 573 2558 vinculo
614 2522 831 2569 junguntur
887 2533 985 2559 mus,
999 2520 1161 2569 proprio
1183 2520 1250 2574 usu
1269 2519 1528 2554 indicativum

188 2580 254 2624 (ut
285 2590 380 2612 mox
420 2581 453 2625 ᾖ.
487 2587 521 2623 4.
555 2586 728 2613 nec—ec
747 2577 826 2611 lon·
884 2577 1089 2624 praesentis
1121 2576 1191 2612 [ibi
1226 2576 1411 2610 vindicat.

187 2637 302 2682 gius),
318 2636 372 2669 ita
386 2645 429 2669 ut
447 2645 482 2670 et
498 2649 620 2684 prope
632 2633 724 2669 litus
741 2633 826 2674 ess'e,
943 2641 981 2676 5.
1013 2633 1446 2680 rarus—reperiebatur.
1476 2630 1523 2669 cf.

189 2699 225 2729 et
239 2689 383 2727 multos
406 2690 549 2730 habere
562 2690 825 2740 navigationis
885 2689 923 2730 6,
956 2701 994 2730 2,
1026 2698 1063 2732 5-
