1779 3062
406 137 573 184 INST.
611 137 903 190 ORATOR-0·
930 140 1054 190 Lm..
1088 141 1203 198 XII,
1235 151 1281 196 8.
1431 153 1528 202 577

113 277 115 282 “
173 268 248 329 lis*
266 262 435 333 posita
462 263 783 316 custodiunt.
864 266 1079 317 Deinde
1111 268 1530 335 deprehendun-

173 355 290 402 tur,
342 353 396 392 et
438 341 670 401 causam,
726 359 889 408 quam
934 343 1133 395 discere
1168 364 1233 396 ex
1271 346 1382 397 suis
1418 348 1529 397 liti-

172 420 448 488 gatoribus
480 421 804 480 noluerunt,
850 439 915 471 ex
957 422 1269 476 adversariis
1303 422 1526 478 discunt.

168 497 433 550 :Liberum
465 499 632 564 igitur
665 497 858 548 demus
890 511 1011 550 ante
1043 503 1224 551 omnia
1253 503 1347 561 iis,
1387 519 1524 567 quo·
1548 523 1571 558 7

169 594 298 628 rum
325 577 609 642 negotium
639 576 756 634 erit,
781 587 985 641 tempus
1018 596 1087 626 act
1106 580 1300 629 locum.-
1338 580 1531 631 exhor-

170 665 456 720 temurque
489 654 650 712 ultro,
673 663 737 703 ut
767 655 949 703 omnia
982 657 1278 720 quamlibet
1307 658 1531 708 verbose

169 742 226 782 et
247 731 396 782 unde
421 732 608 781 volent
635 732 856 797 repetita
880 747 944 780 ex
971 720 1213 800 tempore
1244 746 1527 802 exponant.

170 811 326 860 Non‘
362 810 510 859 enim
564 818 674 857 tam
734 807 880 858 obest
940 808 1128 858 audire
1176 811 1530 878 supervacua,

168 904 335 953 quam
382 887 630 952 ignorare
677 883 968 936 necessaria.
1057 890 1387 952 Frequenter
1434 907 1528 941 au·
1550 904 1578 946 8

170 976 280 1014 tem
330 974 382 1013 et
429 963 633 1012 vulnus
684 974 736 1012 et
781 965 1086 1014 remedium
1134 966 1194 1013 in
1241 968 1309 1017 iis
1349 977 1528 1018 orator

162 1042 427 1100 inveniet,
465 1056 603 1106 quae
645 1041 906 1107 litigatori
943 1043 1006 1091 in
1039 1052 1288 1095 neutram
1323 1054 1530 1112 partem

170 1220 382 1272 custodiunt
410 1220 732 1270 deprehenduntur
754 1220 893 1257 Tui-ic.
929 1231 975 1254 ex
1000 1222 1104 1264 cujus
1131 1220 1232 1269 licig.
1265 1220 1371 1258 Flor.
1400 1224 1525 1260 volue-

168 1290 256 1316 runt
286 1279 408 1316 Goth.
448 1278 549 1324 (tac.
590 1278 730 1321 Gesn.)
859 1276 906 1321 ab
939 1276 1080 1324 advers
1117 1278 1252 1319 Guelf.
1276 1279 1397 1317 Goth.
1427 1281 1528 1323 Jens.

170 1340 262 1384 (tac.
295 1336 427 1380 Gesn.)
460 1348 490 1373 c.
521 1335 626 1373 Voss.
661 1345 696 1369 2.
733 1344 771 1369 et
802 1334 889 1372 edd.
921 1348 941 1369 a
972 1334 1071 1371 Jens.
1100 1344 1188 1369 ante
1221 1336 1347 1374 Stoer.

285 1438 323 1472 7.
355 1430 384 1463 is
412 1430 482 1474 (ex
512 1425 616 1462 Alm.
651 1426 723 1472 iis)
759 1423 831 1473 msi
869 1439 1023 1475 quorum
1057 1424 1191 1460 Turio.
1223 1425 1330 1462 Flor.
1362 1439 1394 1462 c.
1421 1427 1524 1466 Alm.

169 1487 245 1522 erie
284 1485 419 1520 Turic-
459 1482 628 1519 verbum
670 1494 747 1516 om.
788 1482 925 1530 Camp.
985 1483 1084 1517 ultro
1127 1494 1205 1517 om.
1238 1483 1372 1519 Turio.
1416 1484 1524 1523 Flor.

168 1542 396 1590 dixerisque
425 1548 560 1576 natum
593 1553 613 1574 e
644 1539 762 1586 seqq„
793 1539 855 1574 sed
886 1539 1046 1579 verius,
1091 1538 1143 1574 ob
1187 1539 1348 1575 eandem
1382 1542 1530 1578 causam

169 1599 365 1636 omissum.
425 1596 543 1632 Plane
573 1595 678 1631 enim
710 1594 831 1642 hujus
863 1594 944 1631 loci
975 1595 1026 1630 est
1056 1595 1260 1645 particula.
1309 1597 1433 1637 „Non
1463 1611 1529 1649 pa-

167 1656 339 1699 „tienter
367 1653 490 1691 modo
519 1651 777 1689 auscultemus
806 1651 969 1688 verbose
1001 1652 1265 1702 explicantes,
1306 1653 1370 1688 sed
1402 1664 1448 1690 ut
1475 1655 1529 1690 ita

166 1712 350 1756 ,‚faciant,
375 1711 484 1748 ultro
516 1709 822 1746 exhortemur.“
852 1711 1126 1757 quantumlibet
1143 1709 1262 1746 Goth.
1287 1712 1378 1755 (tac.
1396 1711 1528 1756 Gesn.)

167 1770 300 1807 volunt
338 1768 470 1804 Turic.
514 1766 618 1802 Flor.
662 1766 796 1814 Camp.
862 1765 967 1800 volet
997 1765 1128 1801 Guelf.
1367 1770 1530 1816 repetita

169 1840 215 1862 ex
244 1836 419 1874 tempore.
481 1824 545 1859 Sic
576 1823 675 1860 Jens.
708 1824 796 1866 (tac.
833 1822 943 1857 Gesn.
977 1822 1023 1856 de
1053 1821 1127 1857 illo
1159 1822 1223 1867 ex)
1256 1832 1294 1857 et
1317 1823 1403 1859 edd.
1425 1824 1522 1872 post.

168 1894 256 1919 ante
289 1881 441 1930 Gryph.
480 1893 561 1915 exc.
594 1878 680 1915 Alex.
743 1881 901 1926 repetito
935 1892 964 1913 e.
998 1889 1024 1915 t.
1058 1879 1192 1914 Turic-
1223 1877 1329 1914 Flor.
1358 1893 1388 1915 c.
1417 1879 1522 1916 Alm.

170 1953 219 1976 ex
260 1951 341 1988 quo
380 1937 589 1988 sphalmate
628 1945 735 1975 nata,
782 1948 900 1983 quam
939 1934 1145 1984 hucusque
1186 1948 1403 1972 concoxere
1434 1937 1522 1975 VV.

167 1997 277 2038 DD.‚
308 1993 558 2043 reliquorum
591 1992 772 2029 omnium
801 1991 987 2041 scriptura
1017 1995 1176 2039 repetito
1208 2002 1383 2040 tempore.
1409 1993 1525 2040 Quod

152 2066 287 2103 quam
327 2050 523 2100 eleganter
555 2050 705 2085 dictum
737 2048 803 2088 fit,
855 2059 892 2084 et
930 2062 1045 2097 quam
1085 2049 1183 2085 bene
1216 2049 1281 2084 hic
1312 2050 1524 2097 praeripia-

169 2121 245 2152 tur,
279 2109 389 2159 quod
418 2121 514 2143 mox
545 2106 597 2151 (ᾖ.
627 2113 664 2151 8.
694 2106 773 2140 Nec
795 2103 914 2153 semel
943 2105 1034 2151 etc.)
1067 2106 1286 2146 docebitur,
1317 2105 1392 2154 ipsi
1415 2105 1525 2141 vide·

155 2167 262 2220 ,1.i¹¹⁸·
320 2165 508 2202 Nostrum
541 2177 657 2212 quam
686 2162 952 2202 necessarium,
987 2175 1025 2199 v.
1057 2174 1139 2199 not.
1172 2176 1231 2198 ex.
1352 2169 1524 2211 exponat}

168 2223 316 2260 Turio
364 2223 568 2273 exportavit
596 2219 702 2256 Flor.
767 2219 933 2269 expondt
950 2220 1048 2258 Jens.
1075 2230 1112 2256 et
1135 2219 1287 2269 aliquot
1312 2218 1398 2255 edd.
1459 2219 1524 2255 ab·

168 2277 220 2329 est
249 2279 354 2316 Flor.

286 2377 325 2415 8.
385 2373 423 2406 in
461 2370 518 2404 his
560 2367 688 2404 Guelf.
731 2368 866 2417 Camp.
1043 2369 1118 2404 inv.
1157 2376 1194 2405 et:
1232 2380 1326 2417 quae
1355 2365 1527 2413 litigator

169 2426 276 2465 Flor.
303 2426 444 2464 relicto
483 2439 579 2462 mox
617 2425 738 2476 spatio
773 2425 864 2462 loco
901 2424 1048 2461 horum
1090 2427 1129 2460 in
1167 2433 1350 2460 neutram.
1424 2421 1525 2460 Mox

229 2584 564 2634 deprehenduntur.
614 2582 662 2619 cf.
706 2594 746 2623 ι,
783 2593 817 2621 1,
936 2593 979 2615 ex
1011 2587 1191 2627 tempore.
1232 2588 1277 2613 ut
1311 2588 1428 2625 quam
1456 2586 1525 2610 ve·

171 2649 240 2686 50.
274 2655 306 2682 ι,
332 2649 369 2687 8,
393 2652 459 2677 21.
879 2636 1025 2672 riffime
1063 2647 1100 2672 et
1130 2634 1348 2685 plenissime
1378 2644 1416 2670 et
1444 2631 1525 2668 fine

231 2709 269 2744 7.
301 2700 398 2735 ultro
419 2711 458 2734 v.
485 2708 567 2734 not.
589 2696 675 2735 crit.
876 2694 968 2731 fuco
991 2703 1205 2742 exponant:
1268 2690 1315 2726 cf.
1340 2702 1378 2740 9.

233 2779 341 2816 Tom.
372 2778 440 2815 IV.
1015 2772 1051 2810 Ο
1084 2785 1107 2807 0
