1779 3062
299 156 399 205 423
622 147 697 193 M.
727 146 862 192 ΕΑΒ.
899 148 1313 208 QUINTILIANI

297 284 372 322 tes
394 271 557 330 decet,
596 283 650 322 et
673 273 859 322 excitat
877 271 1186 323 auditorem.
1264 274 1433 340 quue
1455 275 1514 324 in
1537 275 1637 326 Ca-

295 349 431 398 lidio
471 351 658 400 Cicero
703 349 982 410 desiderat,
1033 354 1165 400 Non
1193 348 1389 420 frons,
1439 355 1632 418 inquit,

291 421 562 498 percuffa,
613 445 712 477 non
733 423 934 495 femur.
1026 432 1370 497 Quanquam,
1411 427 1454 477 fi
1490 431 1729 488 licet,1o26⁷

297 503 363 551 de
389 502 566 552 fronte
593 502 848 554 diffentio.
926 505 1069 553 Nam
1103 506 1263 552 etiam
1291 505 1631 570 complodere

220 590 486 632 unimanus
514 579 779 630 scenicum
804 580 900 639 est,
941 592 991 629 et
1009 592 1190 646 pectus
1213 581 1437 629 caedere.
1488 583 1634 634 Illud

294 674 513 722 quoque
536 676 653 707 raro
677 658 893 716 decebit,
920 676 1044 706 cava
1066 675 1230 706 manu
1251 656 1468 707 summis
1494 658 1631 724 digi-

292 735 361 783 tis
396 745 581 800 pectus
617 745 882 803 appetere,
932 733 974 782 fi
1003 734 1218 800 quando
1251 745 1458 783 nosmet
1486 735 1627 800 ipsos

291 812 648 876 alloquimur,
689 812 1044 869 cohortantes,
1086 812 1441 876 objurgantes,
1474 810 1644 860 mise-

291 891 491 937 rantes:
532 888 680 954 quod
710 887 753 936 si
790 888 1005 952 quando
1036 887 1158 946 fiet,
1196 899 1375 953 togam
1408 905 1628 954 quoque

289 965 417 1013 inde
453 967 718 1014 removeri
763 983 875 1015 non
915 965 1203 1014 dedecebit.
1291 967 1355 1014 In
1397 965 1627 1031 pedibus

291 1097 603 1147 nullasupplofio
634 1111 681 1133 ex
703 1098 904 1139 Cicerone,
929 1100 999 1134 ubi
1019 1110 1145 1134 tamen
1169 1098 1286 1146 pedis.
1533 1099 1632 1135 Nam

290 1157 414 1191 etiam.
458 1156 519 1189 Sic
548 1155 681 1189 Turio.
712 1154 814 1189 Flor.
843 1155 977 1190 Ambr.
1005 1164 1041 1188 2.
1076 1155 1202 1190 Guelf.
1231 1155 1363 1203 Camp.
1389 1155 1506 1191 Goth.
1531 1157 1632 1195 Jens.

290 1212 379 1254 (tac.
402 1211 510 1245 Gesn.
534 1210 596 1243 fed
616 1211 726 1257 prior
740 1210 827 1243 Non
851 1223 1006 1258 quoque
1027 1223 1099 1257 pro
1114 1212 1230 1253 Nam)
1251 1223 1335 1245 curn
1349 1211 1449 1247 Alm.
1468 1213 1573 1249 Voss.
1590 1224 1627 1248 2.

290 1277 328 1301 et
350 1266 434 1301 edd.
457 1276 541 1300 ante
565 1265 716 1313 Gryph.
747 1263 906 1313 Reliqui
928 1267 977 1300 N.
1002 1276 1047 1301 et.
1080 1268 1178 1301 Nlox
1199 1275 1235 1300 et
1258 1277 1342 1301 ante
1360 1276 1484 1316 pectus
1512 1269 1627 1304 omit·

288 1332 377 1356 tunt
395 1321 529 1357 Ambr.
545 1331 581 1357 2.
606 1319 760 1361 Guelf.;
793 1322 923 1356 omnia
945 1333 1072 1356 autem
1094 1323 1294 1367 interjecta
1313 1323 1414 1358 inter
1437 1337 1564 1358 manus
1589 1335 1628 1361 et

288 1391 400 1413 manu
432 1391 522 1413 cum
560 1378 771 1427 posteriore
809 1379 889 1426 ipso
932 1379 1144 1414 defiderant
1174 1379 1306 1414 Turic.
1350 1379 1454 1415 Flor.
1492 1381 1626 1430 Camp.

289 1446 377 1469 cum
401 1435 491 1469 Alm

382 1497 473 1537 124.
503 1505 600 1527 raro.
630 1490 727 1529 Jens.
752 1505 857 1530 rara,
887 1502 1104 1527 correctum
1123 1483 1274 1540 Regio,
1301 1493 1361 1528 sed
1382 1492 1496 1530 solus.

399 1548 632 1594 alloquimur.
669 1548 731 1582 Sic
750 1540 881 1582 Turi‘e.
897 1547 997 1582 Flor.
1021 1551 1259 1596 (quanquam
1279 1549 1324 1583 hi
1345 1549 1420 1583 adl.
1443 1561 1479 1586 et
1502 1550 1624 1599 poste-

284 1604 368 1640 rior
390 1605 503 1639 etiam
523 1604 771 1648 colzartczntes)
785 1603 901 1638 Goth.
914 1603 1003 1648 (tac.
1020 1605 1148 1650 Gesn.)
1161 1606 1291 1653 Camp.
1315 1618 1402 1640 cum
1419 1607 1506 1640 Bad.
1530 1607 1625 1642 allo·

285 1674 436 1708 quamur
446 1659 554 1694 Bam.
586 1659 745 1708 Reliqui
767 1659 1006 1708 alloquemur.
1040 1662 1136 1696 Mox
1148 1659 1227 1707 fiac
1242 1662 1338 1699 Jens.
1354 1675 1440 1695 eum
1455 1662 1540 1697 edd.
1552 1675 1624 1711 po·

284 1717 450 1751 steriorr.
471 1727 556 1751 ante
568 1717 658 1751 Bad.
803 1715 1004 1752 dedecebit.
1019 1718 1079 1751 Sic
1092 1716 1225 1754 Ambr.
1241 1728 1275 1752 2.
1295 1718 1480 1752 decedebic
1491 1719 1624 1753 Turio.

283 1772 388 1808 Flor.
415 1785 504 1807 cum
525 1771 627 1807 Alm.
652 1772 694 1806 in
716 1783 795 1819 quo
822 1770 991 1806 nostrum
1011 1774 1173 1820 agnovit
1192 1774 1323 1809 Eui'm.
1348 1773 1394 1808 cf.
1418 1777 1450 1820 §.
1468 1773 1532 1817 76.
1555 1781 1623 1818 80.

283 1828 445 1877 Reliqui
463 1828 619 1863 decebit.
663 1828 787 1862 Modo
808 1841 993 1863 removere
1015 1828 1134 1864 Goth.
1160 1832 1249 1874 (tac.
1274 1824 1399 1881 Gesn.)
1424 1842 1512 1863 cum
1529 1831 1622 1865 Bad-

282 1885 394 1921 Bafil.
449 1884 599 1933 Gryph.
642 1883 853 1932 observatur
894 1884 1018 1920 Guelf.
1053 1886 1184 1934 Camp.
1218 1899 1306 1921 cum
1337 1885 1432 1921 Obr.
1469 1887 1621 1921 dextero

284 1942 412 1978 Guelf.
435 1954 523 1976 cum
545 1941 637 1976 Bad.
664 1940 775 1976 Bam.
808 1941 935 1976 eadem
957 1941 1087 1977 Turio.
1112 1942 1215 1978 Flor.
1236 1942 1370 1977 Ambr.
1391 1953 1427 1980 2.
1449 1955 1621 1992 quorum

280 1999 496 2048 postremus
520 1997 666 2045 deform
687 1994 749 2044 est.
809 1998 870 2032 An
892 1998 1076 2045 primitus
1096 1998 1194 2034 afuit
1218 1996 1299 2047 est?

282 2124 439 2160 traditur
465 2121 599 2157 malim
620 2134 710 2170 prae
742 2121 921 2156 creditur.-
1038 2128 1127 2170 124.
1169 2136 1244 2158 non
1271 2122 1467 2157 dedecebit.
1519 2123 1620 2158 Cum

282 2181 330 2216 cf.
357 2193 418 2220 ιο,
442 2191 477 2219 2,
508 2189 573 2213 20.
619 2180 681 2213 De
700 2177 841 2226 femine
857 2177 921 2226 fe·
979 2193 1116 2228 operae
1154 2179 1325 2227 pretium
1362 2179 1435 2213 erit
1467 2187 1619 2214 tantum

281 2237 410 2272 tiendo
433 2237 478 2272 cf.
498 2245 534 2276 2,
562 2247 620 2274 12,
649 2247 709 2271 10.
977 2238 1156 2272 affectum
1179 2248 1267 2283 prae
1287 2235 1320 2269 se
1346 2236 1467 2275 ferre,
1499 2248 1620 2283 quan-

338 2296 376 2327 in
400 2293 559 2329 Calidio.
594 2290 642 2328 cf.
670 2303 742 2333 10,
780 2303 797 2323 1
815 2318 825 2332 ,
854 2300 920 2335 23.
977 2303 1038 2328 tus
1071 2292 1119 2327 est
1146 2294 1187 2328 in
1210 2291 1281 2326 illo
1305 2290 1427 2338 gestu,
1458 2304 1505 2326 ne
1529 2302 1620 2339 toga

278 2352 408 2386 Locus
423 2350 503 2385 Cic.
524 2348 574 2383 est
595 2348 637 2382 in
649 2350 769 2382 Bruto
786 2360 815 2382 e.
832 2354 897 2392 30.
978 2350 1137 2397 quidem
1186 2347 1341 2383 debebit
1379 2348 1619 2383 intervenire

338 2405 532 2453 desiderat,
546 2403 759 2452 NonfronS.
775 2404 822 2439 cf.
837 2414 918 2439 not.
976 2407 1110 2440 manui
1132 2416 1169 2441 et
1186 2403 1349 2452 pectori.
1407 2404 1450 2438 Si
1470 2404 1618 2451 impro-

279 2465 364 2499 crit.
976 2461 1068 2497 bare
1097 2460 1281 2498 voluiffet
1308 2459 1407 2494 hanc
1426 2470 1537 2508 togae
1558 2471 1617 2493 re-

337 2519 438 2554 Nam
498 2520 608 2553 etiam
675 2516 917 2566 complodere.
974 2519 1191 2554 motionem
1210 2518 1264 2560 (v.
1283 2516 1377 2552 Not.
1400 2516 1536 2559 Criu).
1560 2523 1616 2550 ta-

278 2575 422 2623 „Quod
457 2575 583 2623 ipsum
633 2574 761 2610 levius
792 2584 917 2608 tamen
976 2588 1057 2609 men
1079 2585 1158 2609 erat
1178 2574 1389 2608 inserturus
1407 2570 1553 2607 alicubi
1571 2570 1615 2606 in

278 2632 355 2671 „est
372 2643 408 2667 et
423 2632 670 2680 temperatius
685 2643 799 2680 quam
812 2630 919 2666 fron·
975 2629 1046 2666 hae
1069 2630 1266 2666 sententia.

280 2698 384 2728 „tem
404 2693 647 2737 percutere-‘⁶
