1779 3062
255 195 354 244 324
572 185 646 241 M.
685 187 814 230 ΕΑΒ.
853 187 1262 247 QUINTILIANI

254 310 439 360 odium
463 327 573 359 non
598 306 826 369 afferant,
849 315 1175 379 coeperimus
1193 311 1442 361 ediscere:
1463 322 1581 361 tum

253 386 496 452 quotidie
519 386 740 447 adjicere
766 388 997 455 singulos
1019 389 1213 447 versus,
1242 405 1476 453 quorum
1500 406 1581 435 ac-

257 463 400 512 ceffio
422 463 590 511 labori
609 462 813 513 sensum
836 467 1144 514 incrementi
1163 481 1275 513 non
1295 461 1488 523 afferat,
1520 466 1580 513 in

256 538 514 588 summam
554 539 618 588 ad
660 539 937 590 infinitum
974 559 1143 606 usque
1181 541 1481 605 perveniat:
1529 551 1581 588 et

255 617 459 681 poetica
475 618 638 681 prius,
677 627 791 665 tum
811 629 1097 675 oratorum,
1136 615 1404 665 novissirne
1423 617 1582 664 etiarn
1629 679 1631 681 ι

255 691 510 742 solutiora
551 693 811 752 numeris,
859 707 910 742 et
940 695 1104 758 magis
1140 693 1202 740 ab
1233 690 1334 740 usu
1367 691 1583 739 dicendi

177 783 231 825 42
251 779 483 826 remota,
522 771 695 833 qualia
721 768 841 818 sunt
874 769 1381 831 jurisconsultorum.
1432 766 1585 816 Diffi-

254 846 434 894 ciliora
459 847 600 893 enim
627 846 818 894 debent
842 845 966 904 esse,
1006 862 1138 910 quae
1167 853 1433 901 exercent,
1474 860 1585 907 quo

251 920 317 970 sit
345 922 517 970 levius
548 920 722 986 ipsum
755 922 918 981 illud,
958 924 1015 970 in
1041 921 1187 986 quod
1218 929 1485 969 exercent:
1521 931 1586 967 ut

254 998 475 1045 athletae
541 998 867 1062 ponderibus
921 998 1186 1063 plumbeis
1247 994 1586 1044 affuefaciunt

254 1091 467 1131 manus,
509 1075 704 1138 quibus
737 1076 919 1123 vacuis
951 1085 1000 1121 et
1028 1074 1186 1122 nudis
1221 1074 1280 1121 in
1305 1073 1588 1120 certamine

255 1149 521 1198 utendum
545 1148 628 1196 est.
671 1151 802 1197 Non
823 1151 1058 1198 omittam
1083 1150 1254 1206 etiam,
1285 1148 1434 1212 quod
1454 1164 1590 1211 quo-

253 1225 472 1273 tidianis
499 1226 870 1288 experimentis
898 1224 1329 1290 deprehenditur,
1368 1225 1589 1272 minime

255 1300 474 1349 fidelem
499 1298 595 1347 effe
627 1301 784 1365 paulo
809 1301 1128 1350 tardioribus
1151 1300 1378 1365 ingeniis
1409 1316 1589 1348 recen-

180 1387 234 1430 45
258 1389 365 1433 tem
397 1378 721 1425 memoriam.
814 1379 1021 1427 Mirum
1060 1376 1208 1425 dictu
1243 1375 1341 1434 est,
1399 1393 1497 1426 nec
1527 1377 1588 1425 in

254 1464 475 1521 promtu
509 1454 667 1510 ratio,
706 1465 967 1518 quantum
998 1471 1107 1503 nox
1133 1451 1441 1521 interposita
1465 1448 1588 1500 affe-

372 1597 508 1633 odium.
540 1596 603 1632 sic
630 1596 763 1630 Turic.
791 1595 895 1630 Flor.
923 1595 1057 1632 Ambr.
1078 1606 1115 1631 2·
1145 1596 1272 1632 Guelf.
1307 1598 1402 1631 Exc.
1434 1598 1585 1631 Santen.

257 1655 389 1702 Camp.
419 1665 507 1688 cum
539 1652 641 1686 Alm.
675 1650 784 1687 Bodl.
817 1651 919 1688 Voss‘.
943 1664 975 1687 1.
997 1661 1034 1694 5.
1067 1653 1187 1689 Andr.
1219 1662 1256 1687 et
1279 1651 1431 1699 aliquot
1448 1653 1582 1686 Burm.

255 1709 418 1756 Reliqui
442 1709 614 1744 taedium.
648 1708 772 1743 Modo
791 1710 899 1754 pauci
919 1706 1052 1742 Ambr.
1074 1719 1109 1744 2.
1133 1707 1260 1745 Guelf.
1282 1709 1376 1742 item
1396 1720 1490 1742 mox
1505 1708 1585 1742 Tu-

255 1767 328 1802 1ic.
351 1764 454 1800 Flor.
473 1764 557 1807 (hic
580 1778 599 1797 a
617 1777 675 1810 pr.
696 1763 766 1808 m.)
785 1761 978 1810 adservant
999 1776 1086 1797 cum
1108 1763 1211 1800 Alm.
1243 1763 1442 1799 Omittunt
1455 1761 1586 1810 singu-

257 1823 316 1856 los
335 1820 468 1854 Turic.
493 1818 597 1853 Flor.
622 1817 723 1853 Alm.
756 1819 872 1864 Quod
891 1819 1021 1853 Turio.
1047 1819 1173 1854 Guelf.
1194 1821 1287 1854 Exc.
1307 1821 1458 1854 Santen.
1477 1818 1585 1853 addi-

258 1891 349 1916 cere,
381 1875 508 1909 levius
536 1875 631 1911 sane.
667 1877 741 1909 Pro
772 1875 821 1909 ad
842 1874 908 1922 inf.
932 1874 1058 1910 Guelf.
1074 1875 1191 1910 Goth.
1216 1877 1314 1920 (tac.
1336 1875 1473 1917 Gesn·)
1495 1887 1537 1909 ac
1560 1875 1587 1908 ί.

257 1945 348 1968 cum
368 1931 472 1970 Voss.
496 1942 531 1965 2.
564 1931 662 1968 Jens.
686 1931 732 1965 cf.
761 1943 822 1971 10,
846 1940 881 1972 7,
906 1937 970 1974 24.
1207 1933 1320 1978 prius,
1343 1939 1430 1966 tum.
1456 1929 1586 1966 Turic.

256 1997 407 2037 pastum
429 1986 563 2032 (etiam
587 1987 820 2034 oratorium).
842 1987 974 2035 Camp.
997 1988 1099 2034 prius
1116 1984 1359 2036 postmodum.

339 2092 405 2134 42.
435 2086 614 2135 plumbeis
634 2086 886 2136 afficesaciunt.
909 2086 1040 2122 Turie.
1063 2085 1166 2122 Flor.
1187 2086 1277 2130 (hie
1299 2099 1319 2120 a
1339 2098 1396 2133 pr.
1418 2085 1498 2131 m.)
1518 2097 1588 2132 pu·

256 2144 361 2179 blicis
382 2142 665 2191 adsuefacerent.
694 2145 754 2177 Ex
772 2142 872 2180 Alm.
895 2142 1048 2178 nonnisi
1068 2142 1235 2191 publicis.
1280 2141 1349 2178 Ista
1371 2154 1442 2190 quo
1457 2139 1512 2189 sie
1530 2156 1587 2165 —

256 2209 424 2236 exercent
445 2199 591 2234 omittit
611 2201 742 2249 Camp.

341 2306 408 2346 45.
439 2308 586 2350 promtu
606 2301 715 2335 ratio.
744 2299 876 2334 Turic.
898 2298 1000 2334 Flor.
1020 2298 1105 2344 (hic
1126 2313 1156 2334 a.
1174 2312 1232 2347 pr.
1245 2299 1317 2345 m.)
1334 2306 1485 2347 propter
1504 2311 1586 2333 ura-

256 2358 323 2394 tio.
355 2356 456 2393 Alm.
476 2355 562 2404 post
583 2354 856 2403 compendium
877 2355 986 2393 vocis
1004 2363 1155 2404 propter
1174 2355 1310 2391 habet:
1331 2369 1428 2390 cura.
1461 2354 1585 2389 Modo

316 2480 440 2514 odium
461 2478 605 2515 laboris
634 2478 763 2525 hujus.
786 2476 833 2512 cf.
856 2483 894 2521 3,
1008 2476 1056 2511 ab
1084 2476 1147 2525 usu
1175 2476 1320 2511 dicendi
1349 2476 1377 2511 i.
1400 2474 1585 2517 oratorio,

258 2543 294 2578 5,
309 2545 373 2579 30.
405 2536 483 2570 Hic
504 2535 674 2582 quidem,
690 2533 794 2582 quod
807 2545 893 2567 raro
950 2546 996 2567 ne
1018 2532 1117 2568 forte
1141 2527 1255 2568 usum⁴
1273 2532 1449 2579 loquendi
1473 2529 1586 2566 iutel-

259 2591 294 2625 ei
325 2592 536 2639 contingit,
583 2591 743 2625 taedium
773 2588 892 2623 modo
949 2587 1067 2635 ligas,
1102 2589 1171 2635 qui
1191 2589 1241 2623 est
1261 2587 1373 2622 etiam
1398 2586 1587 2621 remotior

256 2647 424 2693 positum
454 2646 642 2694 eleganter
665 2647 752 2680 odio
773 2644 894 2680 varia·
949 2644 996 2678 ab
1033 2645 1168 2691 orandi
1201 2643 1409 2689 majestate,
1467 2653 1584 2690 quam

256 2701 328 2742 vit,
358 2714 404 2738 ne
431 2703 535 2738 idem
554 2710 779 2738 recurreret·
948 2700 1134 2736 ICtorum
1153 2699 1221 2736 illa
1242 2698 1420 2735 carmina.
1445 2743 1448 2746 ἢ

1761 514 1768 522 ,ι
1761 378 1771 497 μὴν*
1768 364 1769 369 Α
