1789 3068
318 165 461 198 xvlu
747 150 1195 207 PRAEFATIO.

419 300 502 334 ιε,
526 298 600 333 10,
623 286 699 336 76.
721 285 1062 334 Lucem—haec.
1084 289 1185 328 Non
1206 284 1508 340 animadverti,
1529 283 1653 325 femi-

321 379 480 421 ninum
502 378 588 417 hoc
608 390 700 415 non
724 377 882 417 habere
905 391 992 433 quo
1014 379 1239 419 referatur.
1295 377 1380 417 Sed
1400 373 1542 425 facilis
1565 389 1654 415 me·

323 470 441 513 dela:
477 467 716 522 legendum
736 465 854 508 enim
880 469 1088 511 Luceant.

427 581 503 615 12,
534 582 607 616 10,
635 580 712 621 79.
734 570 857 623 copia
886 568 1013 610 habet
1036 570 1217 610 modum.
1280 566 1563 609 Heindorfius
1593 566 1655 627 sp·

322 659 514 717 spicatur
537 657 661 699 fuiss'e
683 658 866 707 habeam
900 673 990 700 non
1014 660 1134 716 quod
1154 657 1227 698 hic
1250 656 1516 698 indicativus
1540 670 1656 698 com·-

320 751 481 792 modus
501 762 591 790 non
613 751 673 804 fit,
696 749 766 790 sed
787 750 905 805 quod
929 764 1018 790 non
1039 749 1271 791 commode
1296 757 1518 802 repetatur
1539 744 1659 786 idem

321 839 368 882 in
386 841 500 896 seqq.
523 849 564 880 et
584 840 698 880 nitor
720 840 785 880 ille
804 841 960 880 cultum
980 841 1143 880 virilem
1161 849 1242 880 cet.
1274 840 1307 878 V
1311 836 1492 878 eriffima
1514 847 1660 877 autem

323 922 520 983 'ejusdem
553 929 610 970 est
641 927 884 970 observatio
908 927 953 968 in
976 927 1190 984 proximis
1217 926 1541 969 distinctionem
1569 925 1661 981 post

321 1020 495 1074 magna,
516 1015 738 1080 sublimia,
774 1030 856 1061 cet.
881 1020 1026 1059 delere
1057 1017 1263 1074 jubentis,
1289 1030 1354 1065 ut,
1377 1018 1497 1074 quod
1519 1015 1660 1073 primo

320 1110 489 1167 ubique
509 1112 607 1151 loco
626 1113 821 1166 pofitum
835 1109 902 1156 est,
923 1109 1052 1149 instar
1072 1108 1254 1160 subjecti
1275 1110 1345 1149 fit:
1365 1122 1522 1162 magna
1540 1114 1666 1148 erunt

319 1217 407 1244 non
427 1202 581 1254 nimia,
618 1210 662 1240 et
686 1200 739 1239 fic
759 1212 907 1253 porro.

430 1307 447 1330 1
461 1303 504 1336 ε,
536 1304 553 1329 ι
571 1305 608 1335 1,
626 1298 667 1338 3.
691 1288 764 1327 illa
786 1289 1096 1343 qualiacunque
1115 1288 1241 1328 mala.
1266 1288 1317 1326 In
1338 1285 1521 1341 gratiam
1543 1298 1665 1325 nunc

320 1380 454 1421 redeo
479 1393 582 1420 cum
605 1377 840 1429 Gedoyno,
878 1375 954 1433 qui
978 1378 1064 1418 hoc
1084 1392 1174 1417 uno
1197 1373 1379 1418 nomine
1400 1371 1666 1431 reprehendi

322 1468 495 1516 debuit,
520 1468 641 1525 quod
661 1481 818 1509 vocem
839 1468 1146 1523 qualiacunque
1162 1481 1254 1507 non
1273 1467 1486 1522 expresflt,
1510 1465 1557 1505 in
1574 1464 1666 1519 ipso

324 1560 448 1602 sensu
466 1572 538 1598 me
561 1555 792 1599 oculatior.
828 1557 1120 1611 „Cependant
1140 1572 1197 1598 on
1219 1571 1275 1597 ne
1297 1554 1484 1612 pouvoit
1503 1569 1582 1611 pas
1601 1553 1667 1595 lui

325 1649 596 1705 „reprocher
625 1645 731 1702 qu'il
759 1644 923 1702 plaid'2‘1t
948 1648 1059 1694 mal,
1111 1645 1221 1689 mais
1252 1648 1493 1688 seulement
1520 1643 1666 1687 moins

327 1738 512 1792 ,.bien.“
535 1739 666 1778 Hune
686 1736 852 1777 sensum
873 1750 964 1778 non
986 1735 1203 1784 effecisset,
1218 1736 1296 1778 nifi
1316 1737 1429 1778 mala'
1448 1735 1666 1796 adjective

327 1826 623 1886 etpraedieati
646 1829 744 1868 loco
767 1826 953 1882 cepiss'et.
989 1829 1124 1869 Recte
1143 1827 1220 1868 ille
1241 1827 1437 1884 quidem.
1475 1826 1548 1869 Sic
1568 1841 1667 1883 pro-

328 1933 492 1961 nomen
511 1918 585 1958 illa
607 1915 762 1959 transit
784 1919 829 1958 in
853 1916 1104 1959 substantivi
1129 1918 1285 1966 vicem,
1313 1917 1443 1975 eique
1462 1918 1669 1959 adhaeret

329 2010 417 2051 hoc
437 2009 758 2065 qualiacunque,
789 2022 882 2049 non
910 2012 996 2060 jam
1023 2023 1046 2049 a
1076 2011 1333 2065 pervulgata
1364 2010 1437 2049 fua
1463 2007 1670 2063 fignifica-

329 2098 453 2142 tione
470 2100 694 2141 recedens.
732 2100 917 2155 „Neque
935 2097 1009 2140 illa
1033 2098 1080 2139 in
1103 2098 1261 2155 quibus
1285 2097 1530 2147 deficiebat,
1565 2112 1669 2156 qua·

330 2189 598 2246 „liacunque
618 2188 796 2239 fuerint,
817 2201 940 2230 erant
957 2192 1085 2238 mala,
1107 2190 1180 2230 sed
1198 2188 1417 2230 minora.“

440 2297 457 2322 1
472 2293 514 2328 Ω,
544 2294 563 2323 1
578 2294 619 2328 1,
646 2289 718 2331 15.
737 2278 820 2320 Vix
841 2278 1061 2334 intelligas
1083 2277 1192 2335 quid
1210 2278 1316 2320 velit
1337 2290 1441 2322 nota
1464 2294 1562 2323 mea
1584 2279 1665 2323 cri-

331 2369 430 2415 tica.
461 2371 547 2412 Pro
569 2370 756 2435 nostrum
775 2384 938 2427 repone
962 2370 1107 2433 nqfira
1118 2365 1356 2431 scriptura.
