1779 3062
240 180 335 228 203
502 200 504 202 -
563 172 637 217 M.
673 173 805 218 ΕΑΒ.
845 167 1259 235 QUINTILIANI

237 297 408 346 tandis
435 298 491 345 in
527 299 661 345 hanc
694 297 863 364 spem,
901 300 995 363 qui
1029 298 1148 348 foro
1181 302 1577 365 praeparantur-3

160 395 211 421 20
237 375 365 423 utile
409 375 725 439 exemplum.
830 377 1022 439 Neque
1066 391 1195 423 vero
1238 385 1431 423 tantam
1475 373 1573 424 effe

235 468 475 515 unquam
520 451 773 499 fiduciam
810 450 1069 500 facilitatis
1113 451 1303 507 velim,
1361 462 1421 500 ut
1460 467 1571 500 non

232 528 395 575 breve
433 526 610 575 saltem
652 538 888 593 tempus,
955 527 1105 592 quod
1154 543 1420 591 nusquam
1461 526 1572 586 fere

233 603 417 659 deerit,
444 603 602 661 adea,
637 621 771 668 quae
797 604 990 653 dicturi
1030 602 1207 658 simus,
1248 601 1573 666 dispicienda

171 719 175 721 ,
230 679 518 738 [ωιιειηιαε;
586 680 733 745 quod
766 681 985 745 quidem
1022 681 1079 727 in
1115 678 1329 740 judiciis
1361 695 1417 725 ac
1451 676 1575 728 foro

231 755 387 805 datur
427 755 642 821 semper.
731 749 925 820 Neque
971 757 1113 803 enim
1157 755 1438 820 quisquam
1487 753 1576 813 eft,

153 851 204 878 αι
235 834 329 897 qui
359 831 577 890 causam,
604 850 759 897 quam
782 851 888 883 non
916 831 1176 889 didicerit,
1217 842 1343 896 agat.
1386 825 1573 879 De'cl‘aa

225 920 449 957 matores
486 909 741 973 quosdam
777 907 1015 973 perversa
1053 908 1202 956 ducit
1232 907 1477 965 ambitio,
1512 916 1574 956 ut

225 984 455 1050 exposita
494 986 847 1034 controversia
891 987 1135 1049 protinus
1169 984 1344 1032 dicere
1374 984 1571 1032 velint:

229 1063 364 1126 quin
434 1063 617 1119 etiam,
696 1062 842 1125 quod
889 1060 961 1109 est
1007 1061 1269 1126 imprimis
1313 1058 1574 1110 frivolum

226 1244 275 1294 est
299 1256 420 1281 tamen
447 1246 557 1281 habet
579 1255 644 1280 aut
664 1261 698 1280 η.
730 1243 832 1281 Flos.
864 1248 902 1288 (a
929 1258 986 1293 pr.
1007 1247 1142 1288 manu)
1173 1246 1206 1281 h.
1239 1245 1349 1280 habet
1377 1243 1493 1292 visum
1521 1241 1572 1293 eft

226 1313 300 1337 tum
345 1311 467 1336 tamen
501 1302 609 1336 habet
639 1311 704 1336 aut
735 1316 769 1337 n.
820 1315 840 1336 a
868 1301 936 1335 sec.
970 1314 1022 1337 m.
1077 1310 1153 1335 tam
1203 1301 1404 1348 anteponit
1437 1301 1570 1337 sensui.

225 1360 358 1405 Camp.
402 1358 435 1391 Ιι.
461 1367 536 1392 cam
557 1367 622 1392 aut
643 1372 676 1393 u.
699 1373 726 1392 r.
751 1373 785 1393 α.
808 1372 843 1393 n.
1126 1356 1246 1405 spem..
1293 1357 1426 1392 Turic.
1464 1355 1570 1398 FLor,

222 1414 438 1459 subjiciunt
467 1407 506 1448 αἴ
537 1414 602 1457 (cf.
633 1415 712 1458 ια.)
737 1412 911 1461 speciem.
943 1412 1074 1460 Camp.
1100 1413 1274 1461 speciem.

312 1480 375 1504 20.
409 1478 551 1504 tantam
574 1469 778 1517 —saltem
811 1478 963 1516 tempus.
1013 1470 1143 1504 Turio.
1182 1469 1285 1505 Flor.
1337 1477 1461 1504 tantas
1488 1483 1568 1505 eum

223 1526 366 1560 brevem
399 1525 519 1568 (fior.
554 1526 677 1571 breve)
696 1524 834 1573 saltem
867 1527 927 1574 qui
955 1523 1043 1570 foro
1077 1535 1229 1572 tempus.
1273 1525 1333 1559 Ex
1352 1524 1456 1559 Alm.
1487 1534 1567 1560 tan·

223 1590 299 1616 tam
321 1581 428 1615 breve
443 1580 578 1628 saltem.
604 1590 628 1615 t.
680 1579 747 1627 (cf.
791 1581 934 1627 §.16.)
981 1580 1107 1616 Guelf.
1149 1590 1174 1616 t.
1201 1595 1231 1615 e.
1251 1596 1285 1615 ιι.
1303 1580 1447 1627 fiducia
1465 1589 1506 1614 ut
1531 1594 1566 1616 n.

221 1637 255 1672 b.
277 1636 310 1685 s.
339 1644 364 1670 t.
418 1638 523 1673 Voss.
549 1650 581 1672 ι.
608 1645 644 1679 3.
695 1646 779 1672 e.'u.
807 1635 1118 1683 tantafizluciaf.
1143 1651 1175 1670 u.
1200 1651 1235 1670 n.
1264 1637 1296 1671 b.
1315 1635 1349 1684 s.
1371 1645 1396 1670 t.
1445 1635 1566 1674 Goth.

219 1693 318 1731 Jens.
351 1694 438 1736 (tae.
468 1693 597 1739 Gesn.)
634 1708 662 1727 e.
688 1707 721 1727 u.
744 1702 769 1727 1:-
788 1691 821 1739 f.
847 1712 899 1718 --
919 1702 943 1727 t.
981 1706 1050 1740 per
1073 1693 1428 1740 transpositionem,
1455 1692 1572 1727 item-

219 1762 294 1798 que
317 1749 502 1783 omittunt
531 1750 641 1783 velim
671 1760 756 1783 cum
782 1748 884 1785 Voff.
911 1759 945 1782 2.
979 1749 1094 1784 Tarv.
1132 1759 1168 1783 et
1194 1748 1278 1783 edd.
1303 1747 1458 1796 posterr.
1479 1758 1566 1782 ante

217 1803 306 1839 Ald.
342 1805 411 1851 qui
445 1815 483 1839 et
514 1805 592 1852 ipse
622 1817 709 1838 cum
736 1804 828 1838 Bad.
864 1804 1000 1838 eodem
1030 1805 1148 1839 modo
1181 1802 1412 1851 transponit.
1450 1804 1565 1838 Bern.

218 1868 326 1895 tanta
346 1874 376 1893 e.
397 1874 430 1894 u.
452 1859 487 1907 f.
503 1860 538 1907 f.
561 1870 601 1895 ut
622 1874 655 1895 n.
681 1860 713 1895 b.
729 1859 765 1907 s·
788 1869 812 1894 t.
855 1859 985 1909 Camp.
1031 1869 1136 1894 tanta
1165 1862 1331 1907 cuiquam
1352 1855 1422 1907 effe
1459 1857 1567 1894 debet.-

212 1914 363 1964 fiducia
378 1914 413 1962 f.
436 1931 470 1952 u.
493 1931 528 1950 n.
560 1915 641 1963 b.s.
667 1926 691 1951 ε.
735 1916 800 1959 (cf.
833 1919 865 1962 ᾖ.
895 1920 975 1960 14.)
1016 1929 1105 1951 cum
1127 1915 1247 1950 Andr.
1277 1914 1350 1949 nisi
1371 1913 1478 1962 quod
1497 1914 1565 1950 hic

220 1973 356 2018 cuique.
398 1972 561 2007 Inseruit
590 1973 732 2019 Regius
760 1973 893 2011 velim,
925 1985 1038 2013 vere,
1083 1982 1125 2007 ut
1156 1971 1335 2012 videtu1·;
1366 1983 1455 2005 nam
1485 1969 1562 2006 hoc

218 2040 307 2062 cum
333 2027 481 2063 abiiss'et
501 2028 540 2062 in
573 2028 653 2067 vel,
694 2029 865 2063 evanuit.
1087 2040 1274 2074 nusquam.
1307 2027 1438 2074 Camp.
1468 2040 1561 2060 nun-

217 2097 326 2130 quam
359 2096 449 2119 cum
488 2084 606 2119 Goth.
831 2083 957 2132 simus.
986 2083 1049 2117 Sic
1081 2084 1212 2118 Turic.
1252 2081 1356 2118 Flor.
1399 2080 1561 2128 Reliqui

208 2138 348 2187 junius.
629 2139 857 2187 Alspicienda
888 2138 1086 2186 sumamus.
1138 2138 1271 2173 Turic.
1322 2136 1560 2186 despicientia

207 2195 382 2244 summus.
428 2194 553 2230 Guelf.
585 2195 867 2244 despiciendas.
909 2208 997 2230 eum
1017 2193 1117 2231 Voss'.
1143 2203 1180 2236 5.
1460 2192 1560 2243 quod

213 2253 372 2298 quialem.
416 2251 547 2285 Turio.
589 2251 692 2286 flor.
743 2251 826 2295 (hic
859 2265 879 2286 a
906 2265 965 2299 pr.
994 2251 1065 2294 m.)
1116 2250 1305 2284 omittunt
1336 2261 1425 2284 cum
1455 2246 1558 2284 Alm.

214 2306 464 2352 '.1'1·ajiciend0
495 2306 560 2342 hic
595 2318 794 2356 peccatum
825 2322 844 2341 a
879 2306 1050 2342 librariis
1079 2306 1257 2353 suspicor·
1297 2306 1423 2342 Verus
1459 2303 1557 2339 ordo

213 2374 293 2396 erat
322 2362 408 2398 hic:
434 2361 570 2410 saltem
591 2374 730 2410 ternpus
753 2365 804 2398 ad
823 2378 878 2402 ea,
910 2377 1003 2412 quae
1023 2362 1155 2396 dicturi
1168 2359 1294 2409 simus,
1326 2359 1557 2409 dispicienda

203 2416 415 2465 sumamus.-
447 2421 545 2467 quod
575 2433 750 2467 nusquam
774 2418 856 2466 fere
885 2419 1011 2458 deerit,
1041 2420 1078 2452 in
1095 2419 1245 2462 judiciis
1276 2431 1318 2452 ac
1331 2416 1422 2464 foro
1447 2416 1557 2451 ‘latur

206 2471 364 2521 semper.
599 2489 681 2512 non.
713 2474 817 2510 Flor.
847 2477 955 2522 (apr.
978 2475 1049 2517 m.)
1081 2473 1240 2508 omittit.
1272 2472 1402 2520 Camp]
1434 2485 1508 2507 nec.

299 2540 362 2566 21.
406 2532 517 2568 ducit.
558 2533 691 2568 Turic.
732 2530 836 2566 Flor.
877 2530 963 2576 (liic
993 2544 1012 2565 a
1047 2543 1107 2579 pr.
1135 2532 1207 2574 m.)
1249 2529 1435 2564 omittunt
1463 2539 1552 2563 cum

268 2693 332 2721 20.
366 2686 465 2733 quod
485 2687 642 2735 quidem.
685 2686 732 2721 cf.
753 2695 834 2721 not.
856 2685 941 2721 crit.
