1779 3062
389 178 554 223 INST.
591 178 872 225 ORATOR.
908 181 1030 226 LIB.
1066 181 1138 238 X,
1180 191 1230 239 4.
1394 181 1488 238 167

130 308 331 358 librum
360 305 418 353 in
437 322 626 354 manus
652 303 1026 365 resumserunt‚
1053 306 1249 357 similes
1262 306 1484 357 medicis

128 386 287 433 etiam
320 384 522 448 integra
555 380 863 430 secantibus.
943 384 1150 432 Accidit
1178 386 1382 450 itaque,
1421 395 1485 434 ut

129 459 424 510 cicatricosa
457 458 585 517 sint,
624 470 676 507 et
709 460 990 524 exanguia,
1044 472 1095 508 et
1131 479 1254 510 cura
1285 463 1481 528 peiora.

127 540 205 588 Sit
234 554 359 602 ergo
394 536 712 601 aliquando,
760 536 910 601 quod
942 538 1166 601 placeat,
1218 550 1307 587 aut
1344 551 1482 588 certe
1506 560 1528 595 ᾳ

127 614 278 681 quod.
297 613 540 663 sufficiat:
564 624 624 662 ut
648 630 782 679 opus
804 614 968 679 poliat
987 615 1252 672 lima,non
1276 627 1483 665 exterat.

125 692 416 758 Temporis
457 708 676 756 quoque
708 688 830 738 effe'
856 690 1012 739 debet
1053 692 1261 741 modus.
1343 695 1485 743 Nam

124 770 276 835 quod
328 769 530 818 Cinnae
571 772 858 834 Zmyrnam
896 786 1096 817 novem
1144 770 1295 818 annis
1344 786 1486 818 acce-

121 847 301 914 pimus
354 845 626 913 scriptam,
689 856 741 894 et
788 848 1176 912 Panegyricum
1226 845 1481 905 Isocratis,

122 978 251 1016 Guelf.
291 982 383 1016 vitia
434 993 520 1015 cum
553 980 657 1017 Voff.
696 994 729 1014 1.

958 992 1097 1015 manus.
1142 980 1270 1016 Guelf.
1315 980 1483 1016 manibus·

124 1049 215 1072 cum
242 1037 344 1074 Voss'.
375 1050 407 1070 1.
432 1046 468 1072 2.
500 1039 567 1080 (nn
589 1047 611 1080 5
629 1034 666 1077 ?)
696 1036 793 1075 Jens.
816 1047 852 1072 et
872 1035 957 1072 edd.
975 1036 1133 1084 posterr.
1156 1048 1241 1073 ante
1260 1038 1351 1073 Bad.

212 1093 460 1143 resumserunt.
495 1094 556 1129 Sic
579 1094 711 1129 Turic.
737 1101 775 1135 (a
798 1106 856 1141 pr.
879 1095 948 1136 m.)
977 1092 1081 1128 Flor-
1109 1093 1237 1130 Guelf.
1272 1108 1360 1130 cum
1381 1095 1494 1139 Jens„

125 1161 163 1187 et
183 1151 267 1187 edd.
290 1151 448 1199 posterr.
473 1162 558 1185 ante
579 1150 669 1186 Bad.
692 1163 767 1184 acc.
793 1149 901 1185 Basil.
924 1148 1084 1198 Reliqui
1104 1149 1346 1199 resumserint.

212 1213 247 1251 4.
285 1221 385 1255 ergo.
418 1208 480 1242 Sic
502 1207 634 1242 Turio.
658 1206 764 1241 Flor.
794 1219 883 1241 cum
903 1206 1002 1244 Jens.
1042 1217 1079 1241 et
1107 1206 1191 1242 edd.
1214 1208 1373 1257 posterr.
1397 1220 1483 1244 ante

125 1264 213 1300 Ald.
237 1277 312 1299 acc.
332 1263 422 1298 Bad.
454 1263 614 1311 Reliqui
642 1265 765 1311 igitur.

992 1276 1086 1309 opus
1101 1284 1150 1290 --
1165 1273 1318 1300 exterat.
1348 1266 1482 1301 Turio.

126 1334 196 1368 pus
221 1319 401 1371 spolliati
434 1323 483 1364 (a
517 1321 585 1354 sec.
621 1333 739 1354 manu
771 1318 936 1367 simplex
967 1317 1032 1366 L)
1073 1322 1145 1354 ima
1183 1330 1339 1356 exterat.
1376 1322 1482 1358 Flor.

125 1381 167 1421 (a
188 1390 246 1426 pr.
271 1375 344 1424 m.)
374 1390 406 1410 ο.
429 1390 465 1423 p.
492 1379 565 1411 ima
588 1385 743 1411 exterat.

990 1377 1131 1411 Cinnae
1143 1376 1401 1425 —scriptam,
1434 1387 1481 1414 et.

126 1434 260 1468 Turic-
285 1432 389 1468 Flor.
413 1432 497 1476 (hic
518 1447 536 1467 a
560 1446 617 1481 pr.
647 1437 717 1475 m.)
750 1432 940 1468 omittunt
960 1446 1049 1467 cuin
1069 1432 1172 1468 Alm.
1203 1435 1277 1468 Pro
1309 1435 1484 1483 Panegy-

124 1492 239 1525 ricum
270 1500 400 1525 autem
433 1488 537 1524 nihil
567 1489 712 1525 habent
746 1489 820 1524 nisi
841 1502 933 1524 curn.

183 1616 269 1637 cura
305 1602 451 1650 pejora.
519 1603 640 1643 „Non
681 1602 775 1637 absi-

124 1658 261 1702 „milis
285 1659 334 1693 eft
354 1657 464 1694 locus
485 1658 554 1693 iiie
568 1658 686 1694 Plinii
707 1666 773 1702 55,

125 1721 250 1757 ‚,1o.“
299 1720 353 1763 [p.
373 1715 491 1750 Hasd.
521 1716 631 1762 695.]
679 1728 775 1757 „no-

122 1785 238 1814 „cere
270 1773 375 1820 saepe
407 1772 568 1807 nimiam
612 1771 777 1820 diligen-

123 1830 288 1870 „tiam.“
329 1828 504 1863 Passerat.
547 1830 636 1869 „De
659 1830 776 1864 Tibe-

124 1886 215 1926 „rio
250 1884 327 1919 hoe
357 1894 467 1920 notat
499 1888 658 1921 Sueton.
692 1898 773 1934 cap.

125 1952 221 1984 ,‚7o.
263 1941 365 1974 illum
399 1954 442 1975 ex
477 1951 640 1989 tempore
671 1956 776 1989 prae-

126 1994 368 2046 ,stantior-em
411 1997 574 2033 habitum
612 2012 719 2047 quam
752 2013 776 2034 a

126 2059 282 2096 ‚,cura.“
325 2056 460 2090 Burm.

186 2173 222 2212 4.
269 2168 469 2217 poliat—
491 2182 566 2204 non
623 2176 776 2204 exterat.

124 2224 252 2267 „1³th
293 2224 362 2260 lib.
389 2232 423 2267 5.
457 2225 562 2274 epist.
591 2238 650 2260 ιι.
704 2226 778 2260 Ita-

127 2296 224 2332 „que
247 2295 340 2328 opus
360 2296 434 2317 non
450 2284 533 2327 jam
552 2280 779 2330 splendescit

127 2336 332 2386 ,‚lirna,sed
356 2341 567 2374 atteriturf‘
579 2339 777 2374 Pithoeus.

128 2394 248 2435 „vide
269 2404 305 2428 et
324 2394 422 2430 Plin.
448 2394 517 2431 lib.
533 2408 569 2442 9.
590 2387 779 2444 Eps55f‘

129 2450 231 2486 Alm.

190 2507 329 2542 Cinnae
376 2506 584 2555 Zmyrnam
644 2520 777 2543 novem

130 2566 246 2600 annis.
289 2564 330 2598 C.
362 2562 530 2599 Helvius
564 2564 687 2599 Cinna
715 2564 778 2598 hi-

130 2620 283 2656 storiam
299 2618 493 2666 Zinyrnae
513 2619 579 2656 vel
593 2620 778 2667 Myrrhae

130 2676 198 2724 (cf.
225 2688 260 2724 9,
293 2687 328 2717 2,
365 2676 448 2720 64.)
483 2676 596 2712 brevi
625 2677 685 2711 [cd
712 2677 780 2712 ob-

129 2733 342 2770 sem-immo
382 2733 552 2769 carmine
592 2734 779 2783 exposuit,

1169 1490 1390 1538 Zmyrnam.
1422 1492 1484 1527 Sic

836 1602 902 1637 cui
955 1600 1067 1636 velut
1114 1601 1260 1638 defoffo
1308 1604 1486 1641 thesauro

833 1671 978 1694 novem
1011 1659 1120 1694 annis
1144 1659 1360 1696 incubuisse
1392 1662 1486 1697 dici-

834 1726 909 1750 tur.
971 1715 1126 1751 Notum
1159 1716 1209 1751 est
1235 1718 1487 1767 Epigramma

836 1771 1007 1808 Catulli:
1041 1771 1213 1822 Zmyrna
1247 1777 1326 1809 mei.
1346 1776 1487 1811 Cinnae

835 1842 975 1862 nonam
1011 1825 1095 1876 post
1129 1830 1287 1879 denique
1326 1831 1483 1881 meffem,

833 1886 956 1936 Quam
987 1895 1120 1932 coepta
1155 1882 1226 1933 eft,
1277 1902 1487 1938 nonamque

834 1942 935 1976 edita
964 1938 1046 1989 710st
1078 1943 1244 1986 hiemem,
1277 1955 1348 1981 cet.
1391 1947 1484 1983 vide

834 1999 967 2034 Burm.
993 1998 1038 2032 ad
1059 1998 1218 2034 Anthol.
1235 2012 1269 2041 2,
1291 2002 1362 2049 Ep.
1388 2011 1481 2046 250.

836 2065 874 2090 et
892 2056 932 2090 F.
954 2056 999 2090 A.
1028 2055 1226 2091 VVolfium
1257 2057 1304 2092 ad
1327 2060 1485 2096 sueton.

836 2113 1007 2147 Gramm.
1030 2124 1061 2147 c.
1091 2119 1151 2156 18.
1214 2115 1309 2149 Inde
1326 2116 1486 2159 Horatii

834 2168 937 2204 illud
956 2168 1003 2203 ad
1024 2169 1095 2204 Pis.
1119 2176 1213 2214 538.
1261 2172 1386 2208 Affert
1407 2173 1486 2210 huc

837 2225 1047 2266 Gesnerus,
1101 2240 1181 2262 non
1216 2228 1487 2277 intempestive

837 2282 1010 2330 quidem,
1039 2283 1174 2330 jocum
1199 2285 1241 2319 in
1263 2299 1417 2321 carmen
1440 2287 1489 2324 de

836 2339 994 2387 virgine
1059 2340 1327 2377 Aurelianenfi
1395 2356 1486 2380 con-

834 2396 981 2442 jectum
1025 2410 1123 2437 non,
1178 2408 1223 2433 ut
1263 2398 1330 2434 ille
1364 2412 1486 2449 putat,

838 2466 857 2486 a
880 2453 1076 2500 lW'IenagiQ
1103 2454 1164 2489 sed
1187 2468 1205 2488 a
1228 2456 1486 2498 Mommorio,

833 2507 1053 2556 supplicum
1095 2510 1325 2547 libellorum
1364 2515 1487 2563 magi·

835 2565 931 2600 stro:
994 2566 1066 2601 Illa
1109 2568 1303 2614 Capellani
1350 2570 1486 2606 dudum

836 2631 1032 2669 expectata
1064 2624 1191 2671 puella
1230 2627 1371 2675 Longo
1403 2626 1487 2677 post

838 2678 985 2713 tandem
1019 2688 1182 2728 tempore
1215 2684 1345 2731 prodit
1383 2698 1485 2721 anus.

838 2733 984 2771 Cinnae
1008 2738 1220 2784 Zmyrnam
1249 2753 1269 2774 a
1296 2741 1488 2788 Gedoyno
