1779 3062
385 212 548 258 INST.
587 212 866 259 ORATOR.
906 207 1024 257 141ss.
1064 197 1148 268 xi,
1187 225 1230 267 3.
1380 212 1480 269 465

132 344 308 396 breint,
358 354 472 386 non
513 336 637 387 ideo
684 338 1096 404 improbandae:
1174 357 1296 389 cum
1336 338 1477 387 enim

134 429 359 480 uterque
391 415 542 462 alteri
577 414 817 473 objiciat,
867 417 1039 482 palam
1080 416 1152 465 est
1188 428 1480 481 utrumque

131 491 318 544 feciffe.
402 493 542 541 Nam
587 507 764 555 neque
801 492 892 538 ille
934 510 1030 558 per
1069 495 1397 543 Marathonis
1432 503 1483 541 et

131 573 458 621 Plataearum
493 579 543 616 et
575 568 850 616 Salaminis
887 581 1306 634 propugnatores
1338 581 1482 619 recto

133 647 266 697 sono
290 648 514 709 juravit,
555 662 652 694 nec
685 645 777 692 ille
808 644 1015 694 Thebas
1050 645 1291 696 sermone
1318 646 1485 695 defle-

134 728 228 774 vit.
307 722 395 772 Est
433 724 516 771 his
551 720 755 770 diversa
789 739 920 778 vox,
958 733 1009 769 et
1037 740 1202 787 paene
1235 735 1375 772 extra
1402 741 1483 773 01·-
1498 734 1564 782 169

137 820 364 869 ganum,
417 802 505 849 cui
538 801 721 847 Graeci
758 816 958 848 nomen
999 802 1360 849 amaritudinis
1398 800 1488 848 de-

138 880 362 937 derunt,
400 876 561 945 super
597 876 823 925 modum
859 894 915 924 ac
944 892 1110 941 paene
1134 889 1376 927 naturam
1394 894 1493 927 vo-

232 1075 322 1125 169.
357 1084 393 1110 et
421 1076 475 1110 his
496 1073 642 1123 divetsa
666 1075 799 1110 Turio.
826 1074 930 1111 Flor.
963 1084 1000 1110 et
1028 1072 1079 1123 est
1109 1076 1142 1110 ΙιΔ
1175 1076 1212 1110 d.
1246 1076 1380 1123 Camp.

304 1131 420 1181 super
444 1133 606 1167 modam.
642 1133 704 1167 Sic
729 1132 861 1166 Turic-
887 1132 1022 1167 Ambr.
1048 1142 1082 1168 2.
1110 1131 1229 1181 supra
1258 1147 1303 1166 m.
1336 1129 1494 1178 reliqui.

140 1191 190 1232 pf.
216 1202 253 1239 9,
277 1199 314 1233 3,
335 1189 403 1236 46.
437 1196 473 1233 8,
497 1195 532 1232 4,
566 1188 603 1223 6.
640 1202 804 1224 exercere
825 1189 974 1226 modum
994 1189 1128 1225 Turio.
1151 1189 1256 1226 Flor.
1281 1201 1370 1224 cum
1393 1186 1497 1224 Alm.

142 1249 205 1298 qui
233 1261 350 1295 comp.
384 1245 517 1281 Turic.
546 1245 650 1282 Flor-

143 1406 308 1446 „rona“
341 1402 406 1450 (p.
441 1399 534 1436 Rsk.
574 1409 667 1448 297.
701 1404 795 1446 11.)

145 1459 246 1502 „vid
286 1470 321 1505 9,
354 1467 389 1497 2,
426 1457 489 1493 62.
529 1467 591 1497 12,
631 1471 692 1498 10,
730 1466 794 1500 24.

144 1515 419 1557 „Lamentatio
452 1524 577 1547 autem
598 1514 797 1548 Aeschinis

147 1572 224 1614 „de
244 1571 392 1606 Thebis
415 1583 445 1605 c.
468 1581 532 1616 [49.
555 1580 688 1604 contra
710 1571 796 1605 Cte-

146 1627 431 1676 „[ipliontem“
463 1631 529 1673 (p.
565 1625 651 1660 Rsk.
683 1627 796 1671 544.)

149 1682 366 1728 „Nolai'o'oere
387 1680 470 1729 ὂρᾷν
484 1680 722 1726 ἁλισκομένην
737 1681 800 1725 τὴν

148 1740 293 1782 „vi-bhv,
315 1743 447 1786 τειχῶν
471 1739 722 1782 κατασκαφὰς,
742 1738 802 1783 ἐμ·

149 1795 322 1844 υ-ιι-ρήσεις
343 1794 461 1830 οἰκιῶν
486 1796 801 1830 etc.“Gesne1·us.

209 1866 326 1900 neque
358 1853 422 1886 ille
444 1871 495 1877 —
524 1865 588 1886 nec
620 1851 695 1886 ille.
755 1853 801 1885 In

153 1908 304 1958 duplici
334 1909 398 1942 ille
430 1906 475 1944 cf.
503 1918 538 1947 2,
573 1914 612 1952 ὅ,
655 1921 717 1943 11.
749 1921 802 1941 re-

153 1975 248 2000 ctum
270 1963 407 2013 sonum
429 1975 465 1998 et
476 1963 682 2012 sermonem
708 1977 800 1999 con-

150 2021 268 2070 jungi
310 2021 516 2068 eidemque
554 2021 613 2054 rei
653 2021 801 2068 fignifi-

152 2078 294 2114 candae
317 2077 496 2113 adhiberi
518 2087 686 2125 apparet,
718 2076 801 2111 vel-

152 2145 199 2170 ut
230 2134 352 2170 modo
386 2134 418 2177 ὦ.
461 2132 552 2168 162.
583 2147 708 2169 vocem
721 2132 801 2181 ser-

153 2193 256 2228 moni
279 2188 802 2239 proximamA-sonumsim-

152 2249 299 2297 plicent,
337 2247 400 2282 cui
431 2247 648 2295 opponitur
678 2246 804 2292 flexus

150 2306 252 2341 vocis
288 2307 342 2352 (§.
375 2305 485 2347 170.)
514 2314 551 2339 et
569 2302 726 2351 plasma,
742 2303 804 2338 sed

153 2360 229 2396 tale
249 2360 356 2409 quod
368 2359 666 2408 reprehensione
678 2359 802 2408 vulgo

154 2416 249 2452 huic
290 2415 486 2451 vocabulo
523 2416 704 2452 haerente
744 2429 803 2451 ea-

153 2483 255 2509 reat:
290 2472 336 2508 cf.
367 2473 412 2507 de
435 2473 621 2521 plasmate
648 2487 682 2514 ι,
704 2478 743 2516 8,
767 2483 802 2508 2.

218 2529 309 2578 169.
363 2537 468 2564 extra
508 2542 699 2578 organum.
753 2529 802 2565 cf.

152 2588 190 2635 ᾗ.
222 2592 290 2631 4ο.

216 2642 354 2678 Graeci
373 2657 507 2679 nornen
530 2642 811 2680 amaritudinis(

155 2700 242 2735 Hoc
263 2701 436 2736 nominis
461 2702 681 2749 usurpatum
694 2700 803 2736 vide-

126 2762 129 2764 ’
157 2766 222 2792 tur
246 2757 401 2793 Graecis
425 2757 644 2797 artificibus
665 2769 806 2796 vocem

218 2836 325 2874 Tem.
354 2839 377 2874 Ι
379 2837 424 2875 V.

856 1412 893 1437 et
913 1402 1278 1450 pronunciationem
1302 1400 1505 1436 formanti-

854 1458 939 1498 bus,
956 1471 1124 1505 qnorum
1148 1459 1308 1506 quidem
1329 1457 1424 1492 libri
1445 1471 1504 1493 ae-

856 1524 972 1548 tatem
999 1527 1076 1548 non
1111 1514 1295 1548 tulerunt.
1365 1515 1505 1561 Neque

858 1570 960 1604 enim
993 1570 1121 1604 adhuc
1147 1571 1353 1617 quisquam
1376 1570 1509 1617 potuit

855 1624 997 1673 πικρίας
1027 1626 1069 1660 in
1092 1638 1189 1660 voce
1212 1626 1320 1660 usum
1345 1625 1508 1661 demon-

857 1682 968 1716 strare
1001 1682 1102 1730 apud
1140 1683 1306 1718 Graecos
1347 1682 1508 1731 scripto-

858 1751 931 1776 res,
964 1750 1000 1774 et
1032 1752 1146 1786 quam
1173 1738 1508 1774 Pseudo-Turne·

858 1795 930 1830 bus
951 1794 1032 1836 ille,
1056 1794 1165 1830 velut
1188 1795 1271 1830 satis
1295 1795 1507 1843 cognitam,

858 1861 1052 1886 memorat
1083 1850 1343 1899 πικροφωνίαν,
1373 1850 1509 1885 frustra

860 1907 1094 1955 quaerimus.
1159 1910 1232 1942 Res
1263 1907 1339 1956 ipsa
1368 1918 1526 1946 tamen‚‘

861 1977 957 2010 quae
980 1963 1232 2011 significetur,
1254 1963 1366 1999 facile
1391 1976 1509 2011 agno-

861 2020 998 2060 [citum
1033 2034 1119 2056 cum
1142 2021 1363 2068 praesertim
1378 2019 1512 2056 acerba

862 2077 993 2111 eadem
1028 2090 1110 2112 vox
1142 2077 1379 2124 appelletur,
1413 2090 1511 2123 quae

863 2133 1131 2170 denominatio
1165 2135 1214 2168 est
1245 2137 1278 2181 ᾗ.
1313 2142 1377 2175 32.
1413 2145 1511 2180 quo-

864 2203 950 2237 que.
1021 2191 1127 2226 Hinc
1167 2189 1345 2224 Ernestus
1381 2190 1424 2224 in
1456 2199 1513 2225 te-

863 2245 1075 2294 chnologia
1088 2248 1226 2282 Graeca
1240 2245 1512 2294 p.265.1·ectis-

861 2303 954 2338 sime
968 2303 1117 2344 definit,
1149 2303 1247 2344 „effe
1259 2315 1397 2338 vocem
1413 2316 1512 2337 acer-

861 2360 974 2401 ,‚bam
1004 2360 1030 2395 i.
1063 2374 1248 2399 amaram,
1301 2371 1390 2394 cum
1425 2359 1512 2406 quis

860 2416 1160 2465 „indignatione
1191 2416 1255 2451 vel
1275 2415 1352 2450 alio
1372 2415 1514 2452 affectu

861 2473 1070 2521 „abreptus
1101 2473 1154 2508 ita
1186 2473 1359 2507 faucium
1382 2482 1419 2506 et
1439 2483 1511 2507 vo·

861 2530 945 2572 „cis
974 2530 1100 2565 veluti
1126 2530 1314 2566 terminos
1341 2528 1512 2570 excedat,

861 2597 935 2628 „ut
979 2588 1092 2622 sonus
1144 2586 1292 2622 oriatur
1327 2585 1513 2624 absonus,

861 2643 1098 2692 „pueriliter
1139 2643 1348 2682 clamosus,

862 2699 1068 2741 „exilitate
1109 2700 1171 2735 sua
1213 2699 1370 2748 pessime
1407 2710 1517 2733 aures

861 2756 1076 2799 „afficiens.
1089 2763 1114 2779 “

1401 2651 1517 2688 atque

1172 2756 1282 2792 Idem
1313 2755 1357 2791 in
1387 2753 1515 2791 techn.

981 2836 1052 2885 ὓς
