1779 3062
1493 179 1592 231 477

459 754 596 801 ARG
616 734 978 803 UMENTUM
1017 753 1211 792 LIBRI
1237 756 1348 793 Χιι.

225 918 313 960 Pro.
365 923 546 960 Gravitas
568 926 790 973 argumenti.
813 944 868 953 —
901 925 1103 962 Oratorem
1133 922 1203 973 effe
1224 924 1355 961 debere
1374 928 1494 963 virum
1515 928 1580 964 bo-

281 1005 369 1026 num
405 994 496 1040 Cap.
539 1002 689 1037 1.—5.
724 992 863 1028 malum
893 1006 939 1028 ne
968 990 1073 1042 poffe
1093 993 1241 1041 quidem
1263 1001 1451 1030 oratorem
1471 995 1578 1044 fieri,

238 1103 241 1105 ‚
281 1072 363 1094 cum
413 1061 510 1097 idem
559 1070 681 1096 careat
721 1061 939 1111 sapientia;
967 1080 1023 1089 —-
1046 1070 1082 1104 7.
1114 1069 1234 1096 mente
1271 1060 1412 1102 liberm
1433 1082 1489 1090 -—·
1513 1077 1576 1100 10.

281 1126 466 1178 ipsorum,
525 1143 619 1179 quae
640 1140 790 1169 tractet,
820 1128 1072 1180 scientia3—
1092 1137 1154 1172 15.
1182 1127 1282 1176 fide.
1304 1148 1362 1156 -
1380 1139 1446 1167 22.
1480 1123 1582 1184 Quid

279 1198 575 1245 respondendum
608 1201 664 1240 iis,
688 1201 751 1251 qui
782 1195 1065 1246 Demosthenem
1097 1207 1133 1234 et
1166 1200 1379 1234 Ciceronem
1400 1207 1580 1249 tanquam

280 1265 401 1302 malos
429 1268 530 1301 viros
563 1268 755 1312 objiciant.
779 1286 835 1293 —
856 1275 921 1309 52.
957 1268 1076 1302 malos
1105 1263 1254 1318 destitui
1290 1279 1356 1308 eo,
1419 1267 1518 1316 quod
1539 1269 1580 1302 in

283 1347 496 1384 quacunque
528 1348 568 1369 re
600 1321 781 1382 optimum
806 1333 862 1384 sit
887 1343 923 1370 et:
956 1332 1257 1384 efficacissimum.
1278 1351 1336 1361 -
1358 1337 1426 1379 55.
1460 1335 1580 1370 malas

283 1411 404 1439 tamen
434 1395 554 1438 atiani>
575 1401 673 1439 artes
705 1404 843 1439 rhetori
873 1403 1087 1438 tractandas
1117 1401 1198 1452 effe,
1232 1411 1274 1438 ut
1295 1401 1578 1451 noscuntur.—

283 1479 350 1517 45,
372 1471 468 1521 fieri
503 1473 591 1507 item
624 1470 749 1520 poffe,
799 1480 840 1506 ut
867 1480 996 1506 contra
1021 1474 1215 1508 veritatem
1246 1482 1340 1519 agat
1362 1472 1421 1505 vir
1446 1471 1576 1514 bonus,

279 1541 471 1589 malasque
502 1539 630 1589 causas
646 1539 838 1587 defendat.
864 1559 921 1566 ——-
951 1541 1042 1588 Cap.
1067 1550 1103 1575 2.
1135 1540 1271 1574 „Mores
1299 1541 1446 1574 oratori
1467 1553 1574 1575 exco-

279 1609 392 1644 lendi.
407 1627 464 1634 —
485 1616 522 1651 3.
555 1616 730 1642 naturam
748 1607 799 1642 ad
815 1609 990 1642 virtutem
1010 1620 1086 1642 non
1097 1606 1284 1655 sufficere.
1307 1624 1364 1632 —-
1391 1619 1454 1642 10.
1492 1608 1577 1656 phi-

275 1676 472 1727 losophiae
514 1689 628 1725 opera
673 1676 820 1715 danda,
843 1693 899 1703 -
936 1681 997 1722 14.
1029 1676 1266 1715 dialecticae,·
1295 1692 1352 1700 —
1391 1685 1453 1721 19.
1482 1664 1575 1710 edhi-

275 1758 364 1784 cae‚·
396 1763 452 1772 —
486 1753 550 1787 25.
580 1742 772 1792 physicae.
801 1764 856 1772 —
891 1753 957 1787 51.
990 1734 1180 1780 Oratorem,
1209 1744 1304 1778 nulli
1329 1741 1375 1792 se
1404 1744 1576 1779 addicere

269 1813 396 1864 sectae
426 1812 579 1853 debere,
616 1811 685 1860 sed
720 1815 862 1861 optima
894 1826 1059 1862 quaeque
1091 1813 1357 1846 exercitatione
1385 1821 1422 1846 et
1439 1809 1571 1859 studio

274 1882 480 1930 complecti.
513 1899 565 1906 —
603 1880 693 1929 Cap.
723 1889 760 1924 3.
795 1883 861 1916 Jus
905 1881 1012 1916 civile
1050 1879 1283 1929 noscendum.
1316 1897 1374 1906 ——
1404 1881 1496 1927 Cap.
1532 1886 1568 1924 4.

272 1949 543 1997 Exemplorum
576 1951 683 1997 copia
714 1950 898 1998 paranda.
928 1969 984 1976 —
1019 1949 1109 1998 Cap.
1144 1955 1179 1992 5.
1214 1949 1418 1983 Plurimum
1445 1947 1570 1983 valere

272 2019 409 2057 animi,
442 2026 477 2051 et
504 2016 632 2066 quibus
654 2018 744 2052 data
759 2016 826 2066 sit,
860 2020 1026 2066 corporis
1046 2013 1501 2066 praestanciarn.—-Cap.
1530 2016 1568 2052 6.

272 2087 356 2138 Qua
386 2093 510 2120 aetate
542 2087 689 2120 initium
722 2087 861 2133 agendi
886 2085 1117 2134 faciendum.
1143 2104 1196 2112 -—
1228 2086 1442 2128 C.7.—7.
1466 2084 1567 2135 Qua·

273 2155 325 2191 les
347 2152 476 2202 causae
503 2151 730 2203 potiffimum
744 2152 1018 2203 suscipiendae.
1041 2173 1094 2183 —-
1120 2164 1184 2190 12.
1215 2152 1278 2188 An
1309 2154 1430 2201 gratis
1455 2166 1568 2200 agen-

273 2224 372 2259 dum.
395 2239 450 2249 —
476 2222 515 2257 C.
538 2227 577 2265 8.
610 2223 798 2257 Summam
831 2225 869 2257 in
901 2222 1076 2271 discenda
1108 2220 1217 2271 causa
1239 2221 1477 2268 diligentiam
1496 2219 1568 2269 effe

269 2292 502 2340 ponendam,
533 2290 765 2337 litigatorem
789 2289 943 2340 saepius
972 2291 1212 2331 audiendum,
1245 2286 1484 2336 instrumenta
1512 2291 1567 2324 in-

262 2359 468 2408 spicienda.
490 2378 545 2385 -
579 2359 619 2394 C.
647 2370 684 2406 9.
708 2377 766 2385 —
789 2369 825 2403 7.
859 2360 990 2395 Nimia
1019 2360 1143 2395 laudis
1170 2358 1304 2407 cupido
1334 2357 1566 2405 reprehendi·

272 2436 341 2465 tur.
373 2447 428 2455 -—
463 2435 526 2469 15.
554 2426 670 2461 Male
692 2428 891 2464 dicentium
932 2441 1060 2463 nocere
1081 2427 1166 2476 fere
1191 2437 1227 2461 et
1254 2424 1383 2475 causae
1407 2433 1443 2460 et
1463 2435 1566 2460 acto·

267 2499 313 2532 ri.
336 2517 386 2523 »-
412 2509 475 2533 21.
505 2498 700 2549 Quaenam
725 2497 867 2547 scripto
894 2495 976 2544 sint:
1007 2495 1271 2544 praeparanda
1307 2504 1344 2530 el:
1376 2494 1562 2543 quomodo

271 2564 481 2614 improvisis
512 2566 782 2601 occurrendum.
809 2585 860 2593 --
901 2568 939 2602 C.
964 2578 1026 2601 10.
1059 2566 1116 2601 De
1143 2577 1277 2614 genere
1313 2563 1471 2597 dicendi.
1506 2581 1564 2589 —

274 2646 339 2670 10.
371 2635 570 2684 plurimum
603 2634 752 2682 d1fferre
782 2648 919 2682 genera
951 2635 1119 2683 exemplo
1149 2633 1302 2668 docetur
1320 2632 1504 2680 pictorum
1527 2641 1563 2667 et

260 2701 505 2752 sculptorum.
529 2722 583 2732 --
616 2711 680 2737 12.
719 2702 967 2752 Recensencur
1023 2703 1203 2741 Oratores
1238 2702 1376 2739 Latini
1405 2719 1460 2729 --
1496 2709 1560 2748 15.
