1779 3062
238 191 332 236 302
553 174 629 221 M.
666 176 799 222 ΕΑΒ.
836 177 1247 238 QUINTILIANI

163 320 212 355 17
233 303 370 352 fecto
409 319 522 351 non
554 302 809 351 taciturus
848 300 913 351 de
944 312 1081 351 tanta
1112 302 1202 352 sua
1234 302 1414 368 gloria.
1490 303 1568 350 Ex

231 381 336 429 hoc
366 377 657 428 Simonidis
698 377 836 429 facto
862 390 1102 428 notatum
1124 379 1354 438 videtur,
1388 379 1652 438 juvari987

230 456 541 505 memoriam
562 454 773 520 signatis
793 458 969 505 animo
992 454 1203 504 sedibus
1217 494 1230 513 ‚
1268 456 1434 520 idque
1459 472 1568 503 cre-

233 533 358 581 dere
388 531 485 581 suo
521 534 747 596 quisque
776 533 1148 600 experimento.
1202 533 1342 580 Nam
1365 541 1487 580 cuin
1508 532 1568 580 in

231 610 348 658 loca
379 610 555 673 aliqua
584 607 701 674 post
733 620 942 675 tempus
974 607 1165 656 reversi
1195 607 1405 664 sumus,
1454 623 1568 656 non

230 684 340 751 ipsa
377 684 705 751 agno[cimus
735 697 967 742 tantum,
1000 683 1089 732 sed.
1123 686 1307 742 etiam,
1348 700 1483 747 quae
1507 685 1566 731 in

227 763 313 812 his
327 761 624 820 fecerimus,
645 760 1047 819 reminiscimur,
1069 761 1424 826 personaeque
1445 758 1567 808 sub-

228 849 375 896 eunt,
417 856 806 903 nonnunquam
834 839 1014 886 tacitae
1047 855 1262 903 quoque
1294 838 1567 902 cogitatio-

227 932 322 964 nes
347 918 404 963 in
428 926 660 964 mentem
682 925 1034 963 revertuntur.
1115 917 1252 963 Nata
1283 913 1354 961 est
1384 914 1566 978 igitur,

156 1006 206 1044 ²8
228 1002 289 1042 ut
319 994 378 1041 in
410 988 706 1059 plerisque,
746 1008 828 1041 ars
864 991 926 1039 ab
962 992 1336 1057 experimento.
1427 993 1568 1039 Loca

420 1134 608 1170 taciturus.
642 1134 774 1170 Turio.
799 1135 942 1169 tacitus.
965 1135 1089 1170 Modo
1110 1134 1213 1170 Flor.
1232 1132 1448 1182 Tyndariis,
1469 1132 1565 1168 item

226 1190 308 1239 ipsa
330 1203 402 1239 pro
427 1189 502 1237 ipse
526 1203 613 1224 cum
637 1190 764 1225 Guelf.
790 1201 825 1224 et
849 1203 942 1224 mox
956 1190 1019 1237 sui
1039 1203 1110 1238 pro
1122 1190 1206 1238 sua.

317 1257 379 1289 17.
410 1247 623 1281 Simonidis.
653 1245 756 1280 Flor.
789 1247 960 1286 Simonis,
985 1259 1003 1279 a
1026 1246 1092 1281 sec.
1116 1259 1167 1280 m.
1201 1247 1421 1286 Simonides,
1455 1255 1493 1279 et
1514 1245 1565 1279 sic

228 1302 357 1338 Guelf.
391 1314 478 1336 curn
513 1303 611 1339 Jens.
635 1302 768 1336 Locat·
802 1312 838 1336 et
866 1301 1020 1349 posteri.
1044 1312 1128 1337 ante
1152 1301 1241 1336 Ald.
1462 1309 1568 1336 nota-

229 1368 318 1394 tum.
351 1357 484 1393 Turic-
516 1356 644 1392 Guelf.
674 1359 820 1393 notavit
851 1371 940 1393 cum
971 1358 1069 1396 Jens.
1102 1369 1138 1393 et
1174 1357 1258 1392 edd.
1289 1357 1445 1405 posterr.
1480 1368 1566 1392 ante

224 1416 313 1450 Ald.
342 1415 468 1450 notari
499 1415 629 1461 Camp.
655 1427 743 1448 cnm
766 1414 883 1450 Goth.
908 1415 1010 1451 Vols.
1035 1424 1070 1449 2.
1102 1416 1248 1450 notavit
1269 1423 1309 1448 ut
1331 1413 1426 1449 Obr.
1483 1414 1566 1449 No·

223 1471 341 1507 strum
366 1470 414 1506 est
434 1470 476 1504 in
497 1470 595 1507 Van.
619 1481 656 1505 et
675 1470 777 1506 Flor.
804 1484 961 1518 quoque
984 1473 1044 1517 (ut
1067 1469 1258 1519 videtur).
1472 1471 1566 1505 loca.

223 1529 364 1578 aliqua.
388 1527 492 1563 Flor.
516 1527 598 1561 loco
622 1527 761 1573 aliqua.
788 1527 915 1561 Guelf.
946 1529 1039 1562 Exc.
1062 1529 1213 1561 Samen.
1240 1528 1321 1561 loco
1351 1526 1396 1561 cle
1425 1527 1562 1574 alique.

394 1584 441 1618 ab
472 1585 735 1630 experimento.
765 1583 899 1618 Tui'ic.
931 1583 1026 1618 abae
1047 1585 1294 1631 experimenti,
1318 1593 1354 1618 et
1375 1583 1565 1618 continuo

222 1640 328 1676 idem
354 1639 438 1676 loci.

220 1764 299 1789 rat:
322 1764 448 1801 neque
469 1750 626 1792 enimsi
646 1751 864 1788 famaillius

219 1810 310 1845 facti
331 1810 426 1844 vivo
446 1809 523 1854 jam
542 1816 654 1855 poeta
668 1809 863 1855 viguiffet‚

218 1876 370 1914 poterat
385 1878 463 1900 non
477 1863 777 1911 frequentissima
793 1867 864 1900 effe

222 1924 303 1969 ejus
323 1922 424 1969 apud
443 1921 566 1968 ipsum
586 1921 747 1955 mentio.
781 1922 865 1957 Post

218 1979 294 2014 fata
314 1990 544 2026 magnorum
567 1977 744 2011 virorum
775 1978 863 2012 talia

219 2036 267 2071 de
289 2035 336 2070 iis
354 2034 502 2069 narrari
519 2032 650 2068 [olent.
678 2033 862 2070 Dukerus

218 2094 261 2127 in
285 2090 543 2126 differtatione
572 2089 692 2124 modo
717 2103 863 2126 memo-

217 2160 296 2183 rata
316 2160 352 2195 p.
371 2156 460 2181 102.
476 2154 513 2189 5.
539 2145 677 2179 famam
694 2146 739 2181 de
756 2147 861 2193 Tyn-

217 2205 362 2239 daridis
412 2202 664 2238 evocantibus
704 2210 859 2250 poetam

216 2262 298 2309 ipso
335 2261 492 2294 demum
534 2268 693 2293 mortuo
732 2270 859 2293 natam

215 2317 447 2365 suspicatur,
489 2315 624 2349 eodem
638 2340 648 2354 ‚
681 2327 759 2361 qno
792 2314 858 2349 hic

213 2373 368 2413 Fabius,
383 2371 525 2406 silentii
538 2381 765 2418 argumento
778 2372 856 2416 jam

213 2440 320 2464 antea
348 2431 402 2475 (p.
426 2429 511 2474 70.)
537 2428 623 2462 usus
644 2426 685 2460 in
708 2426 856 2461 elevan-

213 2486 258 2519 da
282 2485 447 2519 Phaedri
466 2484 544 2518 fide
558 2507 567 2521 ‚
600 2483 668 2530 qui
689 2481 855 2517 celeber-

212 2542 351 2575 rimam
383 2543 508 2574 omnia
532 2539 603 2588 sua
622 2538 744 2586 secum
772 2552 855 2585 por-

213 2600 328 2634 tantis
349 2609 486 2632 vocem
503 2595 699 2632 Simonidi
717 2595 857 2630 tribuit

217 2653 332 2688 Fabb.
355 2662 393 2699 4,
421 2663 485 2686 21.

277 2719 342 2753 17.
371 2710 524 2746 credere.
559 2708 699 2744 Suadet
718 2707 853 2743 Gesne-

919 1765 986 1788 rus
1009 1751 1147 1799 reponi
1173 1752 1305 1787 credet.
1339 1749 1561 1787 Obrechtus

920 1809 1041 1843 nimia
1065 1808 1254 1842 ductuum
1278 1809 1448 1856 ipsorum
1471 1821 1562 1842 cura
1595 1851 1609 1861 l

919 1864 1078 1899 refinxit
1117 1865 1236 1899 credet
1274 1874 1330 1904 εἰς
1380 1863 1561 1899 Rollinus

921 1921 1181 1966 adjiciendum
1209 1921 1335 1956 nostro
1363 1931 1473 1968 putat
1494 1933 1561 1968 po·

921 1975 1011 2024 teJk3
1042 1988 1078 2012 et
1097 1977 1173 2012 hoc
1190 1977 1340 2012 fortasse
1354 1978 1560 2025 optimum,

920 2034 948 2067 fi
985 2034 1067 2080 post
1101 2036 1347 2081 experimento
1383 2032 1561 2069 excidiffe

922 2089 1084 2124 dicatur.

977 2144 1060 2192 post
1077 2153 1227 2193 tempus.
1251 2144 1276 2178 i.
1297 2146 1380 2193 post
1398 2144 1559 2194 aliquod

920 2212 1082 2249 tempus,
1102 2201 1218 2249 paulo
1240 2200 1418 2249 longiore
1440 2203 1558 2236 inter-

914 2257 1016 2303 jecto
1039 2268 1222 2305 tempore.
1276 2259 1380 2292 Haec
1403 2258 1558 2293 dicendi

914 2313 1038 2348 forma
1060 2314 1177 2359 hujus
1197 2313 1354 2348 videtur
1373 2314 1482 2349 fuiffe
1498 2328 1555 2349 ae·

915 2370 1020 2409 tatis,
1054 2381 1090 2404 et
1119 2369 1264 2417 legitur
1292 2371 1394 2418 apud
1414 2372 1553 2420 ipsum,

913 2425 1100 2466 simodo,
1133 2426 1301 2460 nostrum
1322 2426 1432 2462 Decl.
1457 2435 1551 2474 289.

912 2494 950 2528 p.
978 2489 1066 2528 145.
1099 2482 1168 2517 ubi
1189 2482 1278 2516 vide
1295 2485 1426 2518 Burm.
1453 2494 1496 2518 ut
1517 2493 1554 2519 et

915 2537 959 2571 ad
979 2539 1089 2572 Deci.
1114 2545 1205 2582 333.
1233 2552 1270 2586 p.
1287 2546 1379 2587 789.
1401 2541 1495 2575 item
1510 2539 1557 2574 ad

914 2595 944 2628 I.
969 2594 1016 2629 Ο.
1046 2606 1106 2632 12,
1130 2604 1166 2637 3,
1190 2603 1227 2636 5.

979 2659 1038 2694 ιδ.
1079 2651 1185 2685 Loca
1215 2650 1366 2699 dzscunt.
1418 2654 1554 2687 Fateor

912 2707 1060 2742 offendi
1086 2720 1148 2742 me
1175 2708 1218 2742 in
1244 2708 1350 2745 hisce
1370 2721 1466 2757 quae
1496 2709 1552 2744 di·
