1779 3062
355 131 517 179 INST.
553 131 832 179 ORATOR.
868 134 990 179 LIB.
1027 134 1138 191 XII,
1166 148 1244 181 10.
1388 134 1483 198 655

146 255 295 324 quod
334 258 516 324 plures
560 259 895 310 eruditorum
938 261 1093 310 aliam
1138 261 1235 311 effe
1271 261 1488 323 dicendi

130 335 430 412 rationem,
466 337 620 386 aliam
647 335 910 387 scribendi
940 348 1293 405 putaverunt:
1335 341 1487 390 ideo-

143 429 252 477 que
281 414 341 461 111
372 413 576 478 agendo
608 412 910 465 clarissimos
940 417 1199 482 quosdam
1222 418 1361 466 nihil
1387 436 1485 485 po-

142 488 361 539 steritati
393 489 758 556 mansurisque
800 511 928 542 mox
962 494 1151 544 litteris
1191 493 1485 559 reliquiffe,

141 577 204 616 ut
240 567 515 626 Periclem,
557 578 619 617 ut
656 568 960 618 Demaden.-
1035 571 1216 622 rursus
1252 573 1382 622 alios
1417 571 1485 620 ad

141 644 579 712 componendum
641 646 902 712 optimos,
991 649 1286 699 actionibus
1365 648 1483 698 ido-

139 739 269 773 neos
302 740 414 773 non
456 720 633 781 fuisse,
673 733 734 772 ut
773 719 1082 796 Isocratem.-
1119 737 1384 794 praeterea
1422 727 1481 775 in
1512 744 1559 783 50

140 800 344 866 agendo
382 801 505 866 plus
552 801 813 866 impetum
856 800 996 867 poffe
1029 804 1380 870 plerumque,
1430 814 1483 852 et

138 1002 208 1028 ret.
324 1003 396 1040 quo
415 990 538 1038 plures
557 991 663 1027 Voff.
694 999 729 1024 2.
849 991 1028 1041 mansuris
1049 1008 1141 1043 quae
1164 996 1296 1043 Camp.
1442 1003 1483 1029 ut:

138 1047 339 1083 Demaden.
413 1046 475 1082 Sic
507 1048 640 1083 Turio.
671 1047 771 1082 Flos.
807 1048 933 1085 Guelf.
972 1050 1105 1101 Camp.
1141 1049 1244 1100 (nisi
1271 1050 1377 1098 quod
1405 1050 1485 1086 duo

135 1101 487 1153 postremi—em).
507 1113 544 1140 et
565 1105 766 1141 Demadem
792 1106 948 1154 reliqui.
1184 1108 1337 1156 optimis
1351 1107 1484 1144 Turio.

138 1160 266 1198 Guelf.

254 1272 318 1308 50.
382 1263 686 1314 impetum'poffe
715 1265 939 1315 plerumque.
999 1266 1062 1302 Sic
1097 1267 1228 1315 Camp.
1262 1266 1359 1305 Obr.
1419 1270 1485 1303 im-

134 1331 263 1371 petum
283 1323 425 1372 plerum
451 1322 584 1358 Turic.
607 1321 735 1358 Guelf.
795 1325 972 1370 impetum
988 1323 1200 1373 plerumque
1218 1323 1321 1359 Flor.
1335 1337 1366 1360 c.
1379 1324 1482 1361 Alm.

135 1379 241 1418 Voss'.
266 1390 302 1416 2.
335 1380 453 1416 Goth.
478 1379 577 1417 Jens.
601 1390 637 1416 et
659 1379 744 1415 edd.
775 1379 870 1428 Post·
891 1391 975 1415 ante
997 1379 1084 1417 Ald.
1109 1392 1185 1416 acc.
1210 1381 1303 1417 Bad.
1366 1383 1481 1431 impe·

135 1445 196 1471 tus
212 1437 266 1486 pl.
287 1436 374 1472 Ald.
401 1436 512 1472 Bam.
576 1438 732 1485 impetus
763 1434 865 1485 poffe
895 1437 948 1485 pl.
980 1435 1138 1486 reliqui.
1203 1438 1327 1474 Manu
1352 1451 1480 1474 exara-

135 1503 269 1529 torum
302 1495 372 1542 qui
397 1494 556 1543 quidem
589 1493 724 1529 diserte
753 1504 1022 1529 memorantur
1046 1493 1227 1529 codicum
1252 1495 1436 1545 [criptura
1459 1509 1480 1531 a

135 1551 260 1586 Badio
296 1551 512 1599 explicatur
545 1549 810 1586 subaudiendo
843 1551 967 1586 verbo
988 1550 1139 1598 facere.-
1196 1550 1321 1599 qualis
1351 1563 1482 1588 tamen

136 1608 289 1643 omiffio
313 1621 392 1643 non
414 1607 509 1655 sapit
527 1606 648 1642 nostri
671 1606 820 1643 stilum:
879 1606 1020 1642 Aldina
1048 1607 1241 1642 manifesta
1273 1608 1323 1643 est
1354 1621 1482 1643 corre-

134 1665 300 1706 ctionis,
337 1676 377 1700 ut
407 1667 563 1712 impetus
593 1664 639 1698 Iit
667 1664 865 1712 genitivus
897 1663 1226 1712 subaudiaturque
1256 1661 1351 1714 effe.-
1381 1663 1484 1700 malo

132 1722 332 1774 profecto:
365 1722 427 1757 sed
449 1721 543 1755 hinc
563 1731 718 1767 apparet
734 1720 995 1756 recentiorem
1016 1721 1265 1768 scripturam,
1297 1722 1356 1757 uti
1378 1734 1484 1757 nune

135 1779 295 1830 quidem
309 1778 370 1818 est,
382 1773 460 1813 non
475 1777 544 1812 effe
558 1790 577 1812 e
595 1777 749 1812 codice:
774 1790 862 1811 nam
878 1776 1043 1811 verbum
1062 1775 1166 1825 poffe
1186 1777 1289 1813 unde
1310 1777 1412 1813 unde
1425 1788 1484 1813 ac·-

136 1846 293 1885 ceptum
329 1834 514 1869 insertum
545 1833 622 1868 fuit
644 1833 686 1868 in
717 1834 942 1882 scripturam
971 1831 1152 1867 Aldinam
1184 1833 1238 1868 ita
1259 1844 1302 1869 ut
1325 1837 1486 1882 impetus

135 1893 251 1929 fieret
272 1889 447 1940 pluralis.
507 1889 779 1925 Restituendus
800 1890 931 1938 itaque
956 1899 1036 1925 erat
1059 1889 1196 1937 utique
1216 1889 1432 1939 singularis,
1445 1901 1485 1927 et:

135 1950 188 1986 fic
207 1948 354 1996 ambigi
373 1957 533 1996 poterat,
549 1946 656 1995 quod
672 1946 839 1983 verbum
862 1956 899 1981 et
919 1945 990 1981 ubi
1008 1946 1253 1981 inserendum
1266 1947 1367 1983 effet.
1378 1947 1485 1983 Nam

137 2005 388 2056 Qaldingius
407 2006 450 2041 ‘m
471 2004 534 2039 sua
556 2003 742 2054 Campani
764 2000 974 2039 collatiOne
996 2001 1097 2038 illud
1124 2001 1227 2052 poffe
1241 2016 1323 2039 non
1344 2003 1485 2039 diserte

133 2062 287 2114 posuit,
317 2061 379 2097 sed
407 2060 532 2111 posito
565 2061 688 2096 verbo
720 2062 897 2110 impetum
927 2058 973 2094 de
1005 2059 1207 2095 omiffione
1236 2061 1351 2097 verbi
1378 2059 1484 2110 poffe

134 2120 197 2156 nil
219 2119 386 2156 monuit.
446 2117 520 2154 Sed
550 2117 829 2154 confidendum
858 2116 984 2153 censui
1009 2118 1092 2164 ejus
1124 2115 1360 2165 diligentiae,
1392 2130 1484 2166 qua-

134 2177 215 2214 lem
236 2177 350 2213 toties
374 2175 557 2224 cognovi.
619 2175 714 2210 Non
733 2175 857 2223 igitur
885 2189 904 2210 e
926 2172 1140 2215 Gallanffii,
1172 2185 1217 2210 ut
1241 2174 1400 2210 forsitan
1423 2173 1483 2209 su-

134 2234 305 2284 spiceris,
328 2233 562 2280 conjectura,
583 2231 645 2268 sed
660 2244 708 2268 ex
727 2230 841 2269 libris
864 2231 1084 2268 derivatum
1103 2230 1208 2266 mihi
1229 2231 1387 2282 quidem
1404 2230 1485 2267 hoo

194 2429 294 2452 mox.
327 2415 446 2451 Uncis
474 2414 679 2454 incluserat
695 2417 780 2454 Ges·
908 2414 1109 2452 Demaden.
1172 2412 1266 2454 Vid.
1299 2420 1346 2454 2,
1409 2421 1483 2457 17,

137 2488 236 2516 nei-,3
268 2472 375 2522 quod
402 2483 506 2508 recte
525 2474 719 2522 improbat
738 2475 782 2509 in
843 2482 905 2518 ²5·

137 2531 285 2568 schedis
307 2528 435 2578 Spald.
456 2528 635 2579 illudque
660 2530 781 2581 expli·
1383 2577 1387 2580 ι

137 2599 197 2624 cat
217 2601 287 2638 per
308 2587 518 2635 ,.deinceps‚
547 2587 586 2623 h.
613 2600 646 2625 e.
677 2589 778 2638 post·
895 2594 962 2632 50.
1023 2590 1200 2638 impetum
1238 2583 1352 2637 poffe.
1394 2583 1476 2623 vid.

133 2657 280 2695 „quam
311 2644 575 2682 detonuerunt
600 2645 720 2698 verba
740 2656 780 2683 et
836 2656 920 2683 not.
945 2645 1029 2682 crit.

136 2706 321 2744 ..voces-‘⁶
