1779 3062
193 124 296 175 424

516 113 592 159 M.
629 101 764 159 ΕΑΒ.
800 113 1216 175 QUINTILIANI

194 242 355 297 bitus,
396 241 491 303 qui
518 238 616 289 effe
639 241 697 288 in
721 238 898 289 statuis
928 239 1403 306 pacificatorsolet,
1429 239 1558 304 qui,

193 318 451 366 inclinato
485 319 545 366 in
578 318 870 366 humerum
900 315 1144 369 dextrum
1187 318 1381 382 capite,
1425 317 1546 364 bra-

197 395 320 443 chio
346 394 409 441 ab
433 410 558 443 aure
579 392 846 461 protenso,
885 411 1102 443 manum
1128 393 1320 443 infesto
1347 394 1544 459 pollice

197 470 460 520 extendit:
504 473 601 537 qui
631 470 852 537 quidem
881 472 1108 520 maxime
1129 473 1300 538 placet
1322 472 1408 529 iis,
1450 471 1547 535 qui

201 615 336 663 Camp.
361 614 445 652 Am..
475 615 608 664 inferte
630 616 764 652 Ambr.
790 626 824 652 2.
855 616 1004 651 omittit
1022 615 1156 650 Turio.
1179 623 1314 660 potens
1354 627 1376 648 o
1399 626 1549 647 manum

201 669 332 719 infcste
351 673 480 720 pollici
498 673 596 711 Jens.
621 672 712 716 (tac.
730 673 987 718 Ges11.)Ta1·v.
1014 671 1122 708 Voss.
1138 679 1175 712 3.
1199 670 1394 718 protendit
1413 669 1547 704 Turio.

200 728 306 763 Flor.
340 729 473 778 Camp.
505 742 592 764 cum
622 728 721 766 Alm.
752 730 936 780 placentis
967 729 1030 779 qui
1060 726 1196 762 Turic.
1221 725 1326 762 Flor.
1348 725 1484 784 Ambii.
1509 735 1547 761 2.

204 784 335 820 Guelf.
361 798 450 821 cum
472 786 575 826 Vols·
600 796 638 830 5.

201 909 304 950 „bus
341 910 447 958 tangi
478 910 653 946 memini.
670 916 694 931 ‘⁶
741 911 848 945 Haec

203 979 294 1001 cum
323 980 342 1000 a
375 967 603 1015 Spaldingio
633 967 700 1002 hic
730 968 848 1002 adno-

202 1033 279 1058 tata
306 1024 540 1070 reperissem,
575 1023 717 1058 artium
751 1023 848 1058 anti-

203 1092 368 1127 quarum
391 1080 537 1126 peritos
562 1080 653 1114 adii.
705 1079 779 1114 Sed
802 1093 850 1113 ne

201 1134 249 1171 hi
271 1135 429 1184 quidem
461 1136 551 1171 talia
577 1137 618 1170 in
641 1135 767 1170 statuis
790 1135 851 1170 vi-

203 1193 295 1227 dere
318 1192 352 1225 se
383 1193 653 1226 meminerant.
716 1191 854 1225 lVIone-

202 1248 297 1283 bant
320 1258 448 1282 tamen
468 1248 588 1281 iidem
611 1247 656 1281 de
679 1259 854 1281 commu·

203 1305 248 1338 ni
266 1302 335 1337 illa
357 1303 611 1351 antiquorum
640 1304 855 1350 signorum,

204 1359 373 1395 maxime
418 1360 461 1394 in
503 1359 708 1399 manibus,
758 1358 855 1398 labe,

205 1430 303 1464 quae
328 1415 451 1450 multa
472 1415 589 1462 hujus
615 1415 767 1464 generis
787 1427 857 1449 no-

204 1473 267 1509 bis
298 1472 457 1509 invidit.
530 1474 629 1508 Sunt
658 1482 787 1512 autem
813 1471 857 1505 in

206 1529 398 1576 scriptura
427 1529 543 1564 etiam
576 1528 763 1576 quaedam
787 1526 857 1562 ob-

206 1587 363 1620 servatu
393 1585 523 1632 digna.
574 1581 751 1631 Infestum
770 1583 857 1631 pol-

205 1642 313 1675 licem
337 1640 546 1688 aliquoties
567 1640 733 1688 legimus
748 1667 758 1680 ‚
790 1652 857 1674 ne-

206 1710 285 1746 que
317 1697 491 1733 dubitari
516 1698 658 1745 potest,
691 1696 787 1743 quin
811 1708 857 1730 ex

207 1766 250 1788 se
276 1753 508 1801 gladiatoria
529 1752 708 1788 translata
730 1753 778 1786 sit
798 1751 857 1785 lo-

208 1810 333 1846 cutio.
385 1810 476 1847 Vid.
515 1819 671 1858 poetam
712 1820 858 1854 anony-

207 1878 318 1900 :mum
337 1866 381 1900 in
402 1865 616 1913 Antholog.
636 1866 770 1899 Burni.
789 1862 857 1900 lib.

207 1930 247 1965 5.
273 1935 388 1956 carin.
410 1927 475 1965 82.
502 1935 541 1957 V.
565 1928 629 1965 23.
670 1922 802 1967 Sperat
825 1929 862 1955 el:

209 1980 247 2013 in
273 1977 392 2027 saeva
423 1979 538 2013 victus
567 1979 758 2025 gladiator
780 1989 860 2010 are-

209 2048 282 2075 na,
317 2035 373 2069 Sit
415 2034 500 2068 licet
538 2034 675 2068 infesto
716 2032 859 2080 pollice

211 2091 320 2127 turba
344 2092 481 2126 minax.
527 2090 629 2125 Hinc
650 2090 785 2138 pollex
806 2090 861 2124 ita

211 2148 500 2188 conformatus,
542 2146 655 2181 etiam
678 2146 749 2181 ubi
771 2145 862 2180 miti

210 2204 375 2251 negotio
399 2202 615 2242 infers-iret,
639 2202 716 2237 hoc
733 2213 861 2237 tamen

213 2260 420 2308 epitheton
459 2258 635 2294 retinuit.
716 2261 868 2306 Spectat

216 2327 346 2354 autem
370 2315 447 2350 huc
466 2315 634 2350 maxime
654 2314 765 2350 locus
794 2316 867 2362 Ap-

215 2372 344 2421 puleji
362 2373 520 2407 Metam.
538 2383 574 2408 2.
595 2385 634 2420 p.
653 2376 742 2417 124.
765 2370 867 2406 Elm.

222 2433 314 2473 142.
340 2428 521 2464 Oudend.
555 2428 869 2469 „-sube1·ectus

218 2484 289 2524 „in
312 2495 443 2520 torum
473 2484 645 2534 porrigit
675 2485 870 2519 dexteram

221 2550 291 2581 „et
306 2542 355 2575 ad
377 2538 489 2588 instar
503 2550 694 2577 oratorum
719 2539 873 2575 confor-

222 2608 330 2636 ,3mat
365 2597 573 2634 articulum
588 2623 597 2636 ‚
638 2597 871 2644 duobusque

222 2652 399 2692 „infimis
418 2653 609 2691 conclusis
622 2653 755 2703 digitis
773 2662 871 2688 cete-

906 923 997 952 „ros
1033 911 1244 945 eminentes
1275 908 1482 958 porrigens
1516 917 1556 943 et

906 964 1066 1015 „infesto
1138 967 1275 1013 pollice
1344 964 1556 1000 elementer

907 1023 1135 1065 „subridens
1168 1023 1298 1057 infit.“
1357 1021 1432 1057 Cui
1463 1020 1554 1055 loco

908 1090 1010 1115 recte
1034 1079 1268 1114 admovetur
1299 1077 1368 1113 ille
1390 1076 1556 1125 Fulgen-

910 1137 957 1171 tii
977 1135 1189 1170 Planciadis
1203 1135 1250 1169 de
1272 1134 1429 1170 Contin.
1443 1134 1557 1181 Virg-

911 1205 949 1239 p.
982 1197 1071 1234 143.
1118 1190 1287 1226 Munblz.'
1318 1195 1411 1233 742.
1453 1192 1556 1226 Stav.

912 1249 1075 1293 „Itaque
1095 1247 1331 1293 compositus
1348 1245 1390 1279 in
1403 1245 1561 1280 dicendi

913 1302 1118 1344 „moduim
1141 1302 1276 1337 erectis
1297 1302 1340 1336 in
1360 1301 1441 1337 iota
1462 1302 1560 1336 duo-

914 1360 1013 1400 „bus
1046 1358 1179 1406 digitis
1207 1358 1366 1393 tertium
1386 1358 1563 1406 pollicem

917 1417 1197 1463 ,‚comprimens‚
1221 1414 1276 1449 ita
1295 1415 1427 1450 verbis
1449 1426 1561 1449 exor-

913 1473 1002 1513 „sus
1037 1471 1136 1506 est.“
1188 1472 1314 1518 Quem
1334 1470 1469 1506 locum
1490 1470 1561 1505 du-

914 1526 1085 1564 riuscule
1109 1528 1288 1563 tractavit
1302 1528 1488 1563 Gesnerus
1500 1526 1564 1574 (in

913 1585 1009 1619 Lex.
1037 1597 1076 1619 v.
1111 1584 1274 1628 Pollex).
1323 1584 1427 1619 Nam
1466 1597 1564 1619 com-

913 1642 1071 1688 primere
1096 1652 1143 1675 ex
1162 1640 1204 1675 Vi
1227 1640 1303 1688 ipsa
1326 1640 1437 1675 vocis
1459 1638 1564 1674 nihil

915 1696 1024 1735 aliud
1052 1697 1124 1736 est,
1176 1709 1291 1743 quam
1323 1697 1377 1731 ita
1413 1706 1565 1731 contra·

915 1752 1010 1787 here
1033 1752 1216 1800 digitum,
1242 1763 1286 1787 ut
1305 1752 1566 1787 articulorum

918 1808 1052 1843 tubera
1073 1808 1334 1856 promineant.
1367 1808 1480 1843 Unde
1492 1807 1566 1842 ela·

916 1864 1060 1900 riffime
1069 1865 1143 1910 jam
1157 1876 1326 1913 apparet,
1340 1864 1437 1912 quid
1447 1864 1567 1901 fuerit

916 1921 1046 1970 pollex
1077 1918 1238 1968 infestus.
1298 1918 1378 1968 Qui
1408 1932 1496 1956 cum
1522 1922 1567 1956 in

918 1977 1106 2012 leniffima
1161 1988 1362 2012 oratorum
1414 1972 1568 2012 actione

921 2033 1066 2069 ostendi
1095 2032 1226 2067 solitus
1257 2033 1400 2075 fuerit,
1439 2033 1567 2069 multo

918 2089 1050 2124 minus
1071 2090 1217 2123 mirum
1230 2115 1241 2129 ‚
1273 2090 1437 2125 eundem
1457 2089 1570 2125 fuisse

919 2146 962 2181 in
991 2145 1132 2181 habitu
1172 2145 1433 2192 pacificatoris
1464 2145 1504 2182 h.
1535 2159 1569 2181 e.

926 2201 1196 2249 componentis
1259 2202 1322 2236 sua
1382 2201 1572 2250 gravitate

926 2258 1056 2293 turbas
1076 2256 1285 2306 populares
1306 2258 1386 2292 viri
1406 2258 1572 2304 alicujus

927 2313 991 2351 vel
1017 2313 1205 2362 principis
1234 2313 1300 2349 vel
1330 2314 1461 2355 ducis,
1503 2313 1575 2362 qui

927 2382 1072 2406 terrere
1103 2370 1218 2405 etiam
1241 2370 1364 2406 malos
1394 2371 1569 2407 debebat.

926 2428 978 2462 Et
1007 2427 1083 2462 hoc
1113 2427 1238 2474 igitur
1271 2426 1426 2463 aliunde
1455 2427 1573 2462 nobis

927 2484 1110 2531 ignotum
1134 2483 1314 2518 discimus
1337 2497 1383 2519 ex
1403 2485 1474 2519 hac
1493 2483 1573 2531 ipsa

929 2539 1165 2586 Quintiliani
1219 2538 1430 2581 relatione;
1503 2538 1574 2585 qui.

930 2596 1095 2631 eundem
1134 2596 1176 2630 in
1211 2598 1431 2633 oratoribus
1461 2593 1573 2630 habi-

931 2663 1015 2688 tum
1038 2664 1080 2689 ut
1100 2652 1218 2693 nimis
1238 2664 1479 2702 arrogantem
1497 2650 1573 2686 im-
