1779 3062
381 179 546 225 INST.
587 177 867 227 ORATOR.
906 182 1029 226 LIB.
1064 182 1164 239 XL*
1191 195 1237 238 3.
1387 189 1487 240 425

46 307 186 357 ¹025se
213 306 388 355 dicere
396 300 618 377 sublata
649 324 802 354 manu
826 312 1031 369 jactant.
1112 308 1566 371 Adjiciaslicet120

135 401 249 442 eos,
299 384 394 448 qui.
422 381 702 431 sententias
740 385 1009 434 vibrantes
1042 386 1223 453 digitis
1256 388 1491 448 jaculari·
1556 399 1561 402 ’

133 473 238 520 tur,
277 471 369 509 aut
400 477 567 508 manu
586 458 789 508 sublata
811 459 1155 522 denunciant,
1196 475 1302 522 aut,
1343 463 1492 529 quod.

133 556 231 606 per
275 537 326 586 se
361 538 580 587 interim
619 538 990 604 recipiendum
1025 540 1124 600 est,
1159 543 1369 606 quoties
1399 543 1493 590 ali-

226 693 318 720 120.
348 684 527 729 Adjicias.
559 683 693 719 Turic.
715 682 819 719 Flor.
843 682 978 718 Ambr.
998 694 1033 720 2.
1063 685 1191 721 Guelf.
1215 684 1299 728 (hic
1332 686 1495 734 quidem

138 735 194 794 ce)
218 742 361 776 adiciat
391 754 481 775 cum
502 739 605 777 Alm.
628 741 876 788 (quanquam
906 740 972 774 hic
995 742 1146 790 duplici
1165 741 1213 790 Ι)
1234 753 1271 777 et
1291 743 1375 777 edd.
1408 755 1495 778 ante

136 798 228 833 Ald2
257 810 337 834 exc.
370 799 505 846 Camp.
538 798 609 846 qui
639 798 845 842 Adjiciant.
890 797 989 832 Mox
1019 799 1198 834 vibrantis
1227 800 1361 834 Turic-
1390 801 1495 835 Flor-

140 867 230 890 cum
251 853 354 890 Alm.
386 853 548 902 Reliqui
579 854 746 890 vibratis.
799 854 873 889 Sed
904 854 996 889 dicit
1033 855 1164 891 Turica
1197 854 1264 891 dic*
1289 855 1393 891 Flor.
1421 869 1496 904 pro

141 912 280 959 digitis.
330 910 487 946 Deinde
517 920 557 946 ut
582 925 693 945 manu
721 911 857 949 Turio,
890 910 995 946 flor.
1027 911 1155 947 Guelf.
1180 912 1334 961 sublata
1363 913 1496 948 Turic.

141 968 379 1002 denuncianci
414 967 549 1002 Turio.
584 967 689 1002 Flor.
722 981 811 1002 cum
845 967 948 1004 Alm.
1003 971 1136 1016 unguis
1164 970 1268 1004 Flor.
1300 970 1435 1005 Ambr.
1459 979 1498 1004 2.

141 1026 309 1074 quatiens
341 1022 472 1060 Guelf.
500 1025 650 1073 ungulis
675 1025 808 1075 Camp.
840 1027 1033 1074 erigantur
1065 1025 1199 1061 Turic.
1223 1025 1328 1062 Flor.
1360 1027 1495 1074 Camp.

1453 1154 1501 1188 In

844 1209 1050 1253 jaculando
1082 1209 1249 1245 remittit
1270 1223 1341 1245 nos
1364 1211 1499 1246 Burm.

141 1147 315 1198 probaffe
338 1148 793 1186 videtur.—Audacior
849 1153 1007 1188 Petron.
1042 1164 1073 1188 c.
1102 1158 1165 1195 47.
1200 1163 1392 1188 annotata.

143 1215 270 1241 autem
305 1205 443 1253 utique
471 1220 585 1254 quam
613 1221 686 1255 pro
719 1219 791 1242 no-

143 1262 211 1297 stri
243 1275 352 1298 more
374 1261 526 1298 locutio
551 1264 698 1299 habitus
722 1278 792 1312 pa·

144 1318 338 1366 cificator:
370 1333 457 1353 nam
480 1319 546 1354 illa
578 1321 624 1355 de
648 1321 792 1355 auima-

146 1374 274 1418 libus,
305 1376 371 1411 bos
394 1380 550 1416 aratom
581 1390 693 1427 equus
717 1377 792 1411 bel-

146 1432 267 1474 lator,
300 1447 397 1481 quae
423 1432 490 1468 vel
517 1434 593 1482 ipsa
619 1435 661 1469 in
682 1434 791 1482 prosa

149 1490 327 1525 oratione
385 1503 469 1525 rara
528 1492 614 1526 sunt
680 1490 792 1535 (vid.

146 1545 323 1582 Broukh.
351 1547 398 1582 ad
427 1546 516 1582 Tib.
541 1561 576 1588 1,
604 1561 665 1588 11,
691 1547 792 1595 46.)

146 1616 227 1638 non
249 1603 421 1650 ejusdem
443 1603 554 1651 plane
576 1605 661 1639 sunt
679 1616 794 1652 gene·

147 1660 214 1696 ris.
273 1661 420 1694 Tamen
450 1661 667 1708 appositum
693 1658 795 1694 illud

148 1716 192 1751 in
221 1717 445 1765 genitivum
480 1717 653 1765 aliquem
682 1715 795 1751 defle—

150 1783 252 1809 ctere
278 1775 432 1815 conari,
465 1774 648 1810 audacius
679 1773 797 1809 etiam

152 1830 242 1866 esset
290 1831 334 1866 in
390 1830 515 1866 noftra
566 1831 797 1866 criticorum

152 1899 269 1934 quam
295 1886 398 1922 illud
437 1887 481 1921 in
517 1888 681 1923 oratoris
711 1900 798 1934 per-

151 1944 252 1978 sona.
282 1963 339 1971 —
377 1944 562 1991 Denique
579 1957 801 1992 pronomen

152 1999 365 2037 relativum
389 2011 447 2035 ter
476 1999 542 2034 hic
566 2001 735 2049 positum
758 2000 802 2035 in

156 2071 238 2092 uno
268 2059 371 2094 sensu
392 2058 525 2092 minus
544 2057 578 2092 se
597 2057 640 2092 in
659 2058 802 2098 nostro,

159 2115 230 2163 qui
253 2115 289 2150 ei
321 2115 424 2151 vitio
454 2126 526 2148 nos
557 2113 804 2154 assuefecerit,

158 2172 325 2219 gravari,
339 2170 590 2221 Spaldingius
610 2172 675 2207 ait.
702 2173 807 2208 Nam

155 2227 253 2264 haec
284 2230 415 2264 onmia
448 2227 492 2263 ab
533 2227 605 2264 illo
635 2230 683 2265 ad
711 2229 751 2263 h.
779 2228 806 2264 l.

159 2297 383 2334 praeparata
428 2296 558 2320 erant:
625 2297 809 2322 executus

162 2342 242 2377 sum
268 2355 363 2390 ego:
400 2341 508 2391 quod
537 2342 628 2378 ideo
646 2357 810 2379 monen-

164 2398 259 2434 dum
280 2409 381 2440 erat,
414 2412 484 2438 ne,
518 2398 547 2432 si
570 2400 665 2447 quid
683 2400 725 2435 in
748 2400 813 2435 his

165 2455 411 2490 commissum
434 2455 566 2496 fuerit,
596 2456 660 2492 illi
680 2458 812 2506 impu·

167 2522 283 2548 tetur.
307 2513 479 2548 Bna-TM.

215 2568 372 2619 sublata
395 2583 516 2605 manu.
551 2569 598 2605 ef.
623 2579 660 2612 2,
688 2580 750 2611 12,
763 2572 814 2615 ‘9-

229 2635 322 2661 120.
363 2624 569 2675 sententias
614 2628 815 2663 vibrantes.

171 2682 219 2718 cf.
249 2695 314 2724 ιο,
342 2698 374 2723 1,
395 2683 457 2718 Go.
493 2683 614 2719 Addit
632 2686 820 2719 Burman-

174 2752 249 2775 nus
272 2743 428 2777 Petron.
451 2753 483 2775 c.
500 2747 589 2786 ng.
623 2742 761 2791 suaque
776 2741 822 2776 ad

851 1265 897 1300 ad
921 1266 958 1305 6,
982 1274 1020 1309 5,
1043 1274 1106 1308 43.
1140 1277 1175 1313 9,
1201 1277 1238 1306 2,
1261 1277 1327 1314 79.

907 1321 1142 1356 denunciant.
1187 1323 1289 1358 Cave
1322 1323 1500 1359 accusati-

851 1390 917 1418 vo,
943 1379 1013 1426 qui
1033 1379 1239 1426 praecedit,
1261 1381 1399 1429 jungas
1423 1381 1503 1415 hoc

851 1435 1040 1476 verbmm
1075 1449 1171 1483 quae
1192 1436 1313 1471 nihili
1335 1438 1424 1473 effet
1442 1437 1503 1472 lo-

853 1492 973 1527 cutio.
1038 1494 1133 1527 Tam
1159 1493 1334 1528 consueta
1357 1506 1393 1530 et
1412 1506 1503 1543 pro-

851 1548 935 1596 pria
965 1548 1014 1583 est
1041 1548 1161 1595 hujus
1186 1549 1301 1584 verbi
1323 1564 1412 1586 cum
1433 1563 1504 1585 no-

853 1604 1029 1640 minibus
1050 1604 1172 1643 mala,
1202 1606 1397 1653 pericula,
1427 1608 1506 1642 iras

855 1671 892 1695 et
912 1660 1051 1697 similia
1077 1662 1389 1710 significantibus
1415 1675 1505 1699 con·

853 1717 1031 1764 junctio,
1060 1729 1103 1753 ut
1133 1733 1202 1768 per
1232 1720 1410 1756 [erolum
1440 1722 1507 1756 mi-

856 1775 994 1815 nandi,
1027 1775 1126 1810 mala
1151 1776 1400 1817 denunciandi
1421 1779 1506 1814 vim

856 1832 1057 1878 acceperit.
1100 1831 1188 1869 Vid.
1217 1833 1436 1884 Schulting.
1470 1846 1508 1871 et

856 1889 1070 1922 Burmann.
1097 1888 1144 1923 ad
1172 1890 1308 1936 Quint.
1328 1892 1440 1931 Decl.
1467 1899 1506 1937 8,

860 1957 898 1992 9.
933 1944 996 1978 Sic
1020 1945 1159 1981 Cicero
1174 1946 1217 1980 in
1237 1947 1354 1994 Epist.
1370 1949 1415 1983 ad
1426 1950 1505 1985 Att.

860 2001 930 2036 lib.
956 2012 992 2037 2.
1012 2001 1215 2049 postquam
1237 2014 1375 2052 ep.2o.
1400 2005 1509 2041 dixe-

861 2068 939 2093 rat:
992 2058 1146 2094 Clodius
1174 2060 1293 2095 adhuc
1324 2063 1416 2097 milti
1446 2063 1511 2097 de·

864 2116 1017 2150 nunciat
1037 2117 1251 2162 periculum,
1285 2132 1343 2166 ep.
1366 2128 1430 2153 22.
1464 2120 1512 2155 de

866 2171 1026 2207 eodem:
1067 2173 1224 2215 volitat,
1257 2174 1377 2222 furit,
1418 2176 1516 2211 nihil

867 2228 978 2264 habet
1009 2232 1119 2270 certi,
1151 2231 1278 2266 multis
1302 2233 1513 2269 denunciat.

924 2300 989 2333 per
1001 2285 1055 2335 se.
1088 2288 1167 2322 Etsi
1179 2288 1331 2337 ingenii
1349 2291 1516 2337 quadam

869 2343 991 2392 [pecie
1020 2343 1220 2379 blanditur
1247 2346 1395 2382 Gallaei
1426 2359 1517 2383 con-

869 2402 1036 2448 jectura,
1067 2403 1293 2449 reponentis
1314 2418 1424 2451 parce
1443 2417 1518 2453 pro

869 2458 992 2499 hisce,
1019 2471 1262 2506 nequaquam
1287 2471 1414 2496 tamen
1432 2474 1520 2497 mu-

872 2514 1018 2550 tatione
1046 2515 1157 2550 locus
1180 2516 1344 2565 indiget.
1391 2518 1521 2555 Modo

873 2585 922 2607 ne
943 2571 1013 2607 fiat
1032 2572 1098 2606 hic
1116 2572 1239 2619 gestus
1253 2586 1341 2609 cum
1352 2575 1523 2611 ridicula.

876 2628 934 2663 [ui
954 2629 1234 2671 venditatione,
1260 2631 1383 2681 perse
1403 2632 1523 2667 inter-

878 2685 973 2719 dum
1001 2696 1103 2720 recte
1137 2686 1401 2724 adhibebitur.
1464 2691 1524 2724 Ita.

877 2755 943 2791 per
962 2740 1005 2792 se
1026 2742 1211 2778 structum
1230 2744 1440 2795 aliquoties
1461 2746 1524 2783 vi·
