1779 3062
398 136 563 183 INST.
601 136 881 182 ORATOR.
920 137 1042 182 Lm.
1080 137 1178 193 xi,
1212 150 1259 183 2.
1398 150 1494 194 313

149 263 222 316 est
258 262 464 327 duplici
496 262 789 309 memoriae
825 264 981 311 cura?
1041 265 1184 312 Nam
1215 263 1493 329 quomodo

146 349 401 408 poterunt
444 339 688 404 copulata
726 336 919 397 fluere,
965 339 1009 388 si
1042 352 1262 407 propter
1291 339 1499 406 lingula

146 418 307 466 verba
340 416 406 465 ad.
438 415 670 481 singulas
707 413 904 464 formas
934 416 1326 484 respiciendum
1358 420 1497 467 erit?

147 499 323 562 Quare
345 503 396 542 et
409 492 730 543 Charmadas
752 503 804 540 et
826 492 1084 558 Scepsius,
1110 495 1176 543 de
1194 514 1304 560 quo
1330 495 1495 546 modo

147 571 276 629 dixi,
311 571 684 629 lNletrodorus‚
725 587 861 635 quos
883 572 1070 621 Cicero
1096 572 1226 621 dicit
1249 571 1371 622 usos
1397 573 1497 621 hac

146 650 544 706 exercitatione,
596 646 696 697 [ibi
735 648 964 696 habeant
1005 647 1122 699 sua:
1162 667 1260 699 1105
1294 648 1495 715 simpli-

147 728 289 776 ciora
306 726 593 777 tradamus.
651 727 705 775 Si
725 726 941 791 longior
964 726 1365 791 complectenda
1385 745 1495 775 me-

146 800 317 853 moria
347 802 513 852 fuerit
549 805 748 860 oratio,
784 802 1025 869 proderit
1058 821 1152 868 per
1188 814 1357 869 partes
1386 804 1500 852 edi-

145 880 313 931 scere:
368 881 573 930 laborat
615 882 760 930 enim
799 881 1029 929 maxime
1068 898 1261 930 onere:
1312 892 1363 928 et
1396 881 1498 930 hae

144 950 335 1024 partes>
362 975 476 1006 non
513 956 618 1008 sint
662 959 1004 1023 perexiguae:
1067 959 1273 1023 alioqui
1313 957 1498 1008 rursus

144 1036 343 1084 multae
363 1046 537 1093 erunt,
575 1047 627 1084 et
652 1053 766 1084 eam
787 1035 1116 1101 distinguent
1138 1047 1293 1101 atque
1321 1037 1499 1085 conci-

146 1112 288 1161 dent.
367 1114 484 1160 Nec
517 1114 708 1178 utique
747 1123 952 1163 certum
975 1114 1355 1179 imperaverim
1384 1132 1501 1163 mo-

147 1189 296 1247 dum,
335 1181 681 1238 sed‘maxime
716 1201 776 1239 ut
806 1192 1034 1255 quisque
1069 1190 1295 1239 finietur
1317 1193 1499 1240 locus:

60 1288 138 1326 990
151 1268 210 1317 ni
241 1265 379 1317 forte
416 1277 522 1318 tam
558 1267 900 1325 numerosus,
941 1277 1002 1316 ut
1030 1266 1140 1333 ipse
1175 1285 1394 1334 quoque
1420 1269 1502 1317 di-

146 1412 270 1447 oratio
286 1411 330 1447 ab
352 1410 419 1447 illa
442 1411 682 1451 concessione
705 1411 784 1447 orsa
805 1412 915 1460 supra
939 1411 1155 1447 Habeamus
1167 1411 1272 1460 sane,
1296 1412 1342 1449 cf.
1371 1421 1405 1457 5,
1435 1428 1497 1456 ιο,

151 1471 215 1515 1.)
246 1482 322 1509 ,‚o.
351 1483 385 1517 q.
410 1470 467 1504 d.:
500 1475 667 1504 nonne“
705 1467 869 1513 (malim
901 1482 976 1503 non
1004 1468 1139 1508 solum,
1175 1469 1221 1504 cf.
1257 1483 1319 1510 11,
1348 1484 1380 1510 1,
1405 1474 1499 1517 50.)

144 1524 361 1574 „impediri
383 1530 552 1574 quoque“
585 1527 756 1569 (tantum
781 1525 881 1562 abest
907 1536 950 1560 ut
976 1525 1186 1571 adjuvetur
1221 1525 1298 1561 1100
1329 1529 1500 1565 artificio

144 1583 416 1627 mnemonico)
434 1583 614 1626 §dicendi
635 1580 773 1630 cursum
794 1596 831 1616 n.
857 1595 888 1619 e.
912 1581 948 1619 d.
971 1595 1024 1619 m.
1055 1581 1178 1618 cura?
1194 1588 1219 1602 “

229 1650 294 1685 26.
328 1649 568 1685 Charmadas.
596 1650 701 1685 Flor.
734 1650 987 1689 Clzarrzeades,
1020 1660 1057 1685 et
1088 1650 1236 1699 reliqui
1258 1663 1344 1687 ante
1363 1654 1500 1691 Burm.

146 1719 280 1743 omnes
314 1708 535 1743 Carneades.
585 1707 771 1742 Nostrum
805 1706 876 1742 effe
900 1706 942 1741 in
969 1708 1101 1742 Turic.
1129 1708 1367 1745 conferentis
1390 1710 1502 1746 silen-

147 1765 247 1799 tium
277 1764 443 1799 testatur.
468 1764 514 1800 cf.
537 1764 613 1800 Cic.
638 1765 684 1799 de
710 1763 780 1799 Or.
804 1774 840 1804 2,
867 1770 932 1807 88.
963 1765 1056 1798 Ern.
1078 1775 1162 1803 not.
1189 1765 1504 1814 Capperonerius

149 1820 382 1856 demonstrat
413 1821 736 1859 Fortunatianum
766 1833 814 1857 ex
843 1819 1070 1859 Pithoeanis
1094 1821 1332 1857 Charmadae
1352 1837 1503 1860 memo-

149 1889 231 1912 rem
259 1891 296 1925 p.
319 1885 383 1919 75.

237 1955 300 1988 27.
333 1943 463 1993 rursus.
497 1945 560 1980 Sic
578 1945 710 1981 Turio.
731 1944 836 1981 Flor.
867 1944 996 1981 Guelf.
1019 1959 1106 1980 cum
1125 1946 1227 1983 Alm.
1259 1946 1420 1995 Reliqui
1449 1951 1505 1986 ni·

150 2004 229 2038 mis.
267 2003 365 2036 Mox
392 2003 523 2037 Turic.
547 2002 652 2038 Flor.
678 2011 786 2037 mute.
810 2001 937 2037 Gueff.
960 2004 1202 2049 conjunctim
1224 2014 1445 2043 mutuerunt.

161 2092 164 2095 ,
266 2093 269 2094 ⁷
324 2060 483 2095 modum.
508 2060 640 2094 Tui-ic.
668 2058 771 2094 flor.
799 2058 927 2094 Guelf.
953 2060 1063 2094 modo
1094 2068 1184 2095 cum
1207 2060 1324 2097 Goth.
1351 2063 1505 2101 Voss.2.

149 2117 247 2154 Jens.
272 2116 387 2151 Tarv.
411 2129 492 2153 non
513 2117 646 2163 Camp.
672 2116 816 2164 Regius
838 2117 1021 2152 correxit.
1248 2117 1418 2165 niforte.
1444 2122 1507 2157 Sic

149 2172 254 2209 Flor.
290 2171 416 2208 Guelf.
452 2187 540 2207 cum
569 2173 686 2208 Goth.
713 2173 811 2210 Jens.
834 2183 871 2207 et
892 2173 976 2208 edd.
999 2173 1158 2222 posterr.
1183 2186 1267 2210 ante
1291 2176 1440 2224 Grypli.
1467 2180 1507 2212 in

143 2227 179 2276 f.
202 2230 334 2265 Turic.
366 2229 433 2273 (cf.
461 2230 506 2265 de
531 2230 601 2264 hac
623 2230 848 2265 confusione
870 2230 1070 2265 Drakenb.
1095 2230 1141 2264 ad
1163 2231 1253 2266 Liv.
1275 2239 1341 2275 58,
1365 2243 1431 2277 50,
1457 2238 1508 2278 ι.)

150 2285 310 2333 Reliqui
340 2285 409 2334 nisi
421 2286 456 2334 f
482 2300 651 2335 quorum
673 2298 710 2323 et
732 2288 864 2335 Camp.
886 2286 932 2322 cf.
955 2287 1121 2322 eundem
1143 2288 1190 2322 ad
1210 2298 1275 2332 25,
1304 2304 1337 2330 1,
1364 2297 1401 2334 8.
1433 2294 1504 2326 Su-

151 2342 273 2388 spicor
304 2354 432 2378 autem
453 2344 536 2391 post
552 2342 659 2391 forte
682 2344 920 2379 intercidiffe
944 2340 1005 2390 efi-
1233 2354 1308 2381 tam
1334 2362 1503 2383 numero-

143 2396 219 2446 sus.
261 2399 324 2434 Sic
344 2399 476 2434 Turic-
501 2399 628 2453 Gpelf.
661 2402 793 2448 Camp.
826 2414 916 2436 cum
945 2400 1064 2437 Goth.
1095 2401 1200 2440 Voss'.
1226 2412 1262 2437 2.
1297 2416 1386 2442 cum
1414 2405 1501 2442 edd.

210 2531 273 2563 27.
295 2522 458 2559 laborat.
494 2524 631 2559 Malim
654 2525 798 2562 lahora—
913 2526 1023 2562 locus.
1059 2525 1170 2562 Certa
1200 2527 1390 2562 tractandi
1412 2541 1504 2576 pro-

152 2588 209 2614 tur
222 2578 287 2621 (cf.
310 2594 324 2613 1
339 2592 370 2619 1,
385 2589 422 2623 3,
439 2583 681 2630 57.);neque
693 2583 799 2617 enim
855 2583 971 2633 positi
992 2595 1103 2632 pars3
1129 2585 1322 2618 materiam
1345 2584 1505 2622 barbare

148 2636 192 2671 in
216 2637 344 2672 activo
370 2637 583 2684 subjectum
607 2640 656 2675 est
675 2640 798 2675 mani·
858 2640 1038 2676 dicimus.
1069 2639 1299 2690 numerosum
1316 2641 1362 2677 cf.
1375 2642 1422 2677 ad
1441 2656 1504 2684 10,

151 2693 299 2729 festum.
334 2703 371 2728 et
393 2707 488 2731 mox
501 2694 571 2746 sed
593 2710 664 2747 pro
683 2705 729 2734 et.
860 2704 897 2742 5»
931 2709 968 2745 9.

1519 272 1572 308 26

1518 741 1568 778 27
