1779 3062
421 138 584 198 INST.
624 138 906 186 ORATOR.
941 142 1064 187 LIB.
1101 143 1199 199 XI,
1231 155 1277 188 2.
1427 156 1524 205 ¹509

272 188 289 211 ἱ

173 266 450 331 sexagenos
486 265 756 313 invenerit
785 267 946 316 locos.
1018 270 1230 319 Vanitas
1260 270 1521 321 nimirum

172 343 279 393 fuit
313 343 708 407 alque-jactatio
747 344 882 392 circa
906 348 1218 395 memoriam
1245 345 1392 396 suam
1422 360 1519 414 po-

171 423 278 482 tius
302 431 437 479 arte,
477 437 637 485 quam
658 429 844 469 natura
872 422 1163 486 gloriantis.
1244 425 1510 489 Equidem
1536 446 1590 482 25

169 499 298 548 haec
323 498 391 547 ad.
412 497 668 564 quaedam
694 496 934 564 prodeffe
956 517 1066 549 non
1092 503 1416 566 negaverim,
1456 514 1519 552 ut

168 575 213 625 fi
243 593 424 625 rerum
454 577 672 624 nomina
702 576 896 634 multa,
935 594 1029 641 per
1055 577 1300 627 ordinem
1323 580 1517 639 audita,

169 652 442 703 reddenda
463 651 581 702 sint.
622 683 624 685 -
659 653 911 717 Namque
941 655 1114 713 iniis,
1156 671 1290 718 quae
1317 655 1518 706 didice-

167 743 324 791 runt,
361 730 491 781 locis
513 741 728 795 ponunt
750 748 832 781 res
856 731 998 789 illas,
1037 728 1291 802 mensam,
1329 744 1390 781 ut
1412 734 1516 783 hoc

166 820 302 868 utar,
338 812 389 857 in
413 805 688 878 vestibulo,
730 819 781 857 et
805 808 1078 872 pulvinum
1105 813 1154 857 in
1179 813 1330 867 atrio,
1369 821 1419 857 et
1444 810 1516 859 sic

167 898 362 936 cetera:
405 886 600 935 deinde
629 886 919 951 relegentes
940 886 1254 944 inveniunt,
1298 882 1390 936 ubi
1420 905 1516 952 po-

162 963 379 1015 suerint.
467 967 542 1014 ‹Et
591 961 812 1015 forsitan.
864 963 970 1013 hoc
1001 962 1125 1012 sunt
1162 963 1354 1026 adjuti,
1403 967 1514 1030 qui,

161 1119 284 1156 modo
308 1118 430 1155 absint
445 1117 641 1167 sexageni.
684 1116 758 1152 Sed
780 1117 863 1153 satis
890 1118 1070 1167 frequens
1093 1117 1347 1155 distributiva
1372 1130 1518 1166 ponere

159 1189 235 1226 pro
266 1175 541 1212 cardinalibus.
571 1177 617 1211 ef.
647 1175 813 1210 eundem
834 1174 1032 1210 Drakenb.
1068 1175 1114 1209 ad
1139 1181 1174 1218 4,
1205 1176 1265 1215 16,
1291 1174 1326 1210 6.
1390 1175 1517 1209 Mani-

161 1233 276 1269 festus
296 1232 493 1281 imprimis
505 1233 619 1267 Livii
639 1231 749 1266 loeus
773 1243 809 1278 9,
836 1240 902 1273 50,
928 1241 963 1274 5.
997 1232 1135 1266 tribuni
1153 1233 1310 1266 militum
1325 1230 1411 1279 seni
1431 1233 1518 1266 deni

163 1290 202 1323 in
233 1299 390 1340 quatuor
420 1289 607 1336 legiones,
640 1288 709 1323 ubi
730 1286 843 1336 plane
862 1300 958 1335 quae
982 1287 1048 1322 hic
1076 1289 1179 1337 apud
1202 1288 1373 1325 nostrum
1398 1288 1513 1325 ratio.

160 1348 288 1383 Modo
310 1349 418 1382 ineac-
435 1345 564 1381 Guelf.
589 1347 725 1393 Camp.

247 1436 312 1471 25.
343 1435 384 1462 ut:
406 1423 445 1475 si
467 1439 598 1461 rerum.
630 1424 762 1460 Turio.
788 1423 892 1459 Flor.
915 1423 1043 1460 Guelf.
1072 1423 1189 1473 aucsi
1211 1439 1240 1461 r.
1265 1425 1397 1472 Camp.
1419 1437 1515 1462 mox

157 1486 264 1522 redd.
278 1482 380 1533 siant.
429 1522 431 1524 ¹
613 1489 769 1530 ponunt.
795 1481 861 1518 Sic
883 1482 1015 1516 Turio.
1038 1481 1141 1517 Flor.
1167 1481 1295 1517 Guelf.
1313 1483 1406 1516 Exc.
1423 1484 1513 1516 San-

159 1554 237 1579 ten.
271 1542 404 1588 Camp.
449 1537 613 1586 Reliqui
650 1546 846 1583 reponunt.
1099 1535 1279 1585 vestibulo
1315 1557 1368 1564 ——
1400 1540 1512 1575 atrio.

157 1599 290 1634 Turio.
324 1596 428 1633 Flos.
462 1593 590 1631 Guelf.
621 1593 718 1639 (hic
753 1605 881 1630 tamen
911 1602 948 1628 et:
972 1593 1131 1629 videtur
1155 1594 1352 1638 omittere)
1375 1595 1510 1642 Camp.

155 1669 190 1693 v.
214 1665 251 1691 et
267 1653 449 1704 populum
470 1655 493 1688 ι’.
516 1667 551 1688 a.
584 1650 744 1698 Reliqui
764 1666 799 1686 v.
821 1654 857 1686 in
880 1653 978 1686 atrio
998 1652 1214 1699 pulvinum,
1241 1652 1303 1687 sed
1328 1650 1447 1686 Goth.
1474 1661 1513 1686 et

153 1713 260 1750 Voff.
288 1722 324 1746 2.
364 1711 460 1746 item
480 1709 672 1757 populum.
735 1707 928 1744 Ordinem
951 1709 1065 1745 MSS.
1090 1706 1352 1748 restituimus,
1382 1721 1511 1743 emen-

155 1770 355 1805 dationem
380 1767 546 1813 alicujus
566 1777 743 1801 veterum
763 1764 928 1801 illorum
951 1765 1204 1805 Criticorum,
1236 1765 1362 1799 nescio
1384 1766 1509 1811 eujus,

154 1826 272 1862 unice
297 1825 508 1860 retinentes
540 1833 577 1857 et
598 1822 819 1871 probantes.
851 1824 925 1857 Pro
950 1819 1111 1869 mensam
1133 1822 1175 1855 in
1198 1819 1325 1856 Guelf.
1348 1820 1396 1855 est
1419 1835 1510 1855 mer-

147 1881 247 1932 sam,
465 1878 523 1928 sic
552 1888 685 1914 cetera.
717 1879 851 1913 Turio.
883 1878 1012 1914 Guelf.
1044 1879 1137 1912 Exc.
1171 1879 1323 1912 Santen.
1347 1875 1385 1924 si
1409 1876 1507 1926 effec.

155 1940 257 1974 Mox
280 1936 409 1975 Guelf.
425 1937 631 1984 relegantes
650 1933 692 1984 (a
710 1948 771 1984 pr.
792 1935 864 1983 m.)
889 1946 926 1970 et
945 1934 1159 1984 posuerunt,
1184 1934 1255 1970 ubi
1276 1932 1380 1970 flor.
1403 1947 1508 1985 repo-

145 1994 307 2045 suerint.

1540 987 1594 1031 21'1.

239 2070 305 2111 24.
329 2061 494 2112 forsitan
519 2061 598 2097 7200.
633 2061 697 2096 Sic
726 2060 820 2096 Obr.
844 2059 1029 2095 facillima
1051 2059 1335 2095 emendatione.
1382 2058 1506 2104 Adju-
1529 2056 1535 2065 '

153 2133 220 2158 vat
250 2121 356 2157 Flor.
388 2119 458 2167 qui
489 2129 525 2154 et
552 2119 631 2166 ipse
661 2117 765 2152 nihil
787 2117 895 2153 aliud
917 2118 990 2152 nisi
1005 2116 1041 2164 f.
1067 2117 1115 2151 hi.
1148 2115 1309 2164 Reliqui
1332 2116 1506 2151 inserunt

154 2182 205 2217 in.
245 2180 347 2216 Mox
374 2176 481 2214 Flor.
511 2174 634 2225 (apr.
656 2177 737 2220 m.)
771 2174 904 2213 Guelf.
922 2176 1087 2214 actione,
1122 2173 1247 2211 ethic
1273 2169 1505 2221 vendidiffec.

214 2310 280 2345 25.
309 2300 496 2350 Equidem
518 2300 619 2335 haec.
645 2301 731 2338 Jam
755 2299 802 2335 de
860 2300 1082 2349 praestigias
1118 2309 1266 2334 tantum
1311 2295 1396 2331 il‘las
1427 2296 1510 2329 Me-

155 2355 228 2392 hac
278 2370 394 2405 quam
444 2357 560 2393 nobis
615 2357 804 2405 explicuit
862 2357 1017 2393 trodori
1039 2369 1172 2404 parum
1193 2354 1341 2403 placere
1364 2352 1508 2387 nostro.

153 2415 400 2450 mnemonice
416 2414 650 2463 pronunciat
661 2414 702 2448 in
716 2414 804 2449 uni-
863 2413 1064 2450 Ciceronis
1087 2412 1246 2460 quidem
1268 2411 1334 2445 sub
1350 2409 1510 2457 persona.

155 2471 333 2511 versum,
371 2472 502 2506 minus
540 2470 577 2505 ei
614 2470 800 2511 tribuens,
862 2470 1027 2506 Antonii
1057 2469 1264 2516 benignius
1296 2467 1344 2502 est
1367 2465 1411 2500 de
1436 2464 1508 2499 hae

155 2540 273 2575 quam
304 2527 426 2575 vulgo
458 2526 629 2563 solebant
666 2527 800 2563 rheto-
859 2539 938 2563 arte
969 2526 1160 2573 judicium
1190 2525 1235 2559 de
1266 2524 1334 2560 Or.
1369 2534 1403 2562 2,
1438 2527 1504 2565 88.
1531 2572 1541 2581 ..

153 2597 228 2620 res.
270 2584 451 2620 Debebat
475 2596 566 2632 ergo
588 2584 654 2621 hic
675 2585 802 2620 noster
860 2586 960 2619 Mox
981 2597 1073 2630 quae
1096 2583 1301 2617 didicerunt
1320 2578 1506 2615 facillima
1524 2581 1529 2587 ’

153 2641 279 2677 sensus
305 2640 513 2689 diligenter
527 2641 804 2689 apl-accedenti
861 2640 1103 2676 correctione
1143 2649 1292 2673 mutem
1334 2638 1377 2672 in
1413 2648 1509 2685 quae

155 2698 310 2739 secerni,
329 2711 377 2733 ne
396 2698 498 2734 forte
513 2698 601 2747 quis
619 2698 804 2738 crederet.
860 2698 1045 2744 digerunt.
1069 2695 1116 2731 cf.
1138 2698 1262 2743 §.18.
1284 2705 1349 2731 20.
