1779 3062
233 146 332 208 693
556 143 643 190 M:
664 145 801 192 FAB.
837 144 1264 207 QUINTILIANI‘

230 289 360 324 mno
389 270 605 335 longior
635 269 724 329 est,
754 269 1080 331 adjuvarent.
1160 271 1324 321 Nunc
1355 290 1580 340 compu-

230 361 403 398 tamus
438 365 624 405 annos,
650 365 763 398 non
783 348 982 413 quibus
1008 346 1328 408 studuimus,
1346 349 1436 399 sed
1455 352 1580 417 qui-

153 449 200 477 20
233 427 334 476 bus
363 426 613 475 viximus.
641 426 758 475 Nec
779 442 909 474 vero
938 424 982 473 si
998 427 1308 475 Geometrae
1329 437 1379 476 et
1393 430 1578 477 Gram-

229 503 409 555 matici
419 513 821 568 ceterarumque
831 504 1024 553 artium
1038 499 1348 569 profeffores
1360 522 1579 554 omnem

228 579 377 630 suam
401 581 580 637 vitam,
605 580 900 644 quamlibet
924 581 1082 646 longa
1112 578 1292 646 fuerit,
1317 582 1376 630 in
1395 580 1582 647 fingu-

228 657 296 707 lis
329 657 529 705 artibus
563 655 993 715 consumserunt,
1028 656 1271 722 sequitur
1301 669 1363 708 ut
1393 659 1579 725 plures

228 733 484 800 quasdam
506 735 638 783 vitas
659 733 726 782 ad
745 735 901 800 plura
924 733 1173 783 discenda
1196 734 1576 785 desideremus.

226 811 423 877 Neque
454 812 538 860 illi
563 810 869 860 didicerunt
892 812 1019 861 haec
1047 829 1223 877 usque
1252 815 1309 862 in
1334 811 1574 862 senectu-

225 898 351 947 tem,
374 887 465 937 sed
495 905 554 937 ea
588 887 696 938 sola
719 887 954 937 didicisse
984 890 1222 939 contenti
1248 889 1488 948 fuerunt,
1516 907 1575 939 ac

225 976 307 1016 tot
337 983 504 1016 annos
541 967 600 1015 in
626 965 845 1024 utend0‚
883 985 995 1016 non
1024 968 1083 1015 in
1112 967 1460 1034 percipiendo
1487 983 1577 1016 ex-

147 1061 190 1092 22
224 1042 527 1094 hauserunt.
609 1044 861 1093 Ceterum
899 1055 958 1094 ut
994 1043 1062 1093 de
1095 1048 1328 1094 Homero
1361 1055 1576 1103 taceam,

223 1121 284 1170 in
323 1138 433 1186 quo
474 1121 679 1169 nullius
709 1138 822 1169 non
857 1122 982 1170 artis
1023 1133 1114 1170 aut
1143 1133 1443 1187 praecepta,
1484 1131 1576 1172 aut

224 1209 363 1247 certe
412 1215 523 1247 non
572 1197 739 1246 dubia
790 1197 1005 1263 vestigia
1063 1201 1434 1264 reperiuntur;
1511 1208 1575 1247 ut

219 1276 408 1326 Eleum
429 1277 688 1339 Hippiam
708 1285 987 1335 transeam,
1010 1278 1107 1341 qui
1132 1294 1246 1327 non
1271 1277 1576 1327 liberalium

220 1431 341 1470 Goth.
401 1427 450 1479 eft
481 1444 560 1468 om.
591 1430 721 1467 Guelf.
750 1430 871 1467 Goth.

337 1499 401 1525 20.
431 1502 495 1524 nec
520 1491 619 1524 viros
650 1490 688 1523 in
717 1498 905 1536 geometre
932 1489 1066 1526 Turic-
1094 1490 1202 1526 Flor.
1238 1491 1420 1538 geometri
1440 1488 1573 1527 Guelf.

219 1548 321 1584 viam
350 1545 455 1581 Flor.
515 1545 785 1594 quantumlibet
815 1545 933 1581 Goth.
967 1550 1057 1592 (tac.
1093 1547 1225 1594 Gesn.)
1283 1548 1395 1595 plura
1425 1546 1574 1582 dicendi

220 1603 357 1640 Turio.
412 1602 714 1651 pluras,dicendi
744 1601 849 1637 Flor.
1086 1606 1124 1639 in
1154 1604 1290 1639 utendo
1324 1617 1401 1640 om.
1434 1604 1571 1640 Turio.

217 1659 326 1695 flor.
357 1658 484 1694 Guelf.
516 1659 636 1694 Goth.
670 1662 761 1702 (tac.
794 1658 842 1692 de
872 1658 950 1695 hoc
980 1661 1112 1701 Θεία.)
1140 1662 1273 1709 Camp.
1311 1671 1348 1696 et
1372 1661 1458 1696 edd.
1482 1670 1571 1696 ante

217 1715 312 1754 Bad.
344 1715 415 1764 qui
446 1716 560 1751 tacite
590 1714 757 1750 nostram
790 1728 809 1749 e
840 1715 953 1757 vall„
984 1729 1028 1753 ut
1055 1717 1228 1758 videtur.
1258 1717 1444 1767 reposuit.

333 1772 597 1821 praecipiendo
628 1770 726 1810 Jens·
760 1782 798 1806 et
829 1771 924 1820 post.
957 1784 1043 1808 ante
1074 1773 1163 1810 Ald.

335 1839 400 1865 21.
433 1839 499 1863 aut
527 1835 738 1877 praecepta.
797 1828 861 1863 Sic.
898 1829 999 1867 Jens.
1033 1841 1070 1866 et
1100 1830 1194 1880 post.
1237 1841 1323 1866 ante
1354 1830 1444 1868 Ald.
1503 1840 1572 1868 aut

218 1885 384 1937 perfecta
413 1884 560 1934 reliqui
590 1886 649 1930 (ut
676 1883 771 1932 perf.
807 1883 931 1932 Flor.)
963 1888 1028 1923 cui
1058 1888 1267 1936 scripturae
1297 1889 1395 1936 quid
1417 1900 1571 1938 praeter

219 1944 491 1981 auctoritatem
524 1940 722 1978 librorum
750 1941 888 1981 faveat,
919 1943 1032 1993 plane
1060 1957 1142 1980 non
1171 1945 1303 1982 video.
1334 1946 1465 1981 Arcem
1484 1959 1567 1993 per.

212 2000 375 2049 fectum,
406 2000 498 2035 artis
527 1997 730 2047 perfectum
760 2001 967 2046 exemplum
996 2002 1117 2043 novi;
1176 2002 1237 2037 sed
1269 2002 1433 2050 perfecta
1460 1999 1567 2050 vesti-

217 2059 299 2106 gia,
331 2070 428 2105 quae
456 2054 545 2105 plus
577 2056 738 2104 quidem
771 2056 842 2090 fint
873 2070 989 2105 quam
1020 2071 1095 2092 non
1129 2058 1241 2093 dubia
1275 2057 1452 2107 vestigia,
1484 2071 1566 2094 me-

216 2127 282 2153 rae
311 2114 399 2150 sunt
421 2125 561 2160 nugae.
593 2111 941 2148 Manifestiffimum
970 2115 1103 2163 itaque
1130 2115 1197 2150 hic
1228 2114 1413 2151 habemus
1435 2128 1565 2150 exem-

215 2171 331 2222 plum
369 2170 539 2219 optimae
580 2169 787 2218 scripturae
828 2169 871 2205 in
901 2171 1071 2219 antiquis
1104 2170 1182 2208 illis
1217 2171 1458 2207 editionibus
1489 2172 1563 2206 ser·

214 2238 338 2268 vatae,
371 2227 481 2273 cujus
511 2226 555 2262 in
586 2225 724 2262 nostris
755 2226 959 2264 codicibus
990 2227 1144 2264 nullum
1176 2228 1396 2276 vestigium.
1457 2229 1562 2264 Nam

214 2292 416 2334 praecepta
457 2294 606 2320 tantum
644 2295 726 2320 non
760 2283 935 2320 omnium
978 2284 1244 2320 doctrinarum
1283 2284 1383 2334 apud
1413 2285 1563 2320 Home-

215 2355 304 2378 rum
334 2341 499 2388 reperiri
538 2340 628 2389 quis
656 2349 834 2375 veterum
865 2355 947 2377 non
977 2340 1114 2377 dixit?
1370 2350 1434 2377 aut
1463 2350 1564 2378 certa

216 2398 350 2434 Turio.
381 2397 485 2433 Flor.
518 2396 648 2433 Guelf.
880 2397 1015 2433 heliam
1045 2397 1148 2435 Flor.
1180 2397 1308 2436 Guelf.
1336 2400 1428 2434 Exc.
1454 2401 1558 2434 sant.

216 2453 318 2495 Voss.
356 2463 392 2490 2.
426 2453 545 2490 Goth.
575 2454 675 2493 Jens.
708 2454 795 2499 (tac.
827 2454 957 2502 Gesn.)
987 2464 1025 2489 et
1050 2456 1144 2504 post.
1177 2467 1262 2491 ante
1293 2454 1380 2491 Ald.
1430 2455 1562 2491 Elium

220 2509 352 2561 camp.
382 2512 537 2548 Aeleum
564 2510 654 2546 Ald.
825 2514 887 2561 qui
917 2524 992 2548 non
1021 2523 1102 2549 om.
1130 2512 1275 2559 Τηνία,
1296 2511 1400 2548 Flor.
1430 2511 1562 2549 Guelf.

277 2657 342 2683 20.
382 2646 522 2696 plures'
541 2649 719 2698 quasdam
744 2651 856 2686 vitas.
974 2660 1041 2687 21.
1108 2650 1302 2698 Hippiam.
1363 2646 1565 2689 „Nemini

221 2703 280 2742 ei.
309 2712 372 2745 12,
401 2715 414 2740 1
428 2719 466 2747 ι,
484 2714 546 2750 17.
567 2706 632 2743 60.
921 2706 1131 2756 „ignotum
1150 2719 1202 2744 >ex
1220 2706 1304 2745 cic.
1325 2705 1372 2742 de
1395 2704 1503 2742 Orat.
1525 2712 1566 2749 5.
