1779 3062
421 178 582 224 INST.
620 178 900 224 ORATOR.
933 179 1055 225 ΜΒ.
1092 178 1190 237 x1‚
1238 191 1281 235 3.
1424 176 1519 233 565

178 317 330 358 :motu
375 315 539 363 caret;
608 314 698 353 aut
739 301 1005 353 summisso
1043 321 1347 362 murmure,
1407 321 1517 370 quo

178 384 335 432 etiam
382 381 691 430 debilitatur
723 381 897 429 omnis
931 381 1188 430 intentio:
1242 381 1332 430 sed
1365 392 1420 431 ut
1457 384 1517 431 in
1540 386 1594 435 46

177 458 367 508 iisdem
395 459 635 524 partibus
670 455 968 519 iisdemque
1002 454 1276 508 affectibus
1309 457 1412 507 sint
1444 469 1520 508 ta-

176 553 302 585 men
332 535 590 600 quaedam
619 552 733 583 non
765 534 838 581 ita
868 550 1086 597 magnae
1116 536 1265 584 vocis
1287 534 1519 585 declina-

179 614 366 670 tiones,
403 623 565 678 prout
589 623 680 661 aut
699 609 985 660 verborum
1008 609 1250 676 dignitas,
1287 623 1375 660 aut
1405 611 1520 662 sen-

177 690 464 739 tentiarum
485 700 688 748 natura,
728 697 819 736 aut
841 684 1119 752 depotitio,
1157 698 1249 736 aut
1266 688 1519 755 inceptio,

180 846 296 894 origo
316 855 421 895 patet
442 845 484 881 in
509 845 643 881 Turio.
689 848 764 882 Pro
787 845 1005 881 debilitatur
1024 843 1156 880 Turio.
1178 844 1282 881 Flor·
1305 845 1390 881 dedi
1411 847 1523 884 lacus.

179 903 314 951 Camp.
348 902 570 950 debilitetur.
614 904 712 938 Mox
740 903 1027 938 declamationes
1049 901 1208 937 foedum
1229 903 1373 937 vitium
1395 903 1526 940 Guelf.

177 971 266 994 cum
288 959 386 997 Jens.
411 969 448 993 et
469 958 555 993 edd.
579 959 735 1007 posterr.
759 971 844 995 ante
870 960 962 995 Bad.
1004 957 1121 994 Nihil
1141 958 1212 993 tale
1235 959 1278 993 in
1301 959 1431 1008 Camp.
1453 959 1525 1008 qui

175 1027 246 1049 nec
278 1022 377 1049 caret
403 1015 487 1062 post
511 1024 613 1050 motu
638 1015 787 1052 omittit
807 1029 895 1052 cum
913 1015 1011 1054 Jens.
1035 1024 1074 1050 et
1099 1014 1185 1050 edd.
1208 1026 1292 1050 ante
1317 1014 1406 1052 Ald.
1445 1015 1522 1052 Sed

170 1068 484 1121 sunt—quidem
503 1071 622 1120 paulo
644 1084 731 1108 ante
752 1073 885 1108 'Tm-ic.
908 1073 1041 1121 Camp.

261 1171 328 1219 46.
369 1174 543 1221 inceptio.
577 1174 710 1208 Turio.
746 1174 851 1210 Flor.
884 1173 1017 1224 Camp.
1048 1175 1264 1223 interceptio
1295 1187 1384 1209 cum
1416 1174 1521 1209 Alm.

176 1228 302 1270 male3
335 1240 417 1264 vox
447 1230 569 1277 proba
603 1232 762 1277 inceptio
788 1241 825 1266 et
843 1230 962 1276 hujus
985 1230 1076 1266 loci.
1117 1231 1242 1265 Modo
1265 1229 1522 1279 depropositio

175 1286 312 1322 Ambr.
340 1294 375 1320 2.
418 1285 612 1335 dispositio
645 1286 762 1321 Goth.
811 1286 955 1322 Omnia
984 1285 1078 1321 haec
1111 1286 1261 1322 omittit
1295 1287 1422 1322 Guelf,
1455 1296 1523 1323 aut.¹

176 1341 371 1378 verborum
391 1341 726 1392 ——sententiarum
747 1352 880 1379 natura
900 1343 1002 1377 inter
1027 1342 1106 1377 duo
1127 1353 1202 1376 aut.
1244 1342 1391 1379 solitus
1411 1356 1522 1379 error

174 1396 380 1447 postulavit
409 1399 449 1432 in
474 1400 607 1434 Turic·
630 1398 732 1436 Flor.
754 1401 833 1435 alia
853 1400 1062 1435 reductiora
1082 1399 1269 1435 omittunt
1287 1399 1408 1436 iidem
1431 1412 1522 1436 eum

175 1454 279 1491 Alm.
302 1453 545 1505 subductiora
569 1455 632 1492 dat
654 1457 787 1505 Camp.

175 1590 365 1626 referente
399 1588 608 1626 Plutarcho
640 1589 684 1625 in
714 1589 818 1626 Alci-

175 1648 288 1684 biade
318 1660 355 1695 p.
383 1647 475 1694 196.
504 1647 549 1682 E.
591 1647 718 1681 λαλεῖν,
747 1644 820 1694 ἇρι·

176 1717 278 1746 στος,
355 1701 623 1744 οἷδυνατώτατος
680 1702 814 1752 λέγειν.

178 1760 281 1807 Quid
316 1773 412 1795 mox
447 1760 493 1795 [it
524 1762 647 1801 etiam,
678 1773 814 1808 parum

175 1817 362 1864 adsequor.
453 1819 548 1851 Sane
603 1816 818 1852 debilitatur

175 1886 375 1908 murmure
405 1872 530 1907 omnis
547 1872 740 1913 intentio,
773 1882 818 1908 ut

176 1942 255 1965 non
287 1929 466 1963 videatur
500 1941 596 1976 opus
625 1928 702 1964 hoc
737 1941 815 1964 tan-

107 1995 110 1998 ’
176 1999 291 2034 quan]
340 1985 625 2033 illeXPCCtatllm
679 1984 821 2022 lectOI'i.

138 2061 141 2064 >
174 2043 352 2090 ingerere
374 2041 549 2078 addendo
572 2043 696 2076 etiam.
756 2046 817 2079 An

174 2098 229 2134 ita
251 2099 433 2146 accipies:
459 2099 565 2147 „ipsa
583 2111 741 2145 quoque
760 2100 820 2135 in·

172 2155 326 2196 „tentio
349 2153 632 2190 debilitatu1“?
663 2156 724 2191 Ne
741 2155 818 2193 hoc

175 2211 335 2260 quidem
356 2210 468 2247 valde
487 2211 621 2260 placet.

234 2268 301 2313 46.
333 2278 397 2303 aut
428 2267 624 2316 depositio,
657 2277 724 2305 aut
765 2272 818 2305 in-

178 2326 310 2371 ceptio.
418 2324 524 2359 Haec
594 2327 818 2373 transposita

178 2379 290 2415 malit
317 2380 526 2421 Gesne1·us;
571 2393 721 2429 praeter
750 2397 817 2418 ne-

179 2435 407 2476 cessitatem,
430 2446 481 2471 ‘ut
514 2438 676 2486 opinor,
721 2452 818 2487 quo-

178 2492 283 2527 niam
337 2491 517 2540 clausulae
544 2494 817 2531 >notabiliores

178 2549 317 2587 initiis,
369 2560 412 2583 ut
452 2549 494 2583 in
538 2552 817 2599 compositione

178 2606 236 2651 (9,
258 2610 296 2650 4,
323 2604 420 2650 62.),
453 2605 507 2640 ita
527 2606 568 2640 in
587 2608 818 2650 pronuncia-

176 2660 298 2699 tione.
333 2661 472 2709 Neque
497 2662 620 2697 eidem
640 2663 820 2699 assentior

177 2715 444 2767 depositionem
463 2717 700 2768 intelligenti
718 2717 818 2758 θέσιν

876 1589 1004 1633 talem,
1026 1603 1146 1632 „cum
1169 1591 1215 1626 ad
1237 1591 1358 1628 finem
1375 1591 1521 1626 senten·

873 1647 955 1688 „tia
983 1660 1064 1683 non
1091 1647 1160 1682 illa
1191 1648 1351 1697 quidem
1381 1648 1522 1682 eodem

873 1704 1011 1752 „plane
1043 1714 1177 1740 tenore
1204 1705 1425 1753 profertur,
1457 1704 1522 1739 [ed

872 1774 969 1800 „nec
999 1760 1298 1809 praecipitatur,
1341 1761 1402 1796 sed
1433 1774 1520 1796 mo-

872 1817 1034 1856 „dm-ato
1065 1817 1233 1864 quodam
1265 1816 1370 1852 flexu
1403 1828 1440 1852 et
1458 1818 1522 1852 in-

873 1871 1111 1912 „clinatione
1134 1873 1373 1920 deponitur.“
1430 1875 1523 1909 Hoc

876 1928 1011 1963 clarum
1044 1929 1115 1964 effe
1144 1929 1198 1963 ait
1221 1942 1266 1963 ex
1300 1929 1378 1966 istis
1406 1931 1522 1975 §.58-

875 1985 1061 2032 deponam
1083 2004 1136 2013 —
1151 1987 1340 2021 exordium
1359 1986 1520 2034 faciam.

874 2042 1070 2088 Equidem
1098 2043 1158 2079 ibi
1186 2042 1340 2078 nullum
1372 2042 1522 2079 flexum

876 2098 986 2133 vocis
1013 2112 1139 2147 neque
1179 2101 1393 2147 quidquam
1427 2112 1521 2149 pro-

875 2153 1007 2201 prium
1036 2156 1154 2191 video
1180 2156 1407 2191 artificiosae
1429 2169 1521 2205 pro·

874 2211 1151 2253 nunciationis,
1182 2213 1243 2247 fed
1264 2212 1416 2260 plenam
1440 2214 1521 2248 fen-

873 2267 932 2302 sus
966 2268 1200 2303 enunciandi
1221 2268 1521 2310 conclusionem,

874 2322 1014 2359 τελεῖαν
1055 2324 1211 2374 στιγμὴν
1253 2325 1439 2359 diversam
1471 2326 1522 2362 ab

874 2379 1097 2429 ὑποστιγμῆ.
1151 2382 1418 2416 Sententiarum
1458 2383 1521 2416 de-

875 2436 1014 2486 positio
1041 2438 1090 2472 est
1106 2438 1175 2473 ubi
1189 2436 1321 2472 nullus
1333 2437 1381 2471 fit
1403 2447 1522 2473 trans-

877 2495 978 2533 itus:
1016 2507 1142 2541 neque
1172 2493 1275 2528 enim
1307 2503 1392 2528 ante
1413 2493 1522 2530 huno

874 2549 989 2598 plane
1012 2551 1232 2598 deponenda
1249 2562 1342 2589 vox,
1366 2550 1520 2598 fedsus-

874 2606 1092 2655 pendenda;
1131 2606 1237 2653 quod
1266 2605 1368 2640 mihi
1399 2607 1519 2642 osten·

877 2663 919 2697 di
939 2663 1098 2697 videtur
1117 2662 1189 2697 illo
1208 2662 1303 2709 ipso,
1335 2675 1413 2711 quo
1426 2662 1519 2701 Ges·

876 2733 991 2756 uerus
1012 2730 1084 2756 nos
1105 2717 1282 2758 remittit,
1312 2718 1415 2758 loco.
