1779 3062
234 204 299 250 90
547 191 622 235 M.
670 192 801 237 ΕΑΒ.
855 193 1273 254 QUINTILIANt

233 316 339 371 nii,
388 325 440 363 et
473 314 742 364 sententiis
783 316 988 374 creber,
1028 315 1118 365 sed.
1147 318 1325 365 minus
1367 312 1586 382 preffus‚

147 408 396 456 105quam
443 392 690 460 historiae
741 395 1017 442 auctoritas
1068 392 1310 458 postulat.
1396 397 1584 461 Quam,

235 468 461 533 paulum
499 479 660 516 aetate
693 469 1007 533 praecedens
1037 486 1160 518 eum
1180 461 1383 537 Baffizcs
1414 464 1585 537 Achz'-

236 545 373 601 dius,
427 546 662 610 egregie,
706 547 894 610 utique
927 547 984 593 in
1016 546 1167 594 libris
1206 546 1335 591 belli
1371 547 1584 592 Germa-

236 622 369 678 nici,
409 621 677 687 praestitit,
719 639 909 686 genere
936 620 1048 687 ipso
1074 621 1362 686 probabilis
1388 621 1444 668 in
1469 636 1584 669 om·
1654 614 1656 616 ’

236 697 426 754 nibus,
485 697 575 745 fed.
615 700 671 745 in
708 698 1029 761 quibusdam
1074 697 1180 747 suis
1225 695 1333 762 ipse
1376 696 1585 744 viribus

145 777 426 822 wiminor.
516 773 759 838 Superest
807 774 1005 831 adhuc,
1066 786 1117 822 et
1159 784 1375 823 exornat
1407 773 1584 821 aetatis

230 849 438 899 nostrae
471 851 690 915 gloriam
710 888 723 909 ‚
758 853 843 899 vir
865 849 1166 900 seculorum
1192 850 1446 899 memoria
1468 848 1584 914 dig-

232 983 321 1018 nius
342 982 485 1018 minor.
521 982 577 1019 Cf.
604 983 638 1023 6,
665 993 699 1023 2,
727 995 787 1031 19.
821 994 857 1019 et
880 983 946 1018 hic
976 989 1066 1029 104.
1097 984 1263 1024 „elatum
1288 1003 1341 1011 -—
1362 982 1583 1030 spiritum,“

231 1039 274 1073 it.
298 1047 361 1084 44.
389 1041 550 1078 „elatior
581 1041 739 1090 ingenii¹
763 1041 865 1080 vis,“
900 1041 970 1074 ubi
1001 1041 1119 1075 Goth.
1153 1040 1257 1077 Voff.
1282 1050 1316 1074 2.
1347 1040 1480 1073 clarior
1507 1050 1581 1086 pro

233 1095 376 1130 elatIOr.
410 1096 537 1130 Etiam
567 1106 655 1141 129.
685 1096 804 1130 clarae
817 1094 1026 1144 sententiae
1045 1096 1185 1144 poffint
1203 1096 1332 1131 videri
1354 1095 1424 1130 effe
1446 1094 1581 1142 potius

233 1151 376 1190 elatae,-
404 1165 528 1199 neque
561 1162 688 1186 tamen
718 1165 817 1200 opus
845 1153 1080 1191 mutatione;
1124 1152 1171 1186 cf.
1215 1155 1248 1198 ᾖ.
1270 1151 1335 1198 46.
1395 1150 1583 1186 Nostrum

232 1206 363 1254 itaque
395 1207 459 1241 hic
488 1208 654 1255 reposui.
878 1208 1005 1242 creber.
1055 1209 1188 1242 Turic.
1221 1207 1324 1242 flor.
1360 1207 1509 1244 crebom·
1560 1219 1582 1240 a.

233 1263 300 1297 sec.
334 1276 383 1298 m.
418 1274 581 1310 uterque
615 1262 782 1301 crebrior,
819 1273 856 1297 et
889 1264 937 1297 fic
968 1263 1099 1311 Camp.
1132 1277 1222 1297 cum
1255 1263 1373 1298 Goth.
1404 1263 1509 1299 Voff.
1543 1273 1580 1296 2.

234 1318 348 1354 Colb.
383 1329 420 1353 et
444 1319 528 1353 edd.
562 1329 647 1353 ante
671 1318 779 1352 Bam.
1012 1317 1162 1368 preffus.
1194 1320 1327 1354 Turic.
1358 1322 1397 1363 (a
1418 1318 1486 1352 sec.
1508 1321 1581 1360 m.)

238 1376 372 1422 Camp.
395 1372 576 1422 expreffus·
607 1387 695 1408 cum
717 1373 830 1408 Bodl.
853 1375 965 1408 Paris.
990 1378 1151 1420 (1542.)
1175 1374 1303 1411 Colin.
1455 1371 1582 1423 postu·

234 1431 291 1465 Ιαε
313 1430 440 1465 Guelf.
464 1430 612 1465 omittit
633 1443 720 1464 cum
744 1430 847 1466 Voff.
877 1445 912 1466 1.
938 1440 974 1473 3.
1238 1471 1248 1474 ⁷

326 1496 413 1529 103.
465 1487 597 1537 Quam.
633 1486 763 1520 Turio.
797 1486 900 1522 Flor.
950 1487 1036 1532 (hic
1068 1501 1086 1520 a
1116 1500 1176 1535 pr.
1208 1489 1279 1531 m.)
1325 1488 1421 1536 quia.
1451 1485 1581 1523 Guelf-

236 1544 353 1594 Quem
373 1556 462 1577 cum
485 1542 587 1578 Voss.
610 1555 641 1576 1.
668 1550 705 1584 3·
937 1544 1170 1590 praecedens.
1195 1543 1328 1577 Tusic.
1348 1543 1523 1591 pendens.

319 1599 501 1644 Aufidius.
533 1597 660 1632 Guelf.
682 1595 863 1646 Affiduus.
894 1610 941 1632 ex
963 1599 1063 1635 Voff.
1089 1608 1125 1642 5.
1157 1596 1327 1647 Affidius.
1511 1597 1583 1647 sed

232 1658 281 1689 in.
311 1655 445 1689 Turio.
477 1653 580 1688 Flor.
611 1653 695 1698 (hic
731 1666 750 1686 a
771 1667 828 1701 pr.
852 1655 922 1698 m.)
957 1655 1155 1690 omittunt.
1380 1654 1463 1704 suis
1491 1653 1582 1703 ipse.

231 1711 365 1746 Turio.
399 1710 502 1745 Flor.
551 1711 607 1744 vis
647 1708 732 1756 ipse.
794 1709 921 1745 Guelf.
964 1709 1040 1758 ipse
1086 1711 1235 1747 omittit
1274 1724 1362 1746 cum
1403 1712 1508 1748 Voss'.
1542 1720 1582 1754 5.

231 1769 453 1815 Utrumque
492 1766 641 1801 omittit
675 1766 807 1814 Camp.
842 1779 930 1800 cum
963 1766 1081 1802 Goth.
1109 1767 1210 1804 Voss.
1236 1777 1272 1803 2.
1308 1779 1347 1803 et
1377 1767 1460 1803 edd.
1495 1779 1583 1803 anto

231 1823 339 1859 Bafil.

324 1885 413 1923 ²04·
444 1874 622 1926 Superest.
645 1876 898 1926 Turic.super
921 1881 1010 1924 ejus,
1026 1890 1045 1911 a
1069 1878 1200 1913 sec.m.
1226 1877 1397 1926 sermone
1410 1876 1582 1927 superior

232 1938 322 1982 ejus.
556 1935 685 1973 adhue,
720 1944 766 1970 et.
796 1936 929 1970 Turic.
951 1935 1055 1970 Flor.
1082 1934 1167 1978 (hic
1190 1948 1208 1968 a
1233 1948 1290 1983 pr.
1315 1935 1385 1979 m.)
1420 1935 1470 1969 ad
1501 1935 1582 1975 hoc,

234 1993 372 2028 omiffo
395 2000 441 2026 et.
559 1992 745 2025 memoria.
777 1991 909 2027 Turio.
933 1991 1036 2027 Flor.
1062 1990 1146 2035 (hic
1167 2004 1184 2025 a
1207 2005 1264 2039 pr.
1279 1995 1350 2036 m.)
1371 1992 1580 2028 memoriae.

278 2093 475 2143 sentenciis
499 2092 640 2131 creber,·
671 2092 717 2127 cf.
743 2092 807 2136 63.
937 2093 1035 2128 senis
1064 2093 1295 2132 admodum,
1341 2091 1462 2128 multa
1491 2105 1583 2128 cum.

288 2147 450 2198 preffus,·
471 2149 580 2191 cha:
602 2158 638 2189 2,
675 2159 764 2192 117.
937 2148 1050 2184 laude
1109 2148 1288 2184 meminit
1341 2150 1385 2184 L.
1442 2151 1584 2184 Seneca.

297 2214 388 2248 103·
419 2203 549 2253 Baffus
565 2203 748 2251 Aufidius.
817 2206 878 2242 Ab
936 2205 1054 2252 Epist.
1111 2205 1237 2239 XXX.
1296 2204 1424 2240 filium
1473 2203 1583 2241 illius

232 2264 350 2308 hujus
371 2261 652 2306 (historiarum)
668 2259 742 2295 fine
760 2275 880 2296 avun-
937 2260 1060 2300 fuiffe,
1093 2260 1326 2308 suspicantur
1359 2262 1509 2310 Lipsius
1547 2271 1585 2297 et

232 2318 365 2354 culum
400 2318 509 2352 [uum
536 2329 667 2351 rerum
691 2317 879 2364 gestarum
938 2315 1054 2351 Gerh.
1079 2318 1140 2355 Jo.
1165 2316 1316 2353 Voffius
1339 2319 1404 2364 (de
1417 2318 1584 2353 Histori-

234 2375 357 2410 libros
379 2373 589 2409 condidiss'e
600 2374 885 2413 XXXI,narrat
941 2372 995 2407 cis
1015 2372 1099 2407 Lat.
1122 2374 1161 2412 I,
1194 2375 1290 2417 22.).

234 2431 386 2466 Plinius
416 2430 548 2464 minor
565 2429 681 2478 Epist.
704 2438 740 2472 3,
779 2436 814 2472 5,
846 2429 883 2464 6.
1005 2434 1095 2471 104.
1126 2426 1295 2476 Superest
1315 2429 1433 2464 adhue
1453 2447 1509 2456 -—·
1527 2429 1586 2463 vir

233 2487 346 2522 Lecti
386 2495 492 2523 eraut
537 2484 578 2519 hi
610 2483 760 2520 Aufidii
789 2484 884 2520 libri
932 2481 1140 2531 seculorum
1203 2487 1379 2520 memoria
1438 2485 1586 2533 dignus.

236 2544 314 2589 jam
367 2544 528 2577 Senecae
578 2541 701 2590 patri,
757 2539 883 2588 elogia
940 2539 1040 2580 „Illa
1077 2540 1332 2586 Quinctiliani
1359 2541 1510 2576 fortass‘e
1540 2540 1589 2575 ad

238 2599 437 2634 Ciceronis
479 2597 569 2632 inde
612 2597 716 2632 haud
766 2597 885 2633 dubie
941 2590 1147 2635 „Tacitum
1170 2597 1588 2644 referumqumbigo

237 2653 452 2703 proferenti
498 2653 541 2688 in
590 2654 763 2689 Suasoria
814 2654 884 2689 VI.
942 2651 1071 2693 „idem
1105 2652 1195 2700 quia
1217 2652 1311 2687 haec
1330 2653 1426 2688 vivo
1448 2652 1589 2688 Domi-

240 2711 365 2758 Quare
388 2708 514 2750 illum,
530 2710 651 2756 cujus,
665 2721 886 2759 quanquam
941 2708 1075 2749 „tiano
1103 2708 1243 2745 Fabius
1275 2708 1450 2758 scripfiffe
1478 2708 1590 2744 vide-
