1779 3062
219 765 260 790 20

275 168 371 214 513
587 154 663 202 Μ.
699 155 836 202 FAB.
874 154 1322 216 QU1NT1L1AN1‘
1391 178 1394 181 -

279 292 486 339 cerent,
528 283 624 346 qui
665 281 823 330 etiam
858 280 1041 346 eloqui
1074 280 1494 346 praestantiffime
1515 279 1636 349 pof-

282 358 429 408 sent‘?
509 355 835 423 Utinamque
876 355 943 407 sit
981 368 1190 424 tempus
1231 373 1489 425 unquam,
1525 378 1636 425 quo

286 434 556 503 perfectus
605 436 824 500 aliquis,
876 435 1088 500 qualem
1133 446 1404 502 optamus,
1457 448 1638 486 orator

284 513 423 562 hanc
472 523 639 561 artem
679 511 908 578 superbo
945 514 1167 562 nomine
1220 524 1273 561 et
1310 514 1458 561 vitiis
1502 530 1641 578 quo-

286 589 520 639 rundam
559 589 699 639 bona
740 593 868 650 ejus-
894 592 1356 654 corrumpentium
1395 588 1640 648 invisam,

285 667 526 716 vindicet
574 664 702 724 sibi,
753 683 837 723 ac,
891 668 1042 715 velut
1078 666 1237 714 rebus
1276 667 1542 730 repetitis,
1579 668 1656 714 in*

292 760 490 810 corpus
533 744 869 809 eloquentiae
906 742 1144 791 adducat.
1235 746 1380 810 Quae
1419 742 1660 807 quidem„

291 838 415 869 curn
450 819 516 868 fit
550 822 609 869 in
638 833 741 870 tres
772 818 944 869 divisa
966 831 1155 886 partes,
1194 818 1500 876 naturalem,
1538 835 1655 868 mo·-

293 897 485 957 ralem‚
525 897 856 948 rationalem:
898 914 1002 963 qua
1041 896 1254 946 tandem
1280 895 1394 946 non
1420 895 1494 945 est
1523 912 1648 945 cum

575 1065 668 1100 hanc
707 1074 836 1099 artem.
897 1063 961 1098 Sic
998 1063 1131 1099 Ambr.
1168 1072 1204 1099 2.
1249 1062 1377 1099 Guelf.
1418 1075 1450 1100 c.
1483 1062 1579 1100 Obr.
1612 1062 1650 1100 h.

295 1130 441 1171 partem
467 1119 637 1168 reliqui;
670 1120 717 1156 cf.
754 1128 823 1160 12,
861 1133 906 1159 1,
944 1119 1003 1155 16.
1063 1119 1230 1167 Vulgata
1262 1120 1312 1155 ob
1345 1133 1405 1156 eas
1437 1132 1534 1168 quae
1556 1131 1652 1155 mox

298 1178 361 1223 (ᾗ.
399 1179 482 1221 10.)
517 1177 603 1211 sunt
636 1185 706 1211 tres
735 1184 860 1224 partes
890 1175 985 1216 fen-i
1014 1177 1163 1223 nequit.
1209 1176 1397 1211 vin-‘licent
1425 1176 1530 1212 Flor.
1594 1175 1655 1211 Ad

299 1234 420 1281 hujus
452 1237 487 1281 ᾗ.
524 1245 666 1268 vocem
703 1234 926 1280 Utinamque
950 1230 1089 1266 definit
1118 1232 1420 1267 commentarius
1443 1233 1653 1281 Regianus.

519 1312 556 1345 in
587 1308 699 1359 tristis
728 1311 765 1345 d.
798 1310 904 1346 Flor.
1051 1324 1123 1359 qua
1155 1311 1314 1346 tandem.
1348 1310 1412 1346 sic
1443 1311 1577 1347 Ambr.
1616 1321 1654 1346 2.

304 1368 433 1421 Guelf.
464 1381 495 1406 c.
528 1370 642 1405 Bern.
676 1380 784 1416 quam
814 1377 940 1403 tamen
969 1367 1104 1404 Turio.
1135 1380 1229 1417 quae
1250 1375 1374 1424 tamnen
1391 1367 1497 1404 Flor.
1521 1369 1656 1417 Camp.

392 1326 456 1349 10·

367 1528 404 1565 9.
472 1518 757 1564 Utinamque—
777 1526 951 1566 unquam.
1012 1515 1224 1563 suspectum
1247 1515 1314 1560 (cf.
1339 1528 1372 1552 1.
1393 1518 1482 1552 Pro.
1503 1514 1586 1562 14.)
1597 1515 1658 1551 in-

306 1574 499 1611 Posterius
524 1583 625 1609 recte
658 1583 790 1608 tuetur
810 1574 956 1608 Badius
1014 1572 1165 1607 vidiam
1201 1571 1346 1608 fecerit.
1404 1574 1500 1619 Ejus
1535 1583 1665 1608 autem

308 1641 444 1667 contra
473 1630 638 1678 Regium
670 1639 873 1677 negantem
906 1629 958 1664 ci-

307 1698 367 1723 tra
390 1687 637 1734 negationem
658 1686 767 1733 poni.
820 1686 892 1721 Sed
919 1697 960 1719 ea

312 1744 390 1791 ipsa
405 1743 454 1778 est
467 1743 508 1777 in
521 1742 829 1789 interrogatione
841 1755 850 1782 ·‚
874 1737 963 1787 qua-

312 1799 393 1835 lem
423 1794 770 1846 frequentiffimam
804 1799 963 1832 demon-

314 1855 404 1892 strat
428 1855 533 1889 idem
564 1853 707 1888 Badius
738 1854 779 1888 in
808 1853 889 1888 illis
920 1866 963 1888 en

316 1914 388 1947 erit
400 1925 560 1959 unquam
575 1909 644 1944 Ille
666 1910 744 1944 dies
757 1911 865 1958 Virg.
882 1908 964 1945 Ecl.

320 1975 359 2013 8,
385 1978 422 2012 7.
453 1968 516 2002 De
541 1967 613 2001 hac
633 1965 759 2001 forma
776 1968 964 2001 Burman-

319 2037 395 2061 nus
427 2023 578 2072 ablegat
611 2021 659 2057 ad
691 2023 725 2060 J.
748 2025 788 2058 F.
813 2024 966 2058 Grono-

321 2079 436 2117 vium
458 2080 505 2115 ad
531 2079 620 2115 Liv.
649 2086 714 2121 30,
735 2090 802 2118 21,
826 2086 862 2123 8.
894 2078 969 2113 Sed

323 2137 507 2175 tractavit
541 2137 618 2182 jam
659 2135 897 2182 Erythraeus
928 2135 971 2168 iu

324 2194 458 2230 Indice
470 2191 611 2240 Virgil·
623 2204 659 2226 v.
673 2205 843 2240 unquam.
856 2191 967 2239 Opti-

326 2263 390 2286 me
419 2262 580 2297 unquam
607 2247 827 2283 restitutum
873 2248 972 2283 Ovi-

329 2306 389 2342 dii
412 2305 543 2342 versui
562 2306 695 2339 Amor.
725 2316 756 2345 1,
782 2303 818 2342 (J,
843 2312 907 2347 25.
930 2304 975 2340 ab

329 2363 491 2399 Heinfio
519 2371 655 2396 monet
674 2361 809 2396 Burm.
834 2360 904 2395 ubi
926 2361 977 2394 sa·

331 2432 382 2454 ne
402 2417 511 2454 nulla
531 2429 601 2453 nec
619 2416 788 2465 negatio,
818 2429 889 2452 nec
917 2417 978 2451 in·

332 2474 563 2521 terrogatio.

391 2531 485 2566 hanc
503 2538 631 2565 artem.
671 2528 875 2577 Significat
891 2527 979 2577 phi·

333 2586 577 2635 hsophiam,
647 2585 713 2620 cui
749 2598 893 2620 nomen
934 2585 979 2620 ab

337 2643 504 2690 originis
537 2642 622 2676 suae
653 2640 836 2679 modestia
870 2640 982 2676 defle-

337 2710 456 2742 xum,
523 2700 681 2748 jamque
742 2698 982 2747 arrogantiae

1018 1627 1213 1676 triplicem
1253 1627 1487 1664 divisionem
1528 1630 1667 1677 tetige-

1018 1695 1078 1719 rat
1109 1684 1150 1719 in
1182 1685 1391 1720 Prooemio
1426 1698 1585 1734 quoque
1608 1696 1668 1720 to·

1022 1742 1099 1774 tius
1136 1741 1266 1787 operis
1301 1742 1333 1783 ᾗ.
1370 1750 1430 1786 15.
1492 1743 1669 1789 Quarum

1021 1796 1193 1845 partium
1217 1796 1372 1839 eadem,
1414 1812 1511 1847 quae
1541 1798 1669 1834 noster

1024 1852 1088 1895 (cf.
1129 1852 1165 1893 6,
1198 1862 1234 1893 2,
1269 1855 1337 1897 3.),
1379 1854 1568 1891 vocabula
1597 1868 1671 1904 po·

1023 1918 1122 1944 nunt
1141 1911 1281 1953 Sene-ca
1304 1911 1420 1959 Epist.
1443 1918 1508 1959 89.
1532 1923 1570 1947 et
1589 1911 1671 1947 Ma·

1025 1965 1184 2001 erobius
1233 1968 1275 2001 in
1324 1967 1404 2003 fine
1453 1967 1583 2004 libelli
1621 1969 1672 2004 de

1026 2022 1189 2056 Somnio
1231 2024 1449 2071 Scipionis;
1505 2024 1566 2059 sed
1603 2024 1672 2060 hio

1027 2079 1252 2114 rationalem
1301 2093 1566 2129 nequaquam,
1630 2091 1673 2116 ut

1030 2145 1117 2168 cum
1161 2136 1300 2170 Seneca
1331 2136 1429 2182 Ωιι,
1476 2137 1522 2171 ad
1554 2137 1673 2173 diale-

1026 2191 1151 2225 cticen
1172 2191 1357 2240 astringit,
1386 2206 1522 2228 verum
1545 2194 1591 2228 de
1621 2196 1675 2228 ἰη-

1031 2249 1217 2294 corporeis
1247 2248 1463 2285 sermonem
1503 2250 1574 2285 effe
1601 2260 1676 2286 tta-

1035 2302 1113 2341 dit,
1146 2315 1233 2338 cum
1265 2304 1310 2338 de
1337 2313 1438 2341 motu
1463 2315 1499 2341 el:
1531 2309 1678 2342 immor-

1037 2359 1182 2393 talitate
1229 2363 1376 2396 animae
1431 2363 1679 2410 disputetur,

1038 2428 1134 2461 quae
1157 2416 1325 2451 naturali
1346 2417 1619 2467 philosophiae
1632 2419 1680 2454 ab

1035 2470 1116 2506 illis
1164 2473 1458 2521 impertiuntur.
1541 2477 1682 2523 Corpus

1038 2526 1283 2577 qloquentiae
1343 2531 1510 2571 dicitur,
1569 2531 1682 2576 cujus

1041 2585 1146 2632 quasi
1177 2585 1350 2621 membra
1389 2587 1462 2623 [int
1490 2585 1682 2635 finguhe,

1039 2652 1133 2688 quas
1157 2652 1288 2677 orator
1307 2654 1436 2678 mente
1457 2641 1684 2691 complecti-

1039 2707 1116 2737 tur,
1147 2709 1246 2734 artes
1277 2698 1344 2745 (cf.
1372 2710 1436 2742 22,
1469 2714 1505 2742 1,
1527 2699 1627 2744 25.).
