1779 3062
449 123 615 171 INST.
655 123 939 173 ORATOR.
981 124 1238 182 maxn,
1276 137 1324 185 9.
1464 124 1563 183 587

206 249 352 310 diis‚'
396 253 464 321 et'
493 253 720 302 occultis
759 252 966 303 artibus
1002 268 1117 302 rem
1161 262 1320 319 geret.
1416 257 1577 324 Quae-⁴
1598 269 1625 314 4

207 329 390 385 omnia
421 337 558 396 non,‘
597 329 730 380 dum
759 328 924 390 fiunt,
965 330 1272 389 laudantur,
1312 329 1404 380 sed
1441 349 1568 383 cum

114 406 345 467 2031facta
375 405 525 457 sunt:
607 407 755 457 unde
791 409 949 458 etiam
979 409 1162 459 minus
1202 409 1415 476 cupidis
1453 412 1572 477 opi-

205 486 390 537 nionis
419 485 545 551 plus
571 485 781 535 fructus
812 486 976 536 venit.
1057 486 1202 536 Nam
1226 504 1352 536 cum
1372 487 1466 537 illa
1488 487 1570 538 di-

209 563 368 613 cendi
395 562 585 613 vitiosa
608 563 818 627 jactatio
850 564 991 613 inter
1014 562 1286 630 plausores
1318 563 1444 616 suos
1476 566 1569 615 de-

207 644 415 703 tonuit,
453 639 682 710 resurgit
713 657 872 692 verae
907 641 1126 693 virtutis
1167 640 1364 695 fortior
1398 642 1567 695 fama:

206 899 280 938 diis
306 899 412 939 Flor.
447 898 580 952 camp.
640 902 770 940 Habet
800 901 906 952 quod
938 900 1185 944 blandintum
1217 908 1262 940 ut
1290 903 1338 940 rit
1368 901 1569 941 distinctio

206 959 311 998 inter
341 970 383 996 ea
413 973 511 1009 quae
536 958 732 996 machinis
764 972 802 997 et
830 959 1111 1000 instrumentis,
1144 968 1182 995 et
1213 974 1311 1009 quae
1342 961 1420 997 astu
1452 961 1569 998 fiunt.

205 1015 356 1052 Tamen
395 1029 486 1053 cum
525 1015 669 1065 aliquis
713 1017 830 1053 etiam
870 1030 941 1066 per
981 1027 1146 1066 cognata
1186 1018 1370 1054 transitus
1400 1017 1468 1055 hic
1504 1018 1571 1058 sit,

205 1084 354 1110 novare
385 1074 445 1110 nil
474 1073 614 1115 volui,
645 1075 872 1125 praesertim
903 1075 976 1112 ubi
1008 1085 1085 1111 tam
1124 1087 1276 1124 pronus
1317 1074 1475 1113 librarii
1515 1074 1570 1112 la·

202 1134 303 1180 psus.
429 1135 548 1172 acutis
579 1132 716 1183 Cupp.
766 1140 769 1141 ’
808 1136 810 1141 ²
835 1141 980 1182 ngaret
1011 1130 1117 1169 Flor.
1149 1143 1184 1171 ο.
1210 1131 1317 1170 Alm.

325 1298 362 1338 4.
397 1295 512 1331 etiam
541 1291 787 1344 cupidiſj‘imz‘s
822 1293 1016 1341 opinionis
1052 1290 1188 1329 Turic.
1226 1290 1333 1329 Ποῖ.
1367 1291 1499 1329 Guelf.
1533 1305 1566 1331 e.

206 1350 324 1390 Bodl,
363 1353 475 1391 Joan.
507 1350 610 1388 Alm.
649 1351 755 1390 Voss'.
797 1365 832 1387 ι.
880 1349 982 1399 (qui
1011 1361 1048 1386 et
1079 1350 1346 1398 opinionibus)
1397 1351 1499 1389 Jens.
1532 1361 1573 1388 et

208 1410 297 1446 edd.
328 1410 439 1459 Ροίὶ.Γ
459 1420 546 1446 ante
579 1408 668 1446 Ald.
728 1423 760 1444 e.
794 1408 937 1458 cupidis
967 1410 1086 1443 minus
1118 1420 1153 1444 o.
1185 1406 1290 1445 Van.
1322 1407 1427 1446 Voff.
1462 1417 1501 1444 2.
1536 1417 1576 1452 5.

207 1466 302 1512 (hos
335 1467 415 1504 duo
446 1467 553 1502 enim
584 1468 848 1507 Burmannus,
882 1465 953 1514 qui
981 1466 1088 1505 Voss'.
1127 1478 1159 1500 1.
1194 1477 1402 1507 memorat.
1433 1466 1577 1516 utique

207 1538 290 1561 non
320 1524 504 1565 tacuisset,
535 1524 565 1560 fi
595 1537 615 1559 a
640 1524 709 1574 *sua
735 1523 924 1573 scriptura
952 1522 1208 1570 recederent)
1258 1525 1382 1559 Stoer.
1417 1534 1455 1559 et
1486 1523 1574 1560 edd.

205 1581 302 1632 post.
332 1593 419 1618 ante
451 1581 561 1619 Gesn.
599 1593 681 1617 exc.
716 1580 815 1618 obr.
852 1581 924 1629 qui
953 1581 1138 1616 codicum
1177 1579 1446 1629 plurimorum
1486 1581 1575 1616 scri-

205 1637 364 1689 pturam
396 1639 515 1681 dedit,
545 1639 607 1675 sed
637 1637 762 1675 deleta
790 1650 891 1675 voce
921 1638 1027 1687 plus,
1076 1637 1133 1672 ita
1164 1636 1283 1679 haec,
1324 1647 1370 1673 ut
1398 1637 1574 1680 videtur,

206 1696 460 1745 intelligens:
487 1697 625 1738 „unde
655 1695 703 1742 (i.
737 1710 785 1733 ex
816 1709 892 1745 qua
924 1694 1092 1730 tardiori
1120 1693 1256 1740 laude)
1278 1693 1343 1730 vel
1370 1695 1576 1746 cupidiffi-

206 1755 287 1790 mis
313 1754 466 1803 gloriae
494 1754 646 1790 fructus
677 1755 840 1789 venit“:
873 1751 983 1801 quod
1013 1764 1095 1786 non
1125 1764 1207 1786 uno
1238 1751 1403 1787 nomine
1435 1751 1574 1801 displi-

208 1822 281 1848 cet.
339 1811 429 1848 Nos
458 1811 742 1861 praeeuntibus
779 1808 885 1845 Aldo
928 1819 966 1844 et
995 1808 1108 1844 Gesn.
1147 1807 1191 1843 in
1223 1810 1265 1843 ea
1297 1808 1485 1857 [criptura
1514 1821 1574 1845 ac·

209 1868 458 1918 quiescimus,
488 1881 607 1917 quam
637 1881 720 1904 non
752 1865 957 1902 Gothanus
989 1874 1153 1906 tantum,
1189 1864 1266 1905 sed,
1300 1866 1414 1912 cujus
1446 1866 1575 1914 major

209 1926 259 1962 est
291 1925 524 1974 auctoritas,
565 1925 700 1974 Camp.
731 1924 848 1961 etiam
880 1921 1057 1959 exhibet.
1116 1922 1303 1958 Nimium
1336 1923 1440 1958 enim
1471 1923 1576 1960 veri-

208 1982 336 2019 simile
369 1982 419 2019 est
450 1982 705 2018 vetustiorem
737 1980 964 2029 scripturam
998 1990 1127 2017 natam
1158 1979 1231 2015 effe
1269 1978 1483 2028 sphalmata
1524 1993 1576 2016 ex

198 2041 284 2077 >ino
317 2040 460 2089 cupidis
487 2042 620 2080 minus,
651 2039 748 2075 sicut
780 2039 857 2075 hoc
891 2051 939 2075 ex
967 2036 1092 2073 nostra
1124 2050 1195 2087 per
1224 2037 1450 2073 mendosam
1479 2050 1576 2086 qua-

208 2097 290 2135 lem
329 2098 448 2134 toties
487 2097 666 2134 vidimus
704 2096 1047 2145 transpositionem
1089 2096 1295 2136 extiterat,
1336 2093 1419 2131 illis
1460 2096 1581 2130 minus

159 2172 161 2174 ·
210 2156 413 2206 opinionis,
446 2155 532 2203 plus
555 2153 705 2203 fructus
736 2164 987 2204 apparentem
1019 2152 1215 2202 quendam
1246 2151 1309 2188 sed
1329 2164 1467 2188 revera
1491 2151 1580 2188 nul·

210 2212 296 2251 lum
316 2212 462 2250 senium
485 2211 780 2260 praebentibus.
875 2210 1019 2259 fluctus
1039 2210 1177 2247 Turio.
1276 2207 1446 2258 plosores
1469 2209 1583 2246 FIor.·

210 2271 379 2307 retonuit
408 2269 543 2305 Turic.
575 2269 681 2306 Flor.
799 2283 889 2306 vera
920 2277 957 2304 σε
983 2268 1133 2304 virtutis
1152 2266 1286 2303 Turio.
1309 2265 1415 2302 Flor.
1441 2267 1578 2316 Camp-

211 2363 264 2407 (ε.
291 2359 396 2398 Alm.
428 2361 498 2410 qui
523 2360 643 2399 habet
670 2330 770 2406 get)
814 2370 853 2397 et
893 2359 979 2396 edd.
1012 2369 1100 2396 ante
1140 2358 1230 2396 Ald.
1272 2358 1339 2395 cui
1367 2352 1579 2409 scripturae

215 2590 332 2629 disin
352 2591 522 2626 nimium
546 2588 624 2626 hoc
638 2588 872 2638 allegoriam.
988 2593 1025 2632 4.
1055 2587 1258 2637 opinionis.
1281 2583 1374 2626 vid.
1396 2593 1434 2628 2,
1463 2596 1522 2627 12,
1538 2591 1575 2632 5.

213 2648 421 2700 premendi
441 2648 627 2687 studium,
657 2646 769 2696 quale
795 2660 867 2684 no·
928 2655 964 2682 et
983 2644 1050 2681 hic
1073 2654 1112 2688 7.

214 2715 365 2744 taverat
387 2706 503 2742 etiam
531 2713 569 2746 2,
595 2710 632 2749 4,
660 2714 696 2749 7.
