1779 3062
376 190 541 235 ms'r.
581 191 861 237 ORATOR.
899 192 1021 236 ΜΒ.
1056 191 1143 248 XI,
1182 204 1228 247 3.
1375 198 1478 249 445

136 328 274 367 certe
294 314 357 364 sit
382 314 622 364 inferior.
701 318 821 375 Ille,
863 319 959 383 qui
979 317 1072 367 sub
1091 317 1323 366 humero
1355 314 1480 366 dex-

134 405 217 443 tro
247 393 312 442 ad
344 392 614 441 sinistrum
652 392 870 456 oblique
903 395 1144 453 ducitur,
1186 395 1337 443 velut
1367 393 1480 442 bal-

50 481 276 528 ·051teus‚
316 487 414 518 nec
449 468 761 533 strangulet,
806 487 903 517 nec
932 470 1072 520 fluat.
1153 474 1274 519 Pars
1310 481 1481 536 togae,

135 564 270 613 quae
307 544 485 614 postea
510 546 835 610 imponitur,
871 545 932 594 sit
960 547 1210 596 inferior:
1253 564 1376 595 nam
1405 548 1480 594 ita

135 636 188 674 et
211 623 352 672 sedet
383 624 601 680 melius,
644 632 695 669 et
729 622 1043 673 continetur.
1124 623 1482 672 Subducenda

135 702 291 750 etiam
312 717 430 767 pars
451 701 625 766 aliqua
653 699 887 755 tunicae,
927 717 994 747 ne
1030 701 1095 748 ad
1129 702 1382 748 lacertum
1419 701 1480 749 in

136 788 255 827 actu
284 777 487 828 redeat:
547 787 662 825 tum
693 774 838 826 sinus
869 775 1190 837 injiciendus
1221 777 1482 835 humero,

137 923 240 964 hius,
265 931 302 958 et
321 934 383 957 eae
405 920 582 969 profecto
600 919 684 956 sunt
694 934 781 968 par-

138 987 202 1019 tes,
227 992 318 1026 quas
333 978 420 1026 sinu
443 977 618 1012 abscondi
635 975 780 1025 signifi-

137 1047 197 1072 cat
217 1032 419 1074 ,Iuvenalis
445 1045 481 1079 9,
507 1042 571 1076 33.
633 1033 779 1074 Sentio,

137 1101 326 1141 quantum
348 1088 591 1139 displicitura
620 1091 664 1125 sit
692 1103 781 1125 con-

135 1149 294 1196 jectura,
319 1160 415 1195 quae
454 1147 599 1193 nigrum
629 1149 665 1180 in
698 1160 782 1182 can-

137 1205 228 1240 dida
240 1211 378 1240 vertere
390 1201 567 1243 videtum
592 1202 650 1238 sed
669 1213 782 1238 tueor

137 1275 200 1298 me
233 1260 460 1296 auctoritate
490 1257 583 1293 Aidi
615 1259 782 1307 nepotis,

139 1317 210 1366 qui
233 1316 391 1353 candem
406 1314 513 1349 sunsit
525 1314 783 1350 mutationem

139 1375 182 1410 iu
211 1373 300 1409 loco
328 1371 399 1407 illo
431 1371 648 1407 Macrobii:

140 1429 187 1466 ad
211 1434 243 1478 ᾗ.
275 1438 366 1476 159.

198 1487 267 1522 Ille
280 1505 333 1513 --
346 1485 446 1521 velut
471 1482 624 1519 balteus.
670 1485 785 1519 Hunc

701 1371 783 1406 vid.

150 1544 221 1581 effe
240 1542 354 1578 illum
376 1554 562 1589 rugarum
578 1540 786 1588 complica-

141 1612 290 1640 tarum,
323 1595 393 1646 qui
423 1597 467 1632 ab
505 1597 590 1632 aliis
626 1597 784 1635 dicitur,

140 1656 355 1695 umbonem,
399 1653 446 1688 ad
484 1665 607 1689 unum
651 1664 785 1688 omnes

139 1721 398 1762 agnoverunt.
459 1710 592 1745 Tuber
619 1710 668 1746 est
687 1708 786 1743 veste

141 1767 367 1817 ampiiffima
381 1768 445 1803 sub
462 1766 598 1802 dextro
620 1766 786 1801 humero

141 1827 189 1862 ad
210 1824 401 1860 sinistrum
421 1833 674 1872 procurrente
695 1822 788 1856 stru-

143 1894 272 1920 ctum,
332 1880 375 1914 in
419 1881 530 1925 cujus
576 1877 790 1926 ponderosa

142 1937 248 1974 mole
268 1935 437 1971 fulcrum
470 1935 588 1970 habet
610 1945 647 1969 et
666 1933 791 1968 firmi-

145 1994 320 2031 tudinem
331 1991 555 2027 vafiissimus
568 2002 678 2038 togae
689 1991 794 2025 amb·

145 2053 249 2090 itus,
281 2049 423 2097 cuique
450 2048 632 2082 inseritur
659 2047 794 2082 inniti·

147 2118 289 2156 turque
330 2118 429 2154 quae
464 2116 552 2152 pars
594 2117 613 2137 a
643 2104 792 2138 sinistro

146 2161 314 2200 humero
338 2161 569 2200 demittitur,
598 2161 658 2195 sed
679 2161 732 2196 ita
752 2170 794 2195 ut

146 2220 247 2258 infra
268 2219 394 2267 ipsum
415 2216 628 2252 umbonem
654 2217 794 2266 depen-

146 2277 248 2324 deat,
278 2286 316 2310 et
338 2261 430 2310 ilaec
459 2273 507 2310 est
528 2287 569 2308 ea
595 2287 712 2322 „pars
735 2283 792 2308 to-

150 2346 260 2382 „gae,
283 2346 378 2380 quae
396 2328 531 2380 postea·
549 2331 792 2378 imponitur.“

149 2391 225 2424 Res
255 2388 339 2422 satis
371 2397 527 2436 apparet
557 2386 793 2434 inspicienda

151 2444 232 2485 illa,
261 2457 357 2492 quae
381 2456 399 2477 a
415 2442 598 2491 Philippo
613 2443 792 2478 Rubenio

151 2502 194 2537 in
225 2499 368 2535 Electis
397 2499 570 2549 primum
597 2500 794 2548 proposita

152 2558 242 2596 fuit,
276 2555 391 2591 statua
416 2566 555 2604 togata,
596 2567 692 2591 mox
729 2554 794 2589 Al-

151 2613 263 2652 herto
282 2612 462 2647 Rub'enio
488 2624 524 2647 et
539 2613 714 2647 Ferrario
734 2625 793 2646 re-

149 2670 290 2719 petita3
330 2682 399 2703 nec
441 2669 574 2703 desunt
601 2667 794 2717 plurimae

151 2726 355 2763 statuarum
390 2724 539 2774 effigies
577 2725 684 2761 idem
730 2724 795 2759 de—

837 920 1099 956 monstrantes.
1162 924 1205 956 In
1229 920 1297 956 illa
1319 921 1402 956 sane
1421 920 1482 955 lu-

839 977 1091 1013 culentissima
1114 978 1336 1013 Rubeniana
1356 978 1394 1011 id
1410 977 1485 1011 im-

837 1035 975 1083 primis
1005 1033 1236 1073 dolendum,
1281 1033 1387 1081 quod
1420 1046 1486 1068 ne·

840 1105 914 1141 que
947 1091 1025 1139 ipse
1058 1091 1127 1138 qui
1154 1089 1334 1138 protulit,
1360 1102 1488 1137 neque

841 1147 911 1196 qui
923 1146 1048 1195 postea
1062 1147 1146 1182 sunt
1166 1148 1234 1187 usi,
1251 1146 1490 1187 indicarunt,

840 1204 911 1240 ubi
925 1200 1171 1239 inveniretur
1184 1203 1381 1251 spectanda
1396 1201 1493 1238 haee

841 1261 986 1308 imago.
1050 1260 1190 1307 Neque
1221 1260 1323 1295 enim
1360 1272 1490 1294 exem·

841 1316 901 1366 pli
937 1316 1058 1352 modo
1100 1316 1188 1351 vice
1232 1316 1492 1363 excogitatam

843 1372 984 1413 credo3
1018 1385 1115 1420 quae
1137 1372 1255 1407 fuerit
1267 1371 1493 1407 alieniffima

844 1428 1061 1476 diligentia.
1119 1428 1248 1464 Habet
1271 1443 1310 1464 ea
1328 1428 1493 1463 inFerio*

842 1499 926 1520 rem
948 1497 1056 1519 oram
1080 1484 1212 1532 longe,
1237 1498 1354 1533 quam
1367 1484 1492 1531 Quin·

843 1540 1002 1576 tiliauus
1028 1541 1237 1588 praefinit,
1297 1539 1493 1576 demiffio-

843 1610 940 1636 rem,
967 1607 1011 1631 ut
1023 1597 1226 1631 Ciceronis
1247 1597 1493 1644 temporibus

845 1665 1061 1701 congruere
1074 1653 1268 1690 videatur,
1292 1655 1338 1689 cf.
1354 1653 1385 1696 ᾗ.
1405 1659 1496 1698 143.

899 1708 1144 1745 Subducenda
1164 1727 1218 1736 —-·
1239 1725 1326 1759 pars
1369 1710 1498 1757 aliqua

848 1768 1004 1801 tunicae.
1070 1766 1170 1800 Cum
1200 1767 1356 1803 colobia
1379 1766 1498 1802 essent

847 1822 1023 1860 tunicae,
1055 1831 1182 1855 tamen
1209 1822 1338 1871 aliqua
1363 1836 1499 1859 earum

847 1891 934 1926 pars
967 1878 1012 1912 ab
1042 1877 1211 1913 humero
1240 1879 1282 1914 in
1308 1878 1499 1914 lacertum

848 1934 1146 1982 porrigebatur,
1189 1947 1286 1982 quae
1317 1949 1365 1970 ne
1393 1933 1497 1970 affri-

852 2001 917 2025 ctu
966 1991 1184 2025 adverteret
1232 2004 1270 2028 et
1322 1992 1499 2028 turbaret

853 2057 1042 2095 agentem,
1064 2045 1304 2095 subducenda
1329 2050 1357 2085 i.
1378 2062 1410 2085 e.
1437 2061 1497 2084 re·

850 2104 1045 2138 curvanda
1069 2114 1105 2139 et
1133 2104 1175 2138 in
1196 2104 1271 2141 alas
1291 2105 1498 2141 intruden-

851 2161 895 2195 da
918 2171 1008 2196 erat.
1067 2162 1184 2195 Recta
1207 2162 1382 2198 versione
1409 2162 1499 2197 usus

851 2217 901 2252 est
921 2217 1147 2263 Gedoynus,
1171 2217 1378 2267 retrouffer.

906 2272 1092 2321 tumsinus
1103 2274 1320 2318 injiciendus
1332 2275 1497 2313 humero.

850 2332 966 2366 Hunc
996 2343 1067 2378 ego
1094 2330 1217 2365 sinum
1254 2344 1343 2366 cum
1370 2331 1498 2368 Rube-

851 2387 920 2422 nio
943 2398 978 2422 et
992 2387 1155 2421 Gesnero
1171 2386 1420 2424 fluctuantem
1438 2398 1499 2424 to·

851 2457 920 2492 gae
947 2454 1095 2492 partem
1110 2469 1120 2483 ‚
1152 2457 1232 2478 non
1254 2444 1414 2493 proprie
1437 2443 1501 2480 sed.

853 2500 1065 2547 generatim
1089 2499 1244 2541 dictam,
1266 2510 1376 2549 puto,
1401 2513 1501 2549 quau

854 2558 991 2591 dextro
1014 2555 1181 2591 humero
1206 2556 1417 2602 injiciatur.
1438 2555 1501 2590 Est

853 2623 980 2647 tamen
1004 2612 1110 2659 quod
1132 2613 1322 2660 impediat
1346 2610 1501 2648 intelle-

854 2679 958 2703 ctum
985 2677 1072 2707 tum,
1106 2669 1210 2716 quasi
1231 2669 1379 2710 ceteris,
1400 2681 1501 2717 quae

853 2724 981 2761 adhuc
1005 2726 1196 2768 tractavit,
1229 2726 1306 2773 jam
1333 2724 1500 2777 peractis
1523 2755 1532 2757 >
