1779 3062
411 156 578 204 1NsT.
616 156 900 203 ORATOR.
935 157 1059 205 Lm.
1097 157 1196 216 x1,
1246 140 1293 204 ..-
1425 168 1527 216 225

167 284 603 352 asperiffirminax
630 281 989 351 supplicibus,
1028 282 1360 335 summiffum
1401 303 1529 337 con-

167 364 349 421 citatis,
389 372 514 411 trux
556 371 714 426 atque
749 361 1054 410 violentum
1089 363 1344 423 jucundis
1375 363 1528 413 adhi-

164 441 383 490 beamus
397 442 420 488 *ἐ
460 449 523 489 ut
544 438 861 495 monilibus,
881 448 933 486 et
953 441 1263 503 margaritis,
1303 458 1361 489 ac
1383 441 1528 491 veste

162 519 350 584 longa,
430 532 568 582 quae
627 514 753 565 sunt
817 527 1128 565 ornamenta
1184 515 1528 578 feminarum,

162 595 539 646 deformentur
565 594 695 653 viri;
768 609 868 643 nec
907 592 1122 642 habitus
1167 595 1530 661 triumphalis,

165 690 276 738 quo
297 673 440 722 nihil
463 671 746 737 excogitari
768 668 940 738 potest
969 669 1260 735 augustius,
1302 668 1528 724 feminas

164 750 358 799 deceat.
432 753 592 799 Hunc
612 750 795 799 locum
821 749 1010 798 Cicero
1033 747 1268 797 breviter
1289 750 1349 798 in
1365 752 1523 801 tertio
1544 765 1575 811 4

163 828 231 878 de
273 831 492 877 Oratore
533 827 674 876 libro
719 825 1052 892 perstringit:
1132 843 1309 891 neque
1345 837 1526 878 tamen

160 904 338 956 videri
365 903 536 972 potest
558 904 857 970 quidquam
884 900 1123 962 omififfe,
1148 903 1395 963 dicendo,
1425 923 1526 955 non

160 986 298 1033 omni
324 977 538 1054 causae,
577 1000 744 1048 neque
773 982 1020 1039 auditori,
1062 1000 1226 1046 neque
1250 978 1526 1056 personae,

156 1078 322 1127 neque
397 1063 619 1126 tempori
690 1075 982 1130 congruere
1055 1062 1304 1110 oracionis
1366 1079 1526 1111 unum

156 1216 234 1250 Pro
265 1214 420 1251 duobus
449 1214 557 1251 hisce
610 1214 723 1251 Bam.
764 1214 1062 1266 limitatumque,
1118 1214 1289 1264 peffime.
1332 1230 1466 1263 parum
1496 1217 1525 1256 l.

159 1270 289 1307 Guelf.
328 1273 390 1306 Ex
412 1272 518 1310 Voss'.
543 1281 581 1310 2.
620 1285 781 1321 parvum
813 1273 1008 1314 limatum,
1052 1271 1197 1320 absque
1220 1273 1394 1321 popula,
1442 1287 1526 1311 non

157 1329 403 1377 conspirante
425 1327 546 1364 Goth.
569 1323 637 1382 (cf.
667 1342 729 1369 10,
763 1338 800 1372 7,
837 1335 935 1376 25.).
995 1331 1056 1364 An
1079 1339 1115 1364 et
1143 1328 1201 1364 ibi
1230 1343 1389 1376 „parum
1414 1329 1528 1366 lima·

158 1384 334 1428 „tum“?
375 1398 502 1433 neque
545 1388 649 1422 enim
681 1386 723 1420 in
759 1384 926 1433 reliquis
958 1385 1048 1435 plus
1081 1399 1161 1421 uno
1186 1386 1384 1436 appofito‚
1417 1401 1528 1436 prae-

161 1452 341 1490 terquam
373 1442 479 1489 quod
513 1442 657 1478 ultimo
688 1443 778 1478 loco
809 1450 891 1477 trux
915 1452 1025 1492 atque
1043 1443 1260 1480 violentum.
1322 1443 1397 1479 Sed
1430 1444 1530 1492 quid.

162 1509 247 1534 tum
269 1499 340 1534 fiet
364 1499 570 1535 sententiae
589 1499 608 1535 ?
640 1501 738 1535 Satis
758 1499 930 1534 limatum
953 1510 997 1535 ut
1026 1499 1073 1534 fit
1100 1510 1269 1540 „ornatu
1301 1498 1530 1543 sufficiente,

159 1568 268 1596 „non
305 1568 422 1604 parco
466 1566 504 1591 et
544 1556 743 1604 maligno,
805 1556 1050 1596 conditum“,
1102 1569 1341 1605 magnopere
1372 1569 1528 1595 vereor.

157 1611 261 1649 Nam
295 1613 375 1648 Cic.
411 1613 457 1650 de
494 1612 563 1650 Or.
594 1628 638 1653 1,
677 1623 743 1661 59.
792 1613 925 1662 jungit
962 1613 1176 1657 „maxime,
1202 1614 1375 1649 limatum
1412 1625 1529 1662 atque

159 1667 386 1718 ,‚subtilem“
417 1680 454 1705 et
482 1669 584 1710 Plin,
614 1671 714 1720 Epp.
747 1684 791 1710 1,
837 1680 914 1710 20,
959 1681 1027 1706 21.
1062 1671 1231 1720 opponit
1273 1671 1533 1712 „limatioris“

162 1736 201 1761 et
230 1727 438 1770 „majoris“
466 1727 619 1775 ingenii
641 1727 798 1763 vitium.
830 1727 959 1764 Nofir.
983 1739 1019 1769 2,
1054 1734 1090 1773 8,
1118 1738 1154 1772 4.
1194 1727 1289 1763 item
1313 1727 1380 1763 hic
1403 1731 1437 1776 §.
1461 1737 1528 1771 31.

238 1781 481 1832 su.mm{ffunz.
526 1785 589 1820 Sic
621 1785 756 1820 Turio.
791 1783 894 1820 Flor.
930 1784 1068 1820 Ambr.
1108 1795 1145 1820 2.
1185 1785 1286 1822 Jens.
1316 1798 1407 1820 cum
1440 1785 1529 1823 edd.

162 1849 248 1874 unte
272 1840 382 1874 Gesn.
409 1853 488 1876 exc.
508 1841 642 1890 Camp.
664 1840 770 1876 Roll.
791 1840 1080 1891 Reliquisubm.
1105 1841 1152 1877 cf.
1179 1840 1215 1881 6,
1247 1852 1285 1882 2,
1320 1840 1384 1879 16.
1418 1847 1454 1886 4,
1490 1852 1530 1883 2,

164 1901 231 1940 48.
263 1906 309 1939 7,
342 1903 379 1939 4,
411 1907 476 1940 27.
537 1898 647 1933 Idem
682 1898 930 1948 iidemigmox
958 1902 992 1946 ᾖ.
1022 1909 1058 1946 9.
1092 1898 1155 1934 16.
1205 1892 1297 1950 (ubi
1327 1908 1455 1933 tamen
1490 1909 1530 1934 et

159 1952 298 2000 Camp.
330 1952 389 1987 [ed
419 1966 491 2001 per
523 1967 696 1989 errorem
721 1953 807 2003 sum
828 1957 1032 1996 mittentes,
1066 1953 1367 2003 viciffimsuZJm.
1398 1953 1528 1993 Guelf.

164 2008 284 2045 Goth.
307 2009 406 2047 Jens.
432 2020 470 2045 et
493 2010 578 2046 edd.
601 2011 761 2060 posterr.
786 2023 872 2047 ante
895 2011 1043 2061 Gryph.
1073 2024 1148 2049 acc.
1169 2010 1275 2048 Roll.
1298 2009 1429 2060 Gesn.)

250 2068 456 2103 concitatis.
488 2068 624 2103 Turio.
655 2068 761 2104 Flor.
792 2066 880 2116 (hie
911 2082 930 2103 a
961 2082 1020 2118 pr.
1055 2068 1130 2118 m.)
1170 2069 1306 2118 Camp.
1339 2070 1530 2117 cogitatis.

162 2118 211 2159 cf.
233 2134 270 2170 9,
303 2132 338 2166 4,
375 2131 466 2167 113.
526 2124 653 2161 Modo
681 2125 762 2161 leve
783 2124 914 2162 Guelf.
937 2138 976 2162 et
996 2139 1092 2161 mox
1121 2140 1175 2166 ac,
1204 2126 1301 2162 item
1325 2126 1459 2175 Camp.
1493 2134 1529 2162 et

161 2177 260 2228 veste
290 2192 362 2228 pro
387 2193 433 2216 ac
461 2196 497 2218 v.
808 2182 1075 2231 deformentur.
1117 2183 1253 2233 Camp.
1286 2182 1527 2232 deformetur.

163 2236 283 2273 Goth.
313 2236 592 2285 deformantur,
622 2250 726 2276 recte
745 2239 995 2289 improbante
1017 2240 1126 2277 Gesn.

247 2300 283 2337 4.
316 2296 421 2329 Hune
442 2295 575 2331 locum.
613 2296 878 2333 F101-.inse1·it
907 2297 1054 2334 librum.
1096 2297 1143 2333 cf.
1175 2310 1237 2337 10,
1272 2302 1310 2341 5,
1344 2305 1408 2334 21.

249 2352 287 2384 in
307 2353 427 2387 tertio.
458 2353 591 2389 Turic.
612 2352 716 2390 Flor.
742 2353 826 2400 (hic
847 2368 867 2389 a
890 2367 950 2402 pr.
975 2356 1046 2400 m.)
1076 2354 1276 2395 omittunt,
1308 2366 1398 2389 curn
1419 2352 1524 2392 Alm.

162 2406 238 2442 nisi
267 2407 375 2455 quod
412 2410 450 2442 in
492 2409 553 2445 ibi
579 2423 778 2453 remanere
809 2411 1064 2460 significatur.
1323 2411 1527 2460 quidquam

166 2462 334 2513 omiszffe.
377 2465 510 2501 Turio.
565 2469 739 2518 quiquam
774 2467 923 2518 mtsiſj‘e.
965 2468 1070 2505 Flor.
1127 2482 1161 2517 q.
1177 2466 1364 2518 submsse.
1405 2468 1527 2505 Goth.

161 2522 254 2567 (tac.
280 2520 412 2567 Gesn.)
443 2521 585 2572 omiffe.
847 2538 964 2575 neque
986 2546 1042 2554 —
1061 2539 1178 2575 neque
1197 2544 1254 2553 —
1270 2537 1401 2575 neque.
1462 2524 1528 2560 Sic

221 2665 257 2700 4.
292 2657 431 2693 Cicero.
463 2657 540 2699 „de
561 2657 669 2697 Orat.
685 2668 722 2704 5,
748 2666 814 2705 55.
871 2663 953 2706 „ita
986 2660 1233 2710 accipienda,
1274 2658 1380 2708 quasi
1412 2657 1528 2709 plane

158 2712 272 2756 „Nec
290 2724 419 2750 tamen
446 2713 542 2751 haec
563 2717 676 2753 Fabii
694 2718 817 2755 verba
874 2717 1019 2763 ‚mihin
1051 2727 1204 2766 praeter
1223 2716 1342 2753 verba
1359 2715 1527 2756 laudata,

223 2770 330 2808 Tom.
361 2771 430 2810 IV.
450 2800 453 2802 v
1046 2776 1073 2808 P
