1794 3057
282 173 342 207 12
585 161 662 208 M.
711 161 847 240 FAIJ.
900 164 1316 226 QUINTILIANI

277 298 331 336 et
353 282 534 352 video,
574 287 722 353 saepe
745 288 888 338 idem
913 292 1105 350 valent,
1141 292 1290 356 quod
1296 287 1431 361 scio.
1478 295 1626 360 Quo·

277 382 400 413 rum
433 366 588 414 nobis
621 367 911 414 ubertatem
944 385 1000 415 ac
1036 368 1247 417 divitias
1281 368 1426 416 dabit
1449 369 1624 425 lectio,

219 472 222 473 ν
274 452 337 490 ut
367 459 480 491 non
505 441 679 490 [olum
708 444 981 507 quomodo
1007 455 1310 501 occurrent,
1352 443 1441 491 [ed
1465 444 1624 491 etiam

201 540 250 579 14
275 517 551 583 quomodo
575 529 800 583 oportet,
831 530 1055 570 utamur.
1108 524 1236 571 Non
1259 515 1460 587 semper
1479 520 1624 567 enim

272 596 401 643 haec
428 596 566 642 inter
593 591 644 643 se
676 595 815 644 idem
837 595 1064 646 faciunt:
1107 615 1203 646 nec
1227 597 1356 646 ficut
1381 597 1445 645 de
1468 596 1624 644 intel·
1695 634 1705 641 s

272 673 424 721 lectu,
445 673 609 719 animi
639 683 776 723 recte
797 673 1046 732 dixerim,
1088 670 1276 738 video,
1315 676 1388 721 ita
1414 672 1479 721 de
1502 670 1622 721 visu

273 750 584 805 oculorum,
624 744 912 819 intelligo:
951 767 1048 799 nec
1081 762 1142 799 ut
1168 768 1357 802 mucro
1381 749 1621 815 gladium

197 839 246 875 ι5
272 825 339 873 [ic
368 842 688 876 mucronem
712 827 918 892 gladius
942 826 1183 878 ostendit.
1261 828 1362 877 Sed
1385 838 1443 875 ut
1469 826 1622 892 copia

268 903 560 954 verborum
598 902 665 950 sic
696 914 936 970 paratur,
972 905 1042 951 ita
1063 923 1173 954 non
1197 906 1488 953 verborum
1508 914 1620 951 tan-

268 989 383 1028 tum
405 981 565 1046 gratia
584 980 872 1045 legendum
892 981 979 1029 vel
1001 981 1329 1031 audiendum
1351 980 1439 1036 est,
1475 976 1705 1030 Nam88²

352 1164 392 1190 ut
413 1169 499 1191 non.
561 1157 623 1192 Sic
650 1156 782 1192 Turic.
805 1156 910 1193 Flor.
944 1157 1070 1193 Guelf.
1097 1160 1229 1207 Camp.
1254 1171 1342 1194 cum
1363 1156 1465 1201 Alm.
1496 1156 1615 1192 Goth.

265 1212 369 1248 Vols.
398 1221 432 1248 2.
463 1223 500 1247 et
534 1213 619 1248 edd.
649 1225 733 1248 ante
755 1213 864 1248 Bafil.
887 1214 1047 1261 Reliqui
1065 1215 1238 1250 inserunt
1258 1216 1322 1250 his.
1497 1227 1616 1247 occur-

265 1277 355 1303 rent.
390 1269 451 1303 Sic
480 1270 611 1304 Turio.
634 1268 736 1304 Flor.
770 1272 808 1310 (a
829 1283 887 1317 pr.
908 1283 958 1302 m.
983 1268 1177 1318 uterque).
1202 1271 1363 1318 Reliqui
1385 1270 1615 1313 occurrerint·

349 1333 509 1372 oportet.
566 1325 599 1359 A
633 1324 814 1372 Gryphio
847 1325 938 1359 inde
960 1338 1044 1360 ante
1070 1327 1183 1362 Gesn.
1207 1327 1293 1361 edd.
1315 1334 1499 1374 oporteat.

353 1431 416 1469 14.
447 1423 537 1473 visu.
570 1425 701 1461 Turio.
724 1424 827 1461 Flor.
852 1428 898 1469 (a
917 1440 973 1475 pr.
995 1441 1046 1462 m.
1067 1430 1256 1476 uterque)
1288 1427 1414 1463 Guelf.
1439 1426 1503 1475 usu
1525 1440 1616 1463 cum

260 1482 363 1518 Alm.
397 1482 516 1517 Goth.
548 1482 651 1519 Vols.
678 1493 712 1517 2.
774 1484 846 1516 Per
880 1483 913 1518 se
944 1483 1103 1530 quidem
1126 1485 1259 1532 potius
1284 1485 1353 1522 est,
1393 1484 1540 1518 sedhic
1562 1484 1614 1519 ob

260 1538 492 1573 relationem
523 1537 569 1571 ad
589 1538 842 1578 „intellectum
866 1539 1016 1573 animi“
1044 1540 1229 1588 praestare
1249 1540 1407 1574 videtur
1428 1539 1613 1576 nostrum.

352 1646 415 1682 ¹5·
449 1640 556 1687 copia
582 1653 617 1673 v.
641 1637 697 1688 fic
728 1647 890 1685 paratur.
952 1640 1085 1675 Turic.
1122 1639 1171 1688 (a
1205 1639 1273 1675 sec.
1304 1641 1462 1688 quidem
1494 1654 1624 1683 manu

251 1696 330 1746 sit)
361 1694 465 1730 Flor.
498 1694 666 1742 copiosus
692 1709 725 1730 v.
749 1693 804 1743 fic
833 1706 1005 1742 paratus,
1038 1710 1132 1732 mox
1162 1708 1198 1731 et
1232 1696 1358 1731 Guelf.
1383 1698 1514 1746 Camp.
1543 1698 1612 1732 nili

260 1752 366 1800 quod
382 1750 445 1801 fit,
469 1765 556 1786 cum
569 1751 686 1785 Goth.
701 1750 804 1788 Vols.
823 1762 858 1786 2.
878 1751 1222 1789 Alm.etedd.ante
1235 1752 1341 1788 Bafil.
1371 1755 1493 1789 En·o1·
1506 1754 1611 1789 orsus

261 1823 280 1843 a
307 1816 484 1855 paratus,
526 1806 653 1854 qualia
682 1807 819 1841 menda
850 1809 936 1843 sunt
965 1808 1264 1856 frequentiffima
1298 1810 1371 1854 (cf.
1404 1816 1449 1853 8,
1483 1819 1533 1853 5,
1571 1819 1608 1853 3.

263 1877 312 1912 9,
347 1871 393 1907 4,
432 1870 521 1906 125.
562 1864 657 1898 item
687 1863 754 1897 hic
773 1866 805 1909 §-
838 1866 949 1910 21.)‚
979 1865 1045 1900 eui
1065 1865 1247 1913 primitus
1274 1866 1610 1901 accommodatum

261 1920 455 1969 copiosus,
484 1932 579 1954 mox
609 1920 724 1954 etiam
747 1918 823 1968 fic,
856 1933 926 1968 pro
961 1934 1038 1969 quo
1058 1920 1114 1971 stc
1143 1923 1186 1956 in
1217 1933 1308 1957 vett.
1340 1921 1480 1957 lacinia
1507 1923 1621 1971 quafi..

259 1977 455 2015 rcmanfit,
486 1989 555 2023 per
583 1989 699 2025 quam
729 1989 775 2011 ex
806 1977 897 2024 fuga
927 1977 1188 2013 retraheretur
1218 1991 1308 2013 vera
1339 1978 1545 2027 scriptura,
1589 1993 1609 2014 a

259 2032 471 2068 Philandro
506 2032 610 2067 haud
638 2031 755 2068 dubie
773 2058 782 2074 ‚
814 2043 858 2068 ut
887 2033 1006 2069 multa
1020 2055 1038 2074 ‚-
1066 2034 1176 2069 velut
1207 2034 1326 2082 l1ic§.
1347 2040 1384 2078 4,
1414 2034 1609 2084 Praeclare

259 2089 442 2127 restituta.

321 2240 381 2283 ¹4·
427 2238 521 2272 inter
544 2235 588 2285 se
621 2236 716 2271 idem
741 2235 903 2284 faciunt.
962 2237 1076 2278 „dari
1123 2235 1325 2286 postulat?
1371 2236 1527 2273 Scilicet
1563 2238 1606 2273 in

258 2293 284 2327 i.
309 2306 339 2328 e.
370 2292 528 2342 poffunt
550 2293 712 2342 impune
731 2294 904 2342 recipro-
961 2295 1076 2342 „ipfis
1127 2295 1242 2329 etiam
1293 2295 1416 2342 tropis
1466 2307 1607 2329 verum

260 2349 347 2384 cari.
963 2351 1108 2390 „ineffe
1134 2350 1268 2391 debet;
1293 2361 1472 2398 recteque
1492 2361 1606 2399 poeta

315 2404 394 2453 visu
415 2407 614 2442 oculorum.
647 2406 694 2442 ef·
716 2416 796 2441 not.
819 2406 903 2441 crit.
964 2421 1160 2446 „mucrone
1199 2416 1398 2453 peremtum
1434 2406 1604 2454 aliquem

317 2475 525 2497 mucronem
547 2464 708 2510 gladius.
767 2462 902 2508 „Quin
963 2463 1110 2502 „dicitz
1143 2476 1267 2511 neque
1300 2464 1401 2498 enim
1429 2463 1603 2511 profecto

259 2530 354 2557 „nec
394 2532 514 2553 mucro
550 2521 692 2568 semper
721 2518 899 2567 gladium.
960 2520 1133 2565 „capula
1214 2522 1260 2554 In
1311 2520 1386 2555 hoc
1444 2519 1604 2567 quidem

258 2573 384 2620 „Quis
417 2575 520 2608 enim
551 2577 620 2610 nili
645 2576 771 2611 fatuus
794 2574 900 2609 dixe·
958 2575 1168 2623 „exemplo
1197 2576 1266 2610 vix
1289 2576 1494 2624 quisquam
1516 2589 1602 2624 pec-

257 2630 359 2671 „rit‚
393 2631 414 2664 I
441 2644 551 2677 puer,
586 2631 680 2679 affer
709 2632 797 2666 mihi
825 2645 900 2665 mu·
958 2642 1068 2672 ,‚cat;
1114 2631 1263 2666 utinam
1304 2645 1375 2668 nec
1405 2633 1447 2668 in
1478 2631 1604 2667 aliis-‘⁸

257 2699 451 2727 ‚,cronem,
502 2697 590 2722 cum
626 2687 802 2736 gladium
830 2687 901 2723 fibi
958 2688 1165 2726 Gesnerus.
