1779 3062
473 117 636 164 IN-ST.
675 117 955 167 ORATOR.
993 120 1114 165 Lm.
1152 120 1248 175 x1,
1290 133 1337 165 2.

1471 127 1575 176 '527

229 246 474 296 deamur:
508 241 668 308 ‘quod
689 253 740 290 et
775 244 973 292 oratori
1002 254 1053 292 et
1076 243 1178 311 ipsi
1200 244 1378 294 causae
1406 246 1578 311 pluri-

227 339 379 373 mum
406 319 626 370 confert.
685 321 828 368 Nam
856 331 907 367 et
928 323 1093 386 magis
1119 323 1356 381 miratur,
1393 335 1444 372 et
1476 325 1577 372 mi*-
1597 339 1650 383 47

226 416 329 450 nus
365 400 514 446 timet
542 398 731 460 judex,
773 413 909 462 quae
947 416 1058 447 non
1079 409 1229 464 putat
1254 399 1503 450 adversus
1525 400 1577 450 se

225 487 538 545 praeparata.

619 479 802 542 Itaque
834 475 893 522 in
926 475 1223 527 actionibus
1254 478 1394 526 inter
1428 495 1579 545 prae-

227 555 383 621 cipua
404 551 724 602 servandum
749 550 839 611 est,
875 561 936 600 ut
955 553 1214 618 quaedam
1236 555 1408 613 etiam,
1442 573 1578 620 quae

227 633 429 697 optime
462 632 760 688 vinximus,
818 630 972 679 velut
1002 628 1172 679 soluta
1209 633 1577 692 enunciemus,

226 719 279 757 et
311 709 668 774 cogitantibus
698 723 1091 771 nonnunquam
1126 718 1176 756 et
1207 708 1578 759 dubitantibus

226 785 425 835 similes
460 802 714 851 quaerere
748 785 1062 843 videamur,
1114 803 1248 851 quae
1283 787 1574 836 attulimus.

226 867 369 928 Ergo
398 863 532 928 quid
559 862 624 914 [it
652 863 935 928 optimum,
982 863 1256 912 neminem
1287 862 1441 929 fugit.

224 957 355 990 vero
379 951 469 989 aut
493 942 753 990 memoria
776 944 960 992 natura
981 939 1182 991 'durior
1207 942 1322 999 erit,
1357 952 1447 990 aut
1466 946 1580 991 non

221 1014 597 1084 suffragabitur
633 1029 874 1084 tempus,

933 1019 1093 1069 etiam
1130 1019 1326 1069 inutile
1369 1021 1470 1067 erit
1514 1018 1580 1068 ad

224 1097 406 1144 omnia
436 1095 488 1143 se
518 1096 681 1144 verba
720 1097 960 1162 alligare,
1002 1113 1125 1148 cum
1166 1097 1374 1146 oblivio
1413 1099 1580 1146 unius

222 1189 416 1222 eorum
459 1174 772 1235 cujuslibet²
830 1184 923 1224 aut
953 1172 1253 1226 deformem
1281 1172 1580 1225 haesitatio·
1635 1190 1637 1193 ⁴

366 1317 580 1366 plurimum.
614 1318 749 1354 Turie.
776 1316 881 1352 Flor.
913 1316 996 1361 (hic
1019 1330 1036 1350 a
1055 1329 1112 1364 pr.
1135 1318 1207 1361 m.)
1233 1320 1404 1364 primum.
1452 1319 1577 1355 Modo

224 1374 324 1422 quod
358 1375 403 1408 de
433 1376 576 1410 oratori
610 1375 742 1410 Turic.
775 1385 811 1409 ει
832 1385 918 1410 ante
938 1375 1080 1408 oratori
1103 1375 1296 1413 omittunt
1312 1376 1410 1414 Jens.
1434 1386 1471 1412 et
1492 1375 1579 1412 edd.

220 1431 379 1480 posterr.
406 1442 492 1467 ante
514 1431 603 1470 Ald.
626 1444 701 1466 acc.
724 1431 817 1466 Bad.
850 1432 953 1466 Mox
974 1429 1102 1469 Guelf.
1122 1440 1245 1479 putet,

305 1514 371 1554 47.
402 1510 543 1558 Itaque.
578 1510 641 1545 Sic
663 1509 797 1545 Turic.
822 1508 927 1544 Flor.
949 1508 1044 1554 (hic
1066 1522 1084 1542 a
1108 1522 1166 1556 pr.
1189 1512 1274 1555 m.)
1299 1513 1432 1561 Camp.
1473 1513 1581 1549 Ideo·

221 1579 290 1614 que
322 1566 421 1603 Jens.
454 1579 543 1601 cum
577 1566 738 1614 posterr.
771 1565 856 1601 edd.
891 1576 977 1600 ante
1008 1564 1160 1613 Gryph.
1194 1579 1274 1602 exc.
1298 1568 1385 1604 Ald.
1420 1568 1582 1617 Reliqui

220 1623 347 1671 quue.
390 1623 489 1658 issox
513 1625 704 1668 junximus
727 1622 855 1658 Guelf.
880 1623 1013 1670 Camp.
1037 1633 1125 1656 cum
1146 1623 1256 1659 Bodl.
1274 1625 1376 1661 Voff.
1399 1634 1435 1669 5.
1460 1625 1580 1662 Goth.

221 1689 258 1713 et
278 1679 364 1714 edd.
391 1679 576 1716 anteAld.
596 1693 671 1716 ace.
686 1679 780 1716 Bad.
813 1680 914 1715 Mox
933 1679 1018 1732 post
1035 1691 1302 1731 nonnunquam
1322 1683 1456 1717 Turic-
1471 1682 1578 1718 Flor-

217 1733 392 1771 inserunt
412 1750 494 1784 qua.

304 1809 372 1850 43.
404 1804 495 1853 quid
513 1803 578 1852 sit.
613 1804 744 1840 Turie.
769 1804 888 1855 quis.
920 1815 958 1840 et
977 1817 1071 1840 mox
1087 1801 1411 1851 suffragantibus,
1450 1807 1578 1855 supra·

219 1859 362 1908 scripto
383 1861 415 1893 E
437 1860 551 1908 super
572 1862 616 1899 T,
645 1875 692 1895 an
716 1871 759 1896 ut
783 1863 873 1897 effet
887 1860 1125 1910 suffragante
1147 1859 1225 1896 scil.
1246 1864 1442 1909 tempore?
1472 1862 1582 1900 Flor.

221 1917 356 1953 Ambr.
377 1927 414 1953 2.
443 1916 572 1953 Guelf.
593 1918 690 1953 Exc.
713 1919 868 1955 Samen.
889 1919 1030 1954 indicat:
1050 1930 1138 1953 cum
1161 1916 1265 1954 Voff.
1288 1926 1325 1961 5.
1347 1920 1464 1956 Bern.

216 2039 279 2076 Ad
310 2040 482 2076 nostrum
511 2039 646 2077 locum
678 2043 871 2078 Burman-

216 2111 289 2134 nus
325 2097 557 2134 demonstrat
589 2098 631 2133 in
657 2098 728 2134 hac
757 2099 867 2135 locu·

215 2155 325 2191 tione
354 2155 435 2190 Cic.
467 2155 514 2189 ad
546 2155 698 2190 Pamin.
727 2167 765 2199 7,
800 2163 865 2200 25.

214 2211 355 2259 ibique
379 2212 618 2253 victorium,
651 2223 689 2250 et
707 2216 866 2250 Petron.

220 2280 252 2304 c.
278 2275 345 2312 53.
667 2279 671 2283 ’

279 2334 345 2368 47.
377 2339 470 2374 quae
501 2327 640 2372 optime
670 2328 866 2366 vinximus.

221 2381 267 2417 cf.
292 2383 325 2427 §.
346 2391 409 2428 59.
442 2383 770 2420 Pronunciatione
791 2387 869 2434 ipsa

220 2438 272 2473 sic
303 2436 442 2473 divelli
467 2448 504 2473 et
529 2440 657 2475 rursus
680 2442 870 2491 conjungi

222 2494 366 2530 debent
387 2507 440 2533 ea,
473 2508 571 2542 quae
590 2496 738 2532 [ummo
762 2512 867 2534 com-

220 2551 427 2600 positionis
442 2551 609 2587 artificio
621 2552 757 2590 structa
770 2556 865 2597 sunt,

221 2619 265 2643 ut
284 2618 415 2656 pereat
444 2608 604 2655 quidem
627 2609 870 2659 aquuantum

222 2677 270 2700 ex
298 2664 407 2701 illius
439 2664 599 2701 vixtutis
629 2667 871 2707 animadver-

926 2042 1057 2083 sione,
1091 2041 1151 2077 sed
1182 2040 1298 2076 simul
1328 2055 1466 2091 magna
1487 2043 1576 2079 sim-

926 2098 1129 2148 pheitatis«
1163 2099 1305 2147 species
1357 2112 1573 2148 quaeratur.

927 2156 974 2191 cf.
1000 2168 1035 2203 9,
1059 2162 1093 2199 4,
1119 2166 1183 2199 77.
1243 2158 1289 2190 In
1310 2156 1377 2191 illa
1405 2159 1574 2204 cogitan-

927 2214 1019 2248 tium
1051 2224 1089 2247 et
1118 2213 1368 2248 dubitantium
1388 2212 1574 2249 similitu-

925 2270 1017 2305 dine
1046 2270 1233 2307 Gesnerus
1263 2281 1363 2305 recte
1385 2269 1574 2306 lectorem

929 2326 976 2362 ad
998 2339 1034 2375 9,
1058 2337 1094 2367 2,
1121 2324 1189 2361 61.
1211 2327 1391 2362 remittit.

986 2390 1051 2430 43.
1068 2381 1219 2433 quidsit
1241 2385 1433 2426 optimum..
1445 2383 1472 2419 i.
1485 2396 1575 2419 cum

929 2441 1060 2476 omnia
1089 2451 1246 2474 naturae
1283 2439 1385 2475 bona
1415 2436 1573 2488 'tespon-

928 2498 1032 2533 dent.
1065 2497 1111 2531 cf.
1141 2496 1174 2539 §.
1195 2501 1261 2541 45.
1312 2498 1428 2544 Quod
1446 2497 1574 2532 adhuc

926 2553 1110 2590 tractabat
1131 2552 1287 2592 bonuau
1311 2567 1415 2589 nunc
1438 2554 1575 2592 transit

929 2611 976 2648 ad
995 2610 1203 2644 remedium.
1229 2609 1275 2645 cf,
1306 2625 1339 2650 1,
1367 2623 1401 2651 1,
1430 2623 1494 2647 11.

988 2667 1131 2703 inutile.
1156 2666 1204 2702 cf.
1228 2673 1265 2710 5,
1294 2679 1356 2708 10,
1376 2674 1442 2713 82.

1524 866 1578 913 Si
1601 879 1652 920 43
