1789 3068
250 170 287 207 ‘x
654 165 1113 217 PRAEFATIO.

249 300 398 350 illius
413 297 479 350 ad
497 317 583 352 me
596 315 971 370 pervenerunt.
995 309 1057 355 In
1071 306 1267 373 quibus
1282 310 1457 375 primo
1471 312 1593 363 loco

249 389 341 437 illa
359 406 532 456 pono,
564 408 708 456 quae
733 394 1008 445 inlocum
1033 397 1317 461 quemdam
1338 399 1502 465 primi
1525 400 1592 447 li-

249 476 332 526 bri
364 495 487 528 meo
514 480 734 545 quidem
767 483 972 544 iudicio
1008 483 1281 549 ingeniose
1308 486 1506 551 pariter
1532 503 1590 535 ac

245 581 372 614 vere
391 583 419 613 a
439 564 493 615 se
513 578 692 618 notata
710 584 923 620 mecum
949 588 1045 637 per
1072 572 1268 623 litteras
1291 575 1590 624 communi-

242 655 383 703 cavit
414 656 500 705 vir
532 657 593 706 in
625 657 729 706 hoc
762 659 1061 709 litterarum
1091 675 1283 726 genere
1312 661 1588 711 celeberria-

238 758 362 792 mus
382 744 438 793 C.
462 746 521 794 G.
550 745 844 796 Schiitzius,
925 747 1096 796 Verba
1118 750 1438 817 Quintiliani
1459 749 1588 799 haec

236 827 361 880 funt
380 833 419 890 Ι,
454 850 500 901 1,
529 848 614 895 27.
657 836 829 893 „Cum
853 848 985 884 vero
1008 840 1112 897 jam
1143 836 1337 886 ductus
1364 837 1588 903 (littera-

235 923 418 986 ·‚,rum)
447 920 598 987 sequi
623 925 857 990 coeperit
886 924 1086 991 (puer),
1126 941 1238 973 non
1267 925 1461 974 inutile
1486 925 1586 974 erit

235 1025 352 1066 „eas
373 1010 594 1059 tabellae
612 1028 771 1077 quam
791 1012 992 1077 optime
1006 1010 1254 1078 insculpi,
1272 1023 1334 1062 ut
1352 1029 1448 1080 per
1460 1014 1585 1063 illos

229 1097 414 1156 „velut
435 1096 610 1147 sulcos
635 1098 863 1148 ducatur
888 1098 1050 1149 stilus.
1125 1102 1268 1149 Nam
1294 1117 1470 1166 neque
1502 1118 1583 1150 er·

228 1185 424 1244 „rabin
465 1185 923 1251 quemadmodum
968 1189 1027 1236 in
1068 1190 1200 1237 ceris
1249 1186 1584 1254 (continebi-

226 1283 349 1332 „tur
385 1275 532 1321 enim
573 1274 829 1339 utrinque
867 1273 1229 1342 marginibus)
1277 1293 1455 1340 neque
1493 1293 1583 1325 ex-

225 1372 334 1419 „tra
374 1358 755 1428 praescriptum
795 1362 993 1426 poterit
1024 1362 1234 1427 egredi;
1274 1373 1326 1412 et
1355 1364 1582 1415 celerius

224 1466 313 1507 „ac
351 1446 557 1515 saepius
596 1447 869 1514 sequendo
912 1459 1048 1497 certa
1082 1449 1301 1516 vestigia
1325 1449 1578 1500 formabit

223 1539 535 1597 „articulos3
612 1554 789 1602 neque
830 1537 1005 1604 egebit
1049 1537 1316 1599 adjutorio
1352 1555 1576 1589 manum

222 1625 401 1684 „suam
448 1642 613 1675 manu
662 1623 1070 1691 superimposita
1121 1627 1362 1691 regentis.
1376 1634 1407 1656 ‘⁶
1488 1628 1574 1678 Ad

219 1714 349 1763 haec
390 1731 514 1762 cum
555 1713 895 1779 Spaldingius
935 1715 1226 1771 annotarit,
1292 1714 1572 1777 quidhoc

220 1819 383 1867 neque
421 1811 574 1851 extra
597 1797 978 1872 praescriptum
1014 1804 1210 1865 poterit
1249 1803 1434 1871 egredi
1463 1803 1569 1853 dif-

219 1890 380 1940 ferret
420 1890 483 1939 ab
525 1890 622 1939 illo
660 1898 824 1955 neque
857 1887 1076 1947 errabit,
1137 1889 1312 1938 dicere
1362 1889 1413 1940 se
1451 1909 1568 1943 non

218 1977 376 2047 posse,
414 1976 513 2027 effe
550 1984 730 2026 'tamen
768 1979 827 2026 in
868 1978 1119 2027 omnibus
1154 1977 1337 2028 codd.:
1395 1977 1566 2031 offen·-

216 2069 463 2118 diculum
493 2066 723 2116 removit
750 2063 1030 2114 Schiitzius
1069 2066 1246 2115 verbis
1282 2065 1353 2114 fic
1378 2065 1565 2118 distin-

216 2156 466 2223 guendis:
512 2156 665 2204 Nam
691 2170 854 2218 neque
882 2151 1093 2211 errabit,
1132 2155 1562 2218 quemadmodum

214 2248 264 2294 in
304 2248 433 2294 ceris
474 2239 829 2308 (continebitur
868 2243 1000 2289 enim
1041 2244 1277 2306 utrinque
1306 2248 1558 2314 margini-

212 2332 304 2381 [ms
348 2351 510 2398 neque
546 2341 697 2381 extra
713 2324 1094 2401 praescriptum
1118 2334 1311 2393 poterit
1333 2335 1557 2401 egredi),

212 2431 261 2468 et
312 2421 523 2470 celerius
570 2437 631 2468 ac
663 2414 886 2490 saepius
911 2411 1180 2489 sequendo
1222 2429 1362 2467 certa
1393 2417 1556 2491 vesti-

210 2510 306 2577 gia
338 2505 604 2577 formabit
641 2505 900 2556 articulos.
936 2507 1000 2553 In
1040 2505 1236 2568 qujbus
1274 2505 1554 2572 postremiS

210 2590 500 2662 neglectam
552 2613 580 2643 a
626 2592 933 2661 Spaldingio
971 2589 1310 2658 scripturam,
1388 2613 1551 2660 quam

208 2701 334 2733 cum
378 2684 648 2751 plerisque
696 2681 847 2732 libris
891 2679 1026 2733 cod.
1075 2680 1252 2731 Turic.
1299 2698 1400 2750 pro
1445 2682 1551 2734 hoe
