1742 3083
408 173 574 218 INST.
621 169 902 221 ORATOR.
949 172 1072 219 Lm.
1113 173 1185 228 x,
1237 184 1281 217 1.
1491 182 1521 226 5

157 299 406 351 didicerit
437 315 465 347 a
497 306 841 363 praeceptore
865 314 1148 358 numeros,
1188 315 1300 363 quo
1324 315 1519 365 genere

155 377 547 427 exercitationis
595 374 660 422 ad
693 375 978 422 certamina
1011 376 1404 442 praeparandus
1442 375 1516 427 fit.

61 457 323 522 8781gitur
342 471 484 511 eum,
505 453 602 518 qui
622 469 706 501 res
728 452 976 500 invenire
1001 465 1051 500 et
1072 454 1355 520 disponere
1374 452 1516 513 sciet,

151 534 314 584 verba
346 547 565 598 quoque
601 539 653 577 et
686 528 922 594 eligendi
957 539 1009 576 et
1032 531 1333 580 collocandi
1357 534 1518 582 ratio-

148 628 274 661 nem
335 608 629 675 perceperit
653 644 666 664 ‚
740 606 1066 656 instruamus
1132 625 1237 673 qua
1293 610 1519 669 ratione,

149 687 298 755 quod
342 685 532 736 didicit
553 721 567 743 ,
634 682 808 732 facere
849 701 1011 749 quam
1057 686 1258 750 optime
1283 723 1297 743 ‚
1350 702 1517 750 quam

234 832 425 861 numerat,
457 832 542 871 quo.
603 818 666 854 Sic
686 815 796 853 Bafil.
819 818 897 864 (ex
919 817 1135 859 Philandri,
1161 830 1205 856 ut
1224 818 1395 860 videtur,
1419 832 1512 856 con-

144 877 323 927 jectura)
380 891 468 913 cnm
498 876 603 911 Ricc.
656 889 743 910 num
784 888 887 910 muro
933 889 1028 925 quae
1070 877 1204 912 Turio.
1247 875 1381 924 (apr.
1414 877 1512 922 m.).

144 948 370 984 numeroque
391 933 494 969 Flor.
517 932 679 980 Reliqui
701 933 872 967 nimirum
892 946 976 982 quo.
1024 932 1202 969 Gall-aeus
1226 932 1293 978 (cf.
1318 942 1354 973 2,
1385 947 1398 967 1
1414 947 1448 974 1,
1474 942 1513 977 4.

146 990 187 1033 6,
211 1000 248 1035 5,
272 1001 337 1036 47.
372 1003 408 1038 9,
423 997 462 1037 4,
493 990 604 1036 135.)
626 987 786 1037 glossam
809 990 960 1038 accusat·
978 990 1514 1038 nimirum—praeparandus

134 1045 200 1099 fic.
271 1049 519 1083 Burmannus
582 1047 753 1080 nimirum
805 1056 990 1093 gravatur
1013 1060 1022 1087 ;
1083 1047 1300 1085 rectiffime.
1380 1046 1513 1083 Ceteri

143 1104 402 1151 acquiescunt.
487 1103 733 1138 Satisfactum
779 1101 886 1150 spero
934 1102 1060 1138 nostra
1097 1104 1283 1152 scriptura
1325 1104 1511 1151 NIorgen-

141 1160 323 1203 sterniog
340 1161 409 1209 qui
441 1159 554 1196 codd.
584 1159 784 1195 destitutus
818 1159 1065 1207 probabilem
1087 1171 1240 1196 eruerat
1259 1160 1326 1195 suo
1348 1159 1513 1208 ingenio

140 1219 357 1254 rationem:
403 1217 493 1259 „sed
525 1227 569 1252 ut
598 1217 762 1256 athleta,
799 1216 870 1264 qui
902 1217 1033 1251 onmia
1063 1217 1140 1263 jam
1168 1216 1449 1266 perdidicerit,
1491 1230 1512 1251 a

140 1286 391 1324 praeceptore
415 1273 607 1312 eruditur,
635 1273 1080 1322 quo—praeparandus
1103 1275 1167 1314 s1t;
1199 1274 1251 1308 ita
1267 1278 1292 1293 “
1322 1284 1395 1309 cet.

228 1345 360 1380 genere
392 1343 507 1366 exere.
567 1330 701 1364 Turis.
734 1328 837 1363 Flor.
871 1328 998 1364 Guelf.
1030 1330 1203 1364 inserunt
1228 1339 1275 1364 et.

229 1389 349 1436 Igitur
380 1401 474 1422 eum.
535 1385 599 1420 Sic
631 1385 763 1420 Turio.
797 1398 815 1418 a
846 1398 904 1432 pr.
938 1398 989 1419 m.
1034 1384 1135 1419 Flor.
1160 1385 1268 1421 Bafil.
1293 1399 1382 1421 cnm
1404 1386 1509 1425 Alm.

141 1444 294 1493 Gryph.
329 1443 525 1489 (1536.).
585 1442 741 1477 Priores
774 1440 933 1488 quidem
969 1441 1047 1476 duo
1082 1441 1219 1490 capitis
1251 1456 1375 1491 prope
1410 1443 1509 1480 inci-

139 1501 284 1550 pientis
316 1500 438 1535 modo
471 1500 665 1534 dirimunt
688 1497 733 1531 ab
757 1497 1085 1532 antecedentibus.
1147 1497 1310 1546 Reliqui
1334 1501 1387 1534 ita
1412 1515 1508 1542 eum,

139 1556 383 1606 :respiciendo
407 1555 455 1590 ad
475 1564 515 1590 ut
534 1556 645 1589 fuum
674 1564 759 1588 ante
781 1552 911 1589 athlet.
1148 1555 1325 1601 eligendi.
1371 1557 1505 1593 Tul-ic.

139 1613 244 1650 Flor.
270 1613 427 1649 elicendi
471 1611 546 1657 (cf.
574 1619 620 1654 5,
653 1615 724 1656 14,
756 1619 818 1656 29.
854 1621 900 1656 9,
929 1620 975 1650 2,
1003 1620 1068 1657 97.
1101 1621 1147 1658 9,
1175 1616 1219 1653 4,
1253 1612 1378 1656 115.).

227 1685 300 1721 qua
320 1671 479 1710 ratione,
504 1668 605 1718 quod
625 1667 767 1701 didicit.
830 1666 964 1701 Turio.
986 1666 1089 1702 Flor.
1116 1666 1245 1703 Guelf.
1268 1668 1402 1717 Camp.
1434 1683 1510 1719 quae

139 1730 180 1765 in
218 1729 388 1765 oratione
428 1727 530 1776 quod
579 1723 659 1769 (ita
703 1736 924 1772 pronomen
968 1725 1102 1759 Turio.
1134 1737 1245 1773 quam
1277 1723 1380 1760 Flor.
1414 1739 1510 1774 quae

139 1784 269 1823 Guelf.
301 1785 434 1832 Camp.
470 1796 559 1818 cum
580 1781 712 1815 Turio.
746 1779 813 1814 sec.
845 1793 963 1814 manu
993 1791 1029 1815 et
1053 1780 1247 1829 reliquis)
1277 1781 1396 1817 dicere
1416 1796 1509 1819 cum

137 1842 254 1880 Bodl.
284 1841 387 1876 Alm.
421 1839 540 1875 Goth.
561 1838 666 1877 Voss.
695 1848 730 1872 2.
765 1847 802 1871 et
824 1836 909 1871 edd.
939 1848 1023 1872 ante
1045 1839 1167 1873 Stocr.
1191 1838 1261 1872 nifi
1282 1838 1390 1886 quod
1414 1853 1509 1888 quae

140 1901 179 1935 ἱη
211 1913 264 1935 or.
307 1897 458 1946 Gryph.
493 1895 599 1931 Bafil.
660 1893 734 1928 Sed
766 1892 939 1928 nostrum
971 1893 1048 1939 jam
1082 1893 1249 1931 Vascosa.
1285 1900 1404 1938 1542.
1434 1895 1507 1932 fol·

140 1967 179 1991 et
198 1955 350 2003 aliquot
370 1967 428 2002 ap.
450 1955 585 1988 Burin.
629 1949 745 1986 Posui
768 1950 867 1998 quod
887 1950 964 1986 did.
986 1963 1060 2000 pro
1081 1950 1328 1998 reliquorum
1350 1965 1445 2001 quae
1467 1953 1506 1988 d.

140 2025 229 2048 cum
260 2009 476 2046 Philandro
517 2007 794 2044 ethuricenfi.
1044 2010 1206 2055 optime,
1246 2021 1370 2057 quam,
1440 2008 1506 2044 510

138 2069 272 2105 Turio.
306 2066 411 2103 Flor.
447 2067 580 2114 Camp.
618 2061 737 2100 Goth.
768 2062 866 2101 Jens.
902 2064 999 2108 (tae.
1030 2066 1173 2107 Gesn.)
1197 2077 1284 2099 cum
1306 2064 1391 2100 edd.
1415 2074 1504 2101 ante

139 2128 263 2162 Stoer.
322 2122 485 2171 Reliqui
505 2122 679 2158 inserunt
703 2127 751 2155 et.
807 2119 935 2157 Guelf.
961 2135 1072 2172 quam
1094 2123 1233 2171 optime
1254 2121 1414 2158 omittit.

137 2219 403 2253 ronomonta“
435 2213 555 2249 secare
587 2211 710 2249 altilia
731 2208 788 2245 di·
847 2213 1052 2259 gerundiis
1085 2212 1269 2261 eligendi,
1301 2225 1381 2261 quo
1419 2225 1503 2248 om-

137 2274 203 2315 cit,
235 2273 388 2315 „donec
412 2281 569 2321 peragat
587 2270 689 2305 dicta
709 2282 789 2303 ma·
846 2268 908 2304 nis
950 2269 1189 2308 elocutionis
1228 2269 1404 2305 doctrina
1438 2269 1503 2305 de-

138 2330 248 2379 gistri
274 2328 459 2365 Omnia.“
515 2327 698 2362 Numeros
729 2339 788 2361 re·
847 2326 1094 2368 monstratur,
1120 2337 1157 2361 et
1178 2326 1396 2366 collocandi,
1419 2337 1499 2375 quo

139 2386 299 2423 ctissime
358 2385 425 2421 hic
475 2394 512 2419 et
562 2383 702 2432 legunt
752 2392 790 2417 et
849 2383 1154 2432 compositionis.
1172 2382 1380 2430 Eleganter
1394 2382 1502 2418 enim

138 2443 443 2492 interpretantur
519 2450 789 2489 praeceptores
851 2449 979 2476 totum
1029 2440 1157 2488 operis
1198 2438 1256 2474 sui
1293 2449 1500 2475 tractatum

138 2499 320 2535 nostrates
353 2496 606 2538 Melanthon‚
645 2495 788 2532 Velcu-
849 2496 1151 2546 comprehendit
1169 2496 1298 2532 hisce:
1331 2495 1500 2545 „qui—-

139 2556 200 2592 rio
213 2581 223 2595 ,
255 2554 440 2603 Stigelius
463 2554 506 2588 in
527 2554 585 2607 ed.
606 2553 747 2590 Riccii.
846 2553 939 2589 [ciet
957 2574 1013 2581 -—-
1031 2551 1260 2602 perceperit.
1273 2557 1300 2573 ‘⁶

195 2612 307 2648 verba
327 2631 382 2639 —
399 2612 614 2659 perceperit.
663 2610 787 2645 Accu·
904 2608 1137 2659 instruamus.
1196 2609 1291 2645 Non
1323 2622 1421 2659 opus
1447 2609 1500 2646 est

139 2669 303 2714 sativum
333 2668 376 2703 in
396 2666 510 2703 verba
532 2680 623 2703 cave
643 2666 786 2703 referas
847 2681 937 2704 cum
961 2666 1118 2703 Gallaeo
1140 2665 1207 2701 hic
1228 2679 1419 2715 reponere
1442 2668 1498 2701 izz-

142 2726 186 2761 ad
214 2726 442 2775 perceperim
490 2724 634 2774 pendet
667 2721 738 2761 ille
767 2737 787 2760 a
836 2722 1039 2775 stituamus
1079 2723 1189 2773 (quo
1234 2723 1318 2774 ipso
1347 2723 1499 2773 ingrata
