1820 3062
377 130 543 174 mer.
594 127 877 184 ORATOR.
929 130 1052 174 Lm.
1103 130 1264 187 X‚51.
1457 138 1532 189 43.

148 258 250 310 sed·
285 259 565 308 intellectu
595 255 758 322 sequi.
850 258 1052 308 Verum
1078 259 1170 309 hic
1200 278 1385 312 omnes
1414 258 1524 312 fine
1550 274 1599 313 51

147 338 346 395 dubio,
382 348 433 386 et
467 338 526 385 in
560 336 711 386 omni
742 352 936 401 genere
967 337 1306 402 eloquentiae
1331 341 1529 406 procul

78 421 81 424 ’
149 414 248 465 ase
272 416 517 480 reliquit3
545 415 722 480 epicos
759 424 938 462 tamen
969 418 1285 482 praecipue:
1330 418 1529 473 videli-

148 505 230 544 cet
256 495 384 560 quia
413 491 680 542 clariffima
696 493 758 557 in
780 494 998 541 materia
1022 492 1180 542 fimfli
1196 498 1526 564 comparatio

146 571 234 621 est.
269 575 412 622 Raro
427 569 640 637 assurgit
652 567 930 643 HefiodHS,
958 589 1259 638 magnaque
1272 592 1392 639 pars
1408 579 1451 638 ej
1465 594 1526 626 us
1548 599 1602 636 52

145 653 207 701 in
232 650 547 700 nominibus
571 647 645 697 est
671 659 955 715 occupata3
996 660 1175 699 tamen
1205 653 1363 703 utiles
1386 656 1528 704 circa

146 739 426 798 praecepta
458 726 773 786 sententiae,
815 728 1110 794 levitasque
1141 730 1437 780 verborum
1474 743 1527 781 et
1591 764 1599 767 —

148 804 546 872 compositionis
578 805 902 872 probabilis:
955 805 1221 874 daturque
1259 809 1308 856 ei
1345 811 1528 877 palma

145 884 207 933 in
241 885 339 934 illo
358 883 540 935 :medio
564 900 757 949 genere
783 883 1013 933 dicendi.
1095 887 1297 936 Contra
1323 888 1383 936 in
1405 888 1528 938 Arz-
1551 906 1604 944 53

235 1045 300 1082 51.
332 1040 468 1087 epicos.
530 1038 594 1073 Sic
627 1039 761 1074 Turic.
783 1039 889 1075 Flor.
928 1052 1017 1075 curn
1051 1038 1170 1075 Bodl.
1200 1040 1304 1078 Alm.
1341 1043 1450 1080 Voff.
1489 1054 1526 1080 2.

147 1099 310 1143 (contra
341 1108 384 1131 ac
415 1096 567 1141 Goth.)
596 1095 707 1131 Bafil.
744 1108 781 1132 et
801 1110 923 1145 marg.
951 1097 1104 1146 Gryph.
1131 1097 1318 1146 Epicuros
1349 1100 1456 1138 Voss.
1486 1110 1525 1145 5.

143 1152 308 1201 Reliqui
353 1153 529 1189 heroicos.
613 1154 692 1188 Tot
737 1154 932 1202 tantisque
981 1154 1209 1191 auctoribus
1250 1157 1527 1206 obtemperare

147 1210 290 1252 debui,
322 1210 502 1261 quamvis
535 1211 745 1246 deterritus
767 1211 920 1246 filentio
947 1225 1106 1251 eorum,
1142 1213 1212 1260 qui
1231 1213 1398 1262 plurimi
1420 1229 1527 1251 acer-

145 1267 320 1315 rimique
362 1268 479 1314 hujus
514 1266 596 1302 loci
622 1268 921 1316 investigatores
956 1268 1116 1316 vulgata
1148 1269 1337 1318 scriptura
1368 1274 1528 1321 acquie-

144 1335 300 1360 verunt.
363 1327 462 1360 Sunt
495 1324 528 1358 ii
555 1324 640 1359 sane
672 1324 775 1360 illud
809 1325 948 1364 secuti,
989 1326 1097 1373 quod
1130 1337 1347 1362 metrorum
1381 1343 1528 1377 genera

145 1379 214 1416 hic
242 1382 406 1418 diremta
429 1381 722 1422 existimabant,
750 1395 837 1416 cum
862 1382 1084 1430 praesertim
1108 1383 1321 1418 Hesiodum
1342 1386 1530 1434 protinus

145 1438 325 1474 Homero
345 1438 485 1484 subjici
503 1439 696 1474 viderent.
759 1439 835 1474 Sed
857 1439 928 1487 qui
949 1438 1187 1474 Antimacho
1213 1440 1394 1478 fecundas
1417 1444 1525 1482 datas

144 1494 276 1536 refert,
306 1496 341 1532 is
366 1495 570 1552 epicorum
591 1496 771 1543 profecto
791 1509 956 1530 numero
981 1483 1122 1530 eximit
1137 1498 1364 1540 Hesiodum,
1391 1514 1525 1548 quem,

143 1552 171 1587 fi
203 1551 457 1588 heroicorum
492 1553 623 1587 census
646 1564 846 1601 ageretur,
871 1553 1009 1587 diserte
1037 1563 1102 1587 aut
1124 1553 1316 1601 praeferri
1338 1567 1403 1591 aut
1422 1558 1526 1605 post-

144 1607 285 1644 haberi
315 1609 554 1645 Antimacho
585 1610 804 1658 oportebat.
866 1609 952 1645 Nec
983 1609 1147 1650 „similis
1171 1613 1367 1646 materia“
1398 1615 1526 1662 potest

145 1667 194 1702 ad
226 1677 395 1702 metrmn
429 1666 544 1702 trahi.
578 1667 624 1701 cf.
651 1670 684 1714 ᾖ.
711 1674 776 1712 88.
1017 1665 1227 1716 clctrffma.
1289 1670 1423 1706 Turic.
1460 1671 1529 1706 du-

144 1725 178 1759 ri
207 1738 293 1759 ιηια.
538 1722 662 1772 simili.
734 1724 868 1760 Turic.
923 1723 1028 1760 Flor.
1085 1726 1220 1773 Camp.
1254 1724 1396 1776 similis
1437 1741 1528 1764 cum

146 1781 268 1817 Goth.
291 1781 398 1821 Voff.
427 1792 462 1818 2.
502 1781 618 1817 Bodl.
655 1791 692 1817 et
724 1782 809 1817 edd.
836 1793 922 1817 ante
944 1779 1371 1831 Gryph.fimilitudinis
1394 1785 1525 1821 Guelf.

239 1845 301 1882 52.
335 1840 551 1888 levitasque.
601 1839 665 1874 Sic
687 1839 821 1874 Turio.
847 1852 937 1874 cum
958 1839 1057 1877 Jens.
1081 1850 1118 1874 et
1143 1839 1229 1875 edd.
1249 1840 1411 1889 posterr.
1439 1853 1528 1878 ante

149 1895 238 1933 Ald.
272 1909 347 1931 acc.
373 1897 537 1945 Capper.
559 1895 775 1944 probante,
807 1909 888 1931 non
913 1897 1094 1931 imitante
1117 1896 1298 1932 Gesnero.
1361 1897 1525 1947 Reliqui

147 1954 365 2001 lenitasque,
402 1953 546 2001 quibus
577 1951 668 1988 falso
703 1953 875 1989 eximere
901 1952 1018 1990 Goth.
1043 1953 1204 1988 videtur
1232 1955 1440 1992 Gesnerus.
1474 1956 1522 1993 cf.

149 2022 202 2059 9,
222 2019 266 2053 4,
293 2015 382 2054 ι44.
418 2020 455 2048 2,
480 2017 516 2053 5,
544 2022 580 2058 9.
641 2010 827 2052 Accedit,
859 2010 1115 2047 monentibus
1140 2012 1305 2061 Capper.
1336 2023 1374 2048 et
1396 2013 1523 2058 Germ,

146 2067 414 2102 testimonium
442 2067 647 2115 Dionysii,
683 2068 786 2116 apud
813 2082 930 2117 quem
950 2081 990 2117 p.
1015 2067 1108 2104 Rsk.
1141 2075 1234 2118 419.
1270 2069 1319 2104 est
1344 2065 1527 2113 λειότητος

147 2119 330 2168 ὀνομάτων
363 2124 409 2159 de
434 2125 629 2166 Hefiod03
662 2124 709 2161 cf.
746 2136 783 2161 ct
803 2129 836 2173 ᾗ.
868 2136 961 2161 121.
1156 2126 1364 2174 probabilis
1387 2128 1520 2164 Turic.

149 2182 283 2230 Camp.
311 2181 510 2217 omittunt.
750 2183 942 2233 daturque.
975 2182 1110 2220 Turio.
1143 2185 1254 2219 datur
1275 2198 1380 2233 quae,
1411 2198 1429 2218 a
1453 2185 1522 2220 sec.

146 2252 200 2274 m.
225 2239 422 2275 omittitur
442 2252 549 2288 quae,
572 2249 609 2274 et
629 2240 677 2275 fic
700 2240 820 2276 Goth.
836 2240 934 2279 Jens.
961 2237 1054 2288 (tac.
1071 2242 1180 2277 Gesn.
1207 2241 1276 2289 qui
1296 2241 1374 2276 hoc
1396 2241 1526 2290 ipsum

149 2296 334 2344 optabat)
364 2294 470 2334 Voff.
505 2306 541 2331 2.
574 2295 675 2333 vall.
700 2297 837 2347 Camp.
874 2310 963 2333 cum
992 2298 1078 2335 edd.
1103 2309 1188 2335 ante
1209 2297 1298 2333 Ald.
1325 2310 1400 2334 acc.
1427 2299 1522 2335 Bad.

147 2366 208 2405 pr.
271 2354 373 2389 Mox
401 2352 531 2402 palam
560 2353 695 2390 Turio.
728 2368 802 2405 pro
831 2355 977 2406 palma.
1212 2355 1347 2392 medio.
1416 2355 1522 2392 Flor-

210 2486 277 2523 51.
309 2481 444 2527 epicos.
483 2478 531 2514 cf.
553 2489 636 2515 not.
660 2481 747 2518 crit.
870 2487 933 2526 ¹8·
996 2482 1148 2530 „Lepta
1182 2480 1420 2518 suaviffimus
1446 2482 1526 2518 edi*-

211 2544 277 2580 52.
309 2536 419 2571 utiles
466 2538 563 2571 circa
607 2546 808 2587 praecepta
865 2539 972 2580 „scat
995 2538 1235 2578 Hefiod11m;
1262 2549 1300 2573 et
1320 2538 1458 2576 habeat
1482 2541 1525 2576 in

144 2593 368 2645 sententiae.
456 2594 642 2643 Exempli
702 2596 809 2630 causa
868 2608 965 2637 „ore
985 2596 1058 2639 Τῆς
1079 2592 1109 2629 δ’
1137 2592 1263 2643 nigei-55
1289 2593 1465 2645 ἱδρῶταέ(

151 2651 329 2687 Pseudo·-
344 2650 550 2694 Turnebus
574 2652 810 2688 demonstrat
929 2655 966 2688 in
990 2653 1055 2688 illo
1080 2652 1173 2687 med.
1193 2665 1278 2700 gen.
1302 2654 1372 2691 dic.
1415 2654 1462 2690 cf.
1484 2664 1521 2696 2,

150 2707 287 2745 locum
329 2707 533 2744 Ciceronis
574 2708 726 2746 Famill.
769 2710 808 2751 6,
874 2720 939 2755 17,
964 2716 1001 2756 3.
1031 2710 1127 2746 item
1157 2708 1223 2745 hic
1247 2712 1281 2759 §.
1310 2717 1374 2757 go.
