1779 3062
251 167 347 212 538
547 155 624 204 M.
657 157 793 207 ΕΑΒ.
829 159 1239 223 QmNTmANt

248 280 307 327 in
365 277 614 332 discendo
662 285 869 349 cognita
922 284 989 333 ad
1037 285 1269 347 judicem
1319 287 1574 354 perferet:

247 354 383 418 quid
422 354 518 405 fiet
551 358 610 407 in
644 360 709 408 iis
749 359 1173 424 quaestionibus,
1224 378 1360 426 quae
1395 363 1573 415 subito

245 432 385 479 inter
413 432 546 494 ipsas
580 436 809 484 actiones
841 435 979 485 nasci
1016 435 1220 486 solent?
1259 456 1368 490 non
1395 439 1572 490 defor-

242 506 402 554 miter
441 503 717 573 respectet,
779 520 832 559 et
870 514 1007 561 inter
1054 511 1294 563 subsellia
1336 516 1572 566 minores

240 654 313 700 (fic
342 655 537 698 dicuntur,
569 657 755 705 quoniam
785 656 940 707 discente
970 667 1134 706 patrono
1163 660 1346 707 praecipit
1376 658 1570 711 litigator)

242 712 430 760 ‚‚accepit‚
460 722 498 747 et
528 710 732 762 composita
759 713 787 751 i.
815 715 1003 753 condicta,
1037 714 1132 748 item
1161 723 1259 748 certa
1288 715 1440 763 quaein
1463 717 1573 762 causa

241 765 354 815 „sunt
381 768 409 801 i.
438 779 581 816 partem
608 767 738 818 causae
765 770 859 806 nulli
889 769 1116 805 dubitationi
1143 769 1344 805 obnoxiam
1374 768 1440 812 (cf.
1462 777 1499 809 2,
1533 774 1572 813 4,
1635 817 1637 819 ¹

242 830 338 865 „33·
372 832 410 866 5.
436 829 475 869 4.
499 830 537 868 8.
566 831 604 867 5.
638 830 674 869 5,
702 828 772 871 5.),
805 837 920 873 quam
950 824 1073 874 probe
1104 824 1152 866 ei,
1186 835 1231 861 ut
1257 824 1349 860 fieri
1373 823 1480 864 solet,
1510 824 1571 860 in·

240 878 439 919 „calcavit
476 879 673 927 litigator,
712 893 899 930 quatenus
929 880 1043 922 haec,
1082 881 1263 928 inquam,
1301 878 1424 926 judici
1453 892 1571 929 expo-

240 940 371 974 ,‚net.“
429 936 557 971 Habet
593 937 676 972 sane
716 937 818 972 illud
856 945 896 972 ut
925 936 982 984 fit
1021 936 1262 984 aliquantum
1305 935 1572 977 obscuritatis.

239 989 336 1025 fitne
377 990 424 1027 ad
461 993 612 1039 cognita
642 993 908 1034 referendum,
947 992 1045 1028 ficut
1073 991 1199 1028 adhuc
1236 992 1314 1041 ipse
1343 994 1570 1040 interpreta-

238 1056 302 1082 tns
341 1048 443 1086 sum.
508 1060 555 1082 an
585 1048 631 1082 ad
663 1048 834 1097 perferet.
903 1051 950 1084 In
983 1049 1055 1083 hac
1096 1048 1254 1096 quidem
1293 1048 1443 1083 ratione
1478 1047 1587 1082 fieri·

237 1103 362 1151 vulgo
394 1103 496 1139 dicet
524 1103 669 1146 noster,
702 1115 747 1140 ut
775 1117 872 1141 certa
899 1106 942 1140 in
972 1104 1098 1145 causa,
1138 1116 1262 1151 neque
1288 1116 1425 1152 magna
1450 1102 1569 1149 juris-

237 1159 405 1195 consulti
441 1158 609 1193 sollertia
643 1161 830 1200 eruenda,
872 1160 1033 1196 verbose
1062 1170 1226 1195 tractent
1254 1170 1425 1195 oratores
1455 1158 1519 1194 illi
1548 1172 1570 1194 a

235 1215 336 1262 juris
377 1213 508 1249 civilis
547 1214 701 1250 scientia
745 1215 872 1251 alieni.
930 1215 1173 1264 „Quidquid
1202 1229 1221 1249 a
1251 1216 1412 1251 docente
1439 1213 1569 1263 litiga-

236 1281 352 1312 ¹,tore
383 1270 579 1304 resciscere
609 1272 731 1318 potest
759 1282 965 1318 patronus,
996 1271 1039 1305 id
1066 1270 1225 1318 quidem
1255 1271 1306 1306 sat
1332 1271 1430 1306 bene
1459 1269 1570 1305 oran-

235 1327 317 1369 „do
356 1325 665 1366 commendabit.
713 1325 778 1362 vel
814 1327 920 1362 nulla
957 1326 1055 1374 juris
1094 1327 1232 1374 peritia
1264 1326 1446 1372 adjutus:
1505 1326 1571 1362 sed

234 1393 384 1430 „quota
415 1381 508 1417 haec
539 1395 624 1430 pars
656 1382 707 1418 eft
735 1383 777 1418 in
807 1393 887 1419 tota
916 1383 1066 1419 actione
1096 1382 1350 1418 dicendorum
1363 1380 1411 1416 ‘2⁶‘
1442 1383 1570 1425 [Hanc

235 1440 318 1474 viri
357 1437 501 1486 optimi
530 1436 915 1480 demonstrationem,
960 1452 1034 1487 qua
1071 1437 1173 1473 mihi
1209 1438 1367 1487 quidem
1404 1437 1568 1473 minime

234 1495 436 1545 persuasit,
482 1507 657 1543 premere
689 1506 816 1530 tamen
847 1497 951 1532 nefas
982 1495 1101 1535 duxi;
1151 1495 1238 1533 etti,
1277 1495 1383 1542 quod
1410 1490 1569 1529 {nolebat

235 1552 354 1592 idem,
383 1550 553 1597 recipere
583 1550 623 1584 in
653 1561 801 1587 textum
821 1551 1006 1600 Campani
1033 1551 1256 1598 scripturam
1286 1563 1365 1585 non
1394 1550 1564 1591 sustinui.

235 1608 339 1645 Nam
375 1618 460 1641 cum
495 1606 609 1642 toties
647 1606 834 1642 similium
865 1620 1008 1643 vocum
1040 1606 1262 1642 confusione
1295 1616 1493 1654 peccatum
1520 1605 1568 1641 [it

234 1663 279 1699 in
316 1661 589 1708 antiquiffimis
627 1661 731 1703 illis,
779 1661 878 1699 levis
914 1665 996 1698 sane
1026 1674 1133 1698 error
1163 1672 1242 1697 erat
1261 1660 1319 1709 fit
1346 1671 1386 1697 ut
1423 1661 1564 1697 facien·

234 1721 336 1757 tium
367 1730 414 1753 ex
443 1715 515 1751 illo
538 1717 654 1766 sicut,
699 1728 738 1753 et
766 1729 861 1755 certa
893 1733 912 1754 e
940 1729 1081 1757 cetera,-
1138 1717 1407 1766 manifestaque
1445 1717 1564 1764 hujus

234 1776 442 1822 scripturae
483 1784 700 1809 correctura
737 1774 785 1809 est
824 1774 927 1810 illud
964 1775 1071 1823 quod
1106 1774 1149 1808 in
1177 1773 1254 1808 tola
1283 1772 1571 1823 principiredim

234 1832 343 1868 tione
373 1829 530 1877 legitur.
584 1830 718 1865 Sensus
748 1841 874 1866 autem
906 1830 1084 1878 vulgatae
1123 1828 1225 1863 mihi
1254 1829 1410 1877 quidem
1440 1831 1564 1877 impe-

234 1888 338 1924 ditus
370 1898 451 1920 non
478 1884 648 1923 videtur.
708 1887 828 1926 „Non
858 1893 998 1935 magno
1028 1886 1282 1922 incommodo
1312 1885 1405 1921 haec
1433 1885 1562 1926 etiam,

234 1957 333 1992 quae
366 1943 449 1977 sunt
479 1954 499 1975 e
529 1942 614 1987 jure
642 1941 755 1977 civili
784 1945 966 1991 petenda,
1015 1943 1124 1978 domi
1152 1955 1173 1975 a
1202 1938 1429 1990 jurisperito
1455 1954 1563 1990 prae-

234 2011 340 2047 cepta
370 2009 409 2034 et
437 1998 647 2046 composita
677 1998 742 2040 (cf.
774 2007 813 2045 4,
851 2014 884 2039 ι,
918 2001 1000 2044 54.)
1032 2010 1070 2034 et
1099 2010 1187 2033 cum
1219 1998 1366 2039 ceteris,
1395 2011 1492 2046 quae
1518 1997 1563 2032 in

233 2057 312 2105 ipsa
344 2054 450 2090 causa
482 2054 578 2094 sunt,
610 2054 652 2088 in
681 2053 857 2092 discendo
888 2055 1043 2103 cognita
1073 2053 1120 2089 ad
1149 2054 1317 2100 judicem
1345 2054 1522 2103 perferet.
1535 2056 1563 2073 ‘⁸

233 2114 423 2152 Burman]
509 2109 688 2158 perferret
719 2111 852 2148 Turic.
881 2111 985 2147 Flor.
1015 2109 1156 2158 perfert
1172 2109 1306 2144 Ambr.
1329 2120 1364 2144 2.
1386 2122 1416 2145 c.
1441 2109 1560 2145 Goth.

232 2167 337 2206 Voss'.
379 2176 415 2201 2.
457 2165 545 2200 Ald.
605 2164 771 2214 praefert
811 2167 935 2205 Guelf.
978 2169 1070 2203 Exc.
1115 2168 1217 2200 sant.
1275 2165 1312 2198 in
1342 2165 1397 2200 his
1426 2166 1558 2213 Camp.

232 2226 454 2259 Pronomen
493 2221 679 2258 omittunt
718 2223 836 2258 Goth.
881 2235 919 2259 et
946 2223 1031 2258 edd.
1064 2220 1132 2258 rel.
1166 2231 1249 2256 ante
1276 2220 1363 2257 Ald.
1419 2220 1558 2271 quaest—

235 2279 396 2315 tionibus
436 2278 539 2314 Flor.
599 2276 678 2327 ipsa
708 2277 963 2327 sanctionibus
1000 2278 1099 2325 nasci
1136 2276 1238 2312 flor.
1282 2279 1351 2324 qui
1392 2287 1429 2313 et
1462 2289 1557 2312 mox

232 2347 308 2371 non
337 2335 510 2373 omittit.
540 2334 600 2370 sed
629 2329 765 2369 lacuria
802 2334 946 2371 relicta.
1013 2334 1186 2385 respectet
1225 2331 1294 2382 nisi
1324 2333 1476 2383 subselli
1507 2347 1555 2369 m.

233 2392 367 2428 Turic.
411 2390 513 2426 Ποῖ.
552 2389 645 2436 (hic
682 2391 839 2440 quidem
871 2390 1036 2442 subseli).
1098 2388 1299 2438 respectet
1327 2388 1475 2439 interf.
1507 2404 1555 2426 m.

231 2449 366 2495 camp.

229 2570 399 2618 persea-et.
460 2569 550 2607 vid.
584 2580 664 2606 not.
698 2572 781 2606 crit.
808 2588 866 2597 -
920 2570 1015 2607 libri
1047 2581 1198 2609 octavo.
1230 2571 1278 2607 cf.
1315 2578 1351 2616 5,
1381 2580 1418 2615 7,
1452 2578 1487 2614 7.
1515 2578 1554 2614 7.

231 2627 336 2669 Quid
367 2627 409 2662 fis
431 2624 575 2674 causam
595 2624 738 2674 discere,
771 2640 865 2663 mox
926 2642 961 2670 ι,
991 2633 1030 2674 4.

232 2683 424 2719 enarrabit
443 2681 571 2718 noster
594 2682 714 2732 capite
745 2683 864 2730 hujus
