1779 3062
220 135 316 182 106
539 135 616 182 M.
654 134 788 182 ΕΑΒ.
827 136 1244 199 QUINTILIANI

217 263 407 328 gratia:
469 271 575 310 tam
611 261 901 312 candidum
931 274 983 312 et
1012 265 1131 313 lene
1171 273 1222 312 et
1268 256 1560 329 speciosum

217 339 432 388 dicendi
472 356 668 404 genus:
710 350 848 389 tanta
876 342 1190 398 verborum,
1238 342 1395 390 etiam
1428 357 1561 406 quae

218 414 432 465 affumta
453 415 590 474 sunt,
629 418 949 483 proprietas:
995 428 1134 466 tanta
1164 420 1221 465 in
1244 418 1562 481 quibusdam

129 506 204 534 122
219 511 282 542 ex
313 495 553 559 periculo
593 495 768 559 petitis
809 493 1160 560 significantia.
1277 495 1562 543 Habebunt

216 573 312 637 qui
332 570 450 636 post
468 588 568 620 nos
604 571 669 619 de
703 572 998 620 oratoribus
1039 570 1279 629 scribent,
1319 587 1563 636 magnam

216 665 323 707 eos,
350 649 445 713 qui
466 665 611 696 nunc
634 648 833 713 vigent,
852 649 1122 697 materiam
1144 665 1270 696 vere
1292 646 1564 698 laudandi.

216 728 351 775 Sunt
385 725 530 773 enim
562 723 764 774 summa
794 725 984 782 hodie,
1044 726 1240 791 quibus
1273 723 1564 774 illustratur

296 872 441 919 gratia.-
475 878 563 906 tam.
623 869 757 906 Turio.
788 878 963 918 gratam;
1005 883 1025 904 a
1056 870 1125 905 sec.
1157 882 1274 904 manu
1303 870 1449 916 gratia,
1491 880 1565 904 neo

215 938 344 963 tamen
380 928 545 974 repofito
579 935 665 961 tam.
944 927 1035 961 lene.
1069 919 1202 961 Turio.
1235 926 1330 966 levo,
1365 939 1384 960 a
1411 925 1480 960 sec.
1509 938 1562 960 m.

213 984 305 1024 leve,
334 994 372 1019 et
403 985 450 1018 fic
479 981 583 1017 Flor.
613 982 739 1017 Guelf.
777 995 861 1017 cum
888 984 999 1017 Bern.
1034 982 1130 1021 Jens.
1163 983 1277 1017 Tarv.
1310 981 1377 1026 (cf.
1410 985 1443 1028 §.
1479 979 1567 1025 52.)

212 1042 307 1077 Non
350 1039 608 1088 improbanda
641 1038 958 1086 Capperonnerio
992 1039 1150 1075 videtur
1190 1039 1399 1087 scriptura;
1462 1036 1566 1072 mihi

212 1098 389 1146 prorsus,
421 1109 509 1130 cum
540 1095 605 1130 hic
635 1094 742 1129 nulla
766 1097 807 1129 fit
839 1095 1129 1142 compositionis
1160 1096 1324 1136 mentio,
1355 1093 1417 1129 [ed
1447 1093 1566 1130 vehe-

214 1153 339 1188 menti
379 1163 417 1189 et
455 1152 551 1186 forti
591 1161 812 1199 opponatur
839 1151 919 1185 lene
950 1151 984 1186 d.
1019 1165 1056 1198 g.
1104 1150 1215 1185 velut
1258 1161 1328 1192 ι2,
1390 1163 1460 1191 ιο,
1501 1148 1565 1184 66.

215 1210 263 1244 cf.
288 1220 325 1244 et
348 1220 383 1255 9,
420 1214 456 1250 4,
494 1216 582 1249 130.
625 1206 714 1248 156.
745 1206 812 1240 hic
831 1210 864 1252 §.
891 1212 953 1248 44.
1013 1209 1072 1241 Eo
1100 1219 1351 1255 quaecunque
1370 1219 1465 1241 mox
1484 1205 1567 1239 lau-

216 1266 356 1300 dantur
378 1265 418 1299 in
440 1263 517 1297 hoc
539 1274 691 1297 oratore
715 1263 936 1309 conspirant
956 1263 1107 1303 omnia;
1139 1263 1182 1297 in
1200 1263 1371 1298 affumtis
1393 1261 1569 1311 proprie-

214 1333 294 1362 tas,
326 1322 367 1355 in
405 1318 629 1368 periculosis
662 1317 922 1365 significantia.
985 1319 1084 1353 Mox
1119 1332 1190 1358 10,
1226 1329 1271 1359 2,
1306 1328 1369 1362 25.
1404 1319 1448 1353 in
1476 1316 1568 1353 solis

214 1379 313 1417 Jens.
339 1387 375 1412 et
395 1377 512 1412 Tarv.
534 1376 619 1415 levi,
651 1375 792 1413 leviter,
822 1374 1070 1422 improbante
1091 1386 1193 1410 recte
1217 1375 1395 1413 Gesnero.

303 1437 341 1469 in
363 1433 528 1484 quibusd.
554 1444 608 1466 ex.
633 1432 763 1466 Turio.
784 1430 888 1465 Flor.
915 1430 999 1478 (hic
1023 1446 1041 1466 a
1064 1445 1122 1480 pr.
1144 1434 1216 1476 m.)
1240 1432 1371 1481 Camp.
1398 1446 1442 1467 ex
1462 1445 1496 1480 q.
1518 1433 1568 1466 ὶη.

213 1492 275 1526 Ex
303 1491 406 1526 Alm.
435 1488 593 1523 affertur
625 1498 774 1522 tantum
805 1501 838 1535 q.
872 1488 920 1523 in.
974 1488 1092 1523 Goth.
1124 1491 1223 1533 (tac.
1257 1488 1397 1532 Gesn.)
1431 1487 1569 1524 nostris

213 1549 345 1584 verbis
369 1544 571 1592 anteponit
591 1545 705 1578 etiam
725 1557 814 1578 cum
837 1544 943 1581 Voff.
970 1554 1007 1579 2.

306 1613 396 1639 122.
417 1600 772 1636 Habebuncffuric.
786 1599 888 1634 Flor.
903 1601 940 1646 (a
962 1613 1019 1648 pr.
1033 1613 1152 1634 manu
1175 1602 1358 1648 uterque)
1373 1600 1570 1636 habebant.

289 1659 464 1709 scribent.
500 1658 632 1692 Turio.
667 1657 704 1701 (a
727 1669 785 1704 pr.
808 1657 879 1697 m.)
901 1655 1053 1705 scribet.
1292 1671 1466 1703 magnam
1489 1669 1565 1692 eos.

216 1717 350 1754 Turic.
375 1717 412 1760 (a
432 1715 500 1749 sec.
521 1712 658 1760 manu)
679 1713 812 1747 inserit
839 1716 875 1746 in
898 1725 987 1747 cum
1013 1714 1110 1751 JeuL
1127 1715 1242 1749 Tarv.
1299 1723 1304 1727 ·
1362 1715 1569 1749 materiam.

213 1774 318 1810 Flor.
361 1772 551 1806 materiem
591 1770 657 1815 (cf.
701 1776 744 1813 8,
790 1768 832 1809 6,
894 1771 965 1812 7.).
1193 1769 1402 1806 laudandis
1436 1769 1569 1806 Tusic.

217 1832 257 1876 (a
278 1831 346 1865 sec.
369 1830 441 1871 m.)
472 1826 665 1861 laudanda
685 1838 775 1860 cum
796 1825 894 1863 Jens.
921 1826 1039 1860 Tarv.
1534 1844 1543 1853 ·

184 1964 191 1974 -·
215 1958 299 1980 care
376 1941 541 1990 accipias
615 1941 863 1987 interpretari.
923 1952 1039 1987 quam
1060 1940 1160 1989 quod
1182 1954 1216 1975 v.
1251 1940 1354 1976 Nam
1375 1938 1450 1974 alia
1470 1938 1571 1975 ratio

215 2000 421 2049 Quidquid
452 1998 544 2033 scire
584 1996 672 2032 vult
712 1996 865 2030 audito-
924 1996 974 2030 est
996 2003 1032 2039 8,
1067 2006 1103 2039 3,
1138 1996 1205 2031 61.

213 2072 318 2097 rem,
371 2068 448 2092 tam
492 2064 576 2102 apte
616 2063 653 2088 et
687 2052 865 2087 decenter
979 2053 1073 2089 iene.
1105 2053 1196 2087 vide
1218 2063 1299 2088 not.
1323 2053 1408 2089 crit.

213 2115 347 2150 verbis
371 2111 580 2160 eloquitur,
606 2120 649 2145 ut
672 2108 778 2143 nihil
797 2108 865 2143 ob·
980 2106 1436 2160 affulyzta-proprietas-
1470 2108 1518 2144 ef.
1533 2115 1572 2153 8,

214 2173 369 2207 [curum
394 2178 588 2205 remaneat
626 2167 669 2201 in
700 2165 864 2212 magnis,
927 2166 961 2202 6.
997 2176 1124 2200 toturn
1152 2172 1284 2213 caput:
1317 2165 1386 2200 ubi
1410 2163 1577 2215 arceffita

214 2227 320 2263 nihil
341 2226 421 2262 vile
451 2224 632 2260 videatur
653 2223 695 2256 in
721 2220 866 2269 parvis.
925 2223 1024 2261 sunt,
1058 2235 1154 2270 quae
1175 2221 1240 2256 hic
1265 2218 1431 2270 affumta.

216 2285 264 2320 cf.
298 2290 345 2328 8,
388 2282 434 2322 6,
482 2287 519 2324 8.
579 2281 684 2314 Haec
718 2278 796 2325 ipsa
831 2286 869 2311 et
985 2291 1030 2313 ex
1054 2278 1219 2326 periculo
1239 2276 1595 2328 —fignificantia.,

216 2340 329 2376 Fabii
348 2338 470 2375 nostri
494 2336 560 2372 vel
590 2335 796 2385 praecipua
819 2332 869 2367 est
926 2334 1003 2373 Vel
1051 2334 1292 2370 audaciffime
1343 2346 1485 2370 novata
1533 2335 1578 2370 in

215 2398 357 2432 virtus.
379 2394 495 2443 Apud
518 2395 699 2428 Senecam
719 2400 871 2438 patrem
929 2391 1152 2426 elocutione
1190 2404 1269 2426 non
1315 2402 1446 2427 carent
1491 2404 1577 2440 per·

219 2454 408 2490 Controv.
438 2450 463 2485 l.
492 2460 526 2484 2.
558 2447 678 2484 Praef.
724 2445 870 2492 „expli-
928 2447 1140 2496 [plenitate.
1155 2448 1201 2482 cf.
1218 2457 1254 2488 2,
1274 2462 1289 2482 1
1303 2460 1336 2486 1,
1351 2457 1386 2491 5.
1402 2454 1438 2491 8,
1456 2448 1494 2489 6,
1512 2461 1528 2483 1
1541 2459 1577 2484 1.

218 2511 342 2551 ‚statio
372 2527 428 2536 -—
466 2505 664 2554 splendida
697 2503 869 2551 quidem,
934 2516 998 2545 ιι,
1036 2519 1068 2544 1,
1102 2512 1166 2546 52.
1198 2505 1293 2539 item
1316 2500 1519 2551 l1ic§.4§.

216 2565 308 2607 „sed
353 2564 511 2613 operosa
553 2572 590 2597 et
637 2558 872 2608 implicita.“
993 2570 1082 2595 122.
1134 2561 1229 2595 Sunt
1275 2562 1372 2595 enim
1417 2558 1575 2608 summa.

216 2623 356 2657 Fateor
385 2630 513 2655 autem
535 2617 773 2667 placiturum
792 2628 872 2650 ma·
929 2616 1139 2657 „Florebat
1175 2619 1301 2665 Aper,
1360 2615 1580 2656 Marcellus,

219 2679 280 2728 gis
310 2677 435 2716 mihi,
474 2677 501 2711 fi
545 2674 667 2710 fuerit
708 2672 797 2721 qaid
837 2685 873 2709 v.
929 2674 1170 2714 „Mum-nus,
1191 2671 1579 2713 Mess'allassaecitius
