1779 3062
255 124 353 183 406
567 124 642 170 M.
679 122 814 170 ΕΑΒ.
853 122 1272 185 QUINTILIANI

258 248 417 299 credo
445 249 505 297 in
529 249 625 299 illo
657 266 756 314 pro
780 247 1119 315 Ctesiphonte
1142 248 1333 298 timido
1354 245 1597 297 summis·
1648 294 1654 298 ,

258 325 421 392 [oque
453 326 746 392 principio:
787 324 859 374 sic
889 324 1166 375 formatam
1187 326 1460 376 Ciceronis
1485 342 1596 374 ma-

258 420 423 460 num,
462 419 586 450 cum
618 402 844 460 diceret,
885 403 964 460 Si,
998 402 1223 466 judices,
1259 404 1452 471 ingenii
1483 405 1599 460 mei,

259 474 578 550 quodsencio
599 474 841 551 quamsit
864 483 1123 548 exiguzmz.
1180 479 1377 528 Eadem
1397 478 1598 543 aliqua-

259 567 416 605 tenus
466 556 685 604 liberius
725 554 970 605 deorsum
1015 555 1370 620 spectantibus
1415 554 1598 620 digitis

261 633 534 698 colligitur
556 633 613 680 in
634 649 731 682 nos
745 669 757 690 ‚
797 643 848 681 et
867 631 1037 681 fusius
1062 631 1223 696 paulo
1244 632 1302 679 in
1325 629 1598 680 diversum

262 708 562 766 resolvitur,
596 719 658 758 ut
680 707 1075 774 quodammodo
1099 706 1398 756 sermonem
1420 705 1597 772 ipsum

187 796 239 839 98
260 785 500 852 proferre
537 785 793 834 videatur.
855 787 1015 834 Binos
1051 785 1264 833 interim
1292 784 1487 850 digitos
1515 782 1687 831 di-1020

259 862 602 928 stinguimus‚
639 861 727 910 sed
755 880 865 911 non
889 860 1083 909 inserto
1113 862 1338 927 pollice,
1375 860 1599 927 paulum

258 950 434 988 tamen
465 938 809 990 inferIOribus
838 942 976 988 intra
1003 937 1369 1004 spectantibus,
1407 936 1493 986 sed
1526 953 1596 986 ne

212 1106 219 1112 -
256 1081 347 1118 loco
365 1083 462 1121 Jens.
488 1094 525 1118 et
545 1081 631 1118 rell.
653 1097 672 1117 a
697 1083 886 1118 Cicerone
912 1096 992 1118 non
1015 1082 1218 1118 abludunt.
1467 1082 1504 1117 1'n
1525 1095 1604 1120 nos.

257 1140 320 1174 Sic
343 1139 475 1174 Turic.
495 1138 598 1173 Flor.
622 1139 754 1173 Ambr.
778 1151 813 1174 2.
836 1138 964 1173 Guelf.
990 1140 1122 1186 Camp.
1146 1151 1233 1173 oum
1251 1137 1350 1173 Alm.
1376 1136 1463 1173 Ald.
1487 1138 1598 1182 Gesn-

253 1194 416 1242 Reliqui
437 1197 473 1227 in
498 1207 550 1233 05,
583 1207 752 1241 quorum
778 1194 828 1228 est
850 1194 970 1228 Goth.
991 1193 1092 1231 vall.
1128 1194 1251 1228 Modo
1275 1193 1420 1228 collitur
1442 1194 1546 1229 Voss'.
1566 1206 1598 1230 ι.

257 1251 401 1298 colligit
432 1251 528 1287 Jcnl‘.
559 1262 647 1284 cum
678 1249 763 1283 edd.
795 1250 952 1297 posterr.
984 1260 1069 1284 ante
1099 1249 1185 1284 Ald.
1207 1263 1273 1285 nos
1296 1247 1447 1297 effusius
1467 1248 1595 1286 Guelf.

255 1306 400 1354 divmsa
424 1306 543 1341 Goth.
566 1306 664 1344 Jens.
687 1318 774 1340 cum
799 1304 885 1340 edd.
905 1305 1065 1354 posterr.
1091 1316 1175 1341 ante
1197 1306 1306 1341 Leid.
1334 1318 1413 1341 exc.
1433 1305 1520 1342 Ald.

339 1413 403 1454 93.
434 1408 560 1443 Dium.
591 1407 725 1442 Ambr.
749 1418 785 1444 2.
815 1406 943 1442 Guelf.
976 1407 1093 1443 bonis.
1142 1407 1250 1443 Alter
1278 1417 1315 1442 et
1341 1420 1436 1443 mox
1469 1407 1600 1455 digitis

256 1476 276 1498 a
296 1463 364 1498 fec.
396 1477 447 1499 m.
478 1463 584 1498 Dein
613 1464 711 1502 Jens.
745 1465 835 1511 (tac.
867 1464 998 1511 Gesn.)
1029 1466 1167 1499 incerto
1200 1477 1289 1499 cum
1329 1463 1414 1500 edd.
1439 1464 1599 1514 posterr.

256 1530 341 1555 ante
362 1519 450 1555 Ald.

317 1653 381 1690 97.
410 1641 465 1692 sic
477 1642 685 1690 formatam
703 1644 897 1681 Ciceronis.
1011 1647 1046 1679 in
1070 1656 1146 1680 nos.
1169 1644 1389 1679 Rectissime
1411 1644 1598 1682 Gesnerus

257 1700 379 1740 „Non
401 1700 522 1734 credit
543 1699 676 1739 Fabio,
700 1711 799 1734 certe
820 1714 898 1735 non
954 1699 1052 1735 lianc
1075 1701 1299 1748 scripturam
1322 1711 1472 1740 tuetur,
1494 1702 1596 1749 quia,

257 1757 425 1804 „probat
447 1755 549 1790 hunc
571 1754 714 1802 gestum
732 1758 769 1789 P.
785 1757 899 1791 Fran-
955 1756 1061 1804 quod
1083 1755 1178 1791 alibi
1201 1755 1355 1803 legitur,
1384 1759 1421 1791 ῖη
1443 1769 1482 1791 os
1504 1772 1597 1799 „uz-

258 1812 369 1851 „cius
398 1812 438 1846 in
458 1812 622 1859 Specim.
643 1810 755 1858 Eloq.
779 1822 897 1847 exter.
954 1812 1141 1852 „sorum“
1189 1812 1261 1847 sibi
1310 1813 1381 1847 effe
1419 1813 1599 1850 videatur

259 1881 322 1915 „p.
347 1868 410 1910 (53.
454 1871 507 1902 Ac
529 1868 624 1907 sane,
657 1867 733 1902 [ive
757 1868 898 1914 septen·
954 1879 1046 1908 „aut
1082 1868 1304 1909 simiarum,
1351 1881 1432 1904 non
1473 1881 1601 1906 orato-

259 1923 466 1963 „trionalis
517 1923 630 1972 plaga
673 1923 900 1971 frigidiores
958 1930 1121 1964 ‚,rum.“
1142 1925 1188 1960 cf.
1210 1925 1241 1968 §.
1266 1931 1328 1972 89.
1359 1934 1449 1968 105.
1490 1927 1601 1962 Idem

258 1992 358 2019 „nos
388 1980 499 2020 facit,
541 1980 619 2014 five
647 1990 746 2015 actas
777 1980 901 2015 nostra
958 1979 1192 2016 illustrandis
1217 1981 1314 2020 istis,
1348 1989 1389 2015 uc
1421 1983 1601 2030 quodam·

258 2036 528 2076 „moderatior
582 2036 779 2071 tardiorve
832 2036 900 2076 est,
960 2037 1326 2078 ηιοιΙο-υἱιΙεαειιν,
1355 2036 1449 2072 haec
1470 2038 1598 2074 addit:

258 2091 407 2140 „gestus
439 2093 596 2139 quidam
623 2092 903 2137 Quinctilianci
959 2094 1032 2132 „ad
1063 2093 1137 2129 hoc
1167 2094 1251 2128 satis
1279 2094 1348 2129 effe
1371 2092 1540 2135 videtur,
1569 2095 1601 2129 si

258 2162 417 2196 „parum
442 2149 574 2183 decere
603 2148 751 2183 nostros
773 2149 902 2182 homi·
958 2149 1147 2191 „collecta
1187 2160 1223 2184 et
1248 2150 1376 2184 versus
1407 2149 1599 2192 dicentem

257 2218 350 2243 „nes
409 2205 605 2240 videntur.
621 2209 644 2224 “
700 2205 897 2240 Cernen-s.
955 2206 1129 2247 „directa
1162 2219 1297 2240 manus
1327 2206 1369 2241 in
1400 2205 1597 2242 diversum

257 2261 411 2295 Locum
438 2261 508 2296 effe
540 2259 725 2309 principii
752 2261 898 2295 Tullia·
954 2263 1002 2302 „12
1024 2263 1069 2296 ad
1092 2263 1286 2297 auditores
1310 2256 1401 2297 dum
1421 2262 1599 2302 refertur.

259 2330 328 2352 nae
357 2330 427 2365 pro
450 2318 592 2353 Archia
622 2329 736 2350 nemo
767 2317 896 2352 nescit.
954 2318 1214 2359 ,‚resolvat1n·‚
1271 2329 1316 2354 ut
1355 2318 1516 2367 prodire
1549 2331 1598 2354 ex

259 2373 307 2408 cf.
336 2386 396 2413 ιι,
427 2387 459 2413 ι,
487 2387 546 2419 19.
955 2373 1106 2415 „clauso
1177 2374 1357 2410 videatur
1421 2375 1558 2411 oratio.
1572 2380 1598 2397 “

317 2430 559 2478 aliquatenus.
572 2429 767 2480 Displicet
781 2442 894 2477 quam
956 2431 1070 2477 Quod
1094 2444 1280 2480 reponere
1298 2430 1397 2466 velit
1412 2432 1597 2466 Francius

257 2487 426 2520 maxime
449 2486 521 2521 hoc
543 2487 772 2523 adverbium
787 2485 898 2521 alteri
948 2485 1091 2535 sursum.
1123 2502 1194 2536 pro
1227 2487 1414 2536 deorsum,
1445 2486 1598 2522 facilio-

258 2541 554 2584 superadditum.
645 2542 782 2578 Malim
831 2542 900 2576 uli·
956 2556 1036 2577 rem
1090 2544 1172 2579 sane
1218 2545 1263 2579 ad
1305 2542 1597 2592 imaginandum

260 2607 422 2643 quanto,
465 2610 502 2635 et
528 2600 651 2649 magis
682 2600 797 2635 etiam
830 2598 900 2634 all·
955 2599 1113 2646 praestat
1143 2600 1306 2646 gestum,
1337 2600 1399 2636 [ed
1419 2598 1495 2635 hoc
1513 2610 1595 2635 non

259 2655 420 2700 quando.
958 2654 1007 2690 est
1025 2656 1203 2692 criticum
1225 2670 1349 2706 agere.
