1779 3062
405 116 571 162 1Ns‘r.
609 116 889 164 ORATOR.
927 118 1050 163 LIB.
1087 118 1158 175 x,
1196 128 1241 173 5.
1409 132 1507 180 179

142 245 324 303 simae,
402 260 539 309 quae
578 244 954 293 inventionem
1005 256 1057 293 et
1095 243 1503 312 dispositionem

141 324 339 390 pariter
375 332 634 378 exercent,
677 320 768 370 sed
798 322 957 370 etiam
993 340 1115 372 cum
1150 323 1223 371 eft
1255 322 1503 373 consum-

139 411 335 458 matus,
393 417 450 447 ac
479 404 585 461 jam
616 401 674 448 in
704 398 826 448 foro
865 399 1052 449 clarus.
1134 403 1312 450 Alitur
1355 402 1501 449 enirn

140 488 299 542 atque
329 476 581 536 enitescit,
618 478 769 526 velut
806 477 1008 542 pabulo
1042 479 1277 536 laetiore,
1316 477 1502 528 facun-

140 554 258 619 dia,
309 566 361 603 et
390 554 578 604 affidua
614 556 1024 605 contentionum
1069 554 1342 622 asperitate
1380 554 1501 604 fati-

138 644 254 699 gata
295 643 597 683 renovatur.
679 636 1019 702 Quapropter
1063 632 1315 682 historiae
1362 651 1500 683 non-

137 728 420 776 nunquam
469 712 681 760 ubertas
731 713 790 758 in
849 711 1024 775 aliqua
1077 711 1358 759 exercendi
1398 710 1503 760 stili

136 799 283 854 parte
361 788 637 854 ponenda,
716 799 768 836 et
836 787 1178 853 dialogorum
1261 789 1503 836 libertate

137 864 487 932 gestiendum.
555 868 642 915 Ne
667 867 899 914 carmine
923 865 1143 931 quidem
1166 866 1352 915 ludere
1376 884 1504 915 con-

136 945 360 992 trarium
380 942 577 993 fuerit:
618 942 752 993 sicut
772 944 1021 1001 athletae,
1053 942 1257 992 remissa
1281 944 1504 1008 quibus-

137 1021 259 1071 dam
298 1023 632 1088 temporibus
678 1022 927 1072 ciborum
971 1033 1131 1088 atque
1173 1022 1503 1070 exercitatio-

135 1117 268 1148 num
306 1111 442 1148 certa
476 1099 790 1159 necessitate,
847 1101 959 1150 otio
992 1111 1044 1148 et
1080 1100 1501 1161 jucundioribus

137 1178 310 1243 epulis
342 1176 682 1227 reficiuntur.
804 1177 1043 1243 Ideoque
1091 1178 1230 1226 mihi
1281 1177 1503 1227 videtur

135 1355 275 1383 ventus.
307 1345 380 1382 Ille
402 1362 421 1382 a
442 1348 507 1382 see.
529 1360 581 1382 m.
615 1344 800 1394 adulescet
827 1347 1012 1391 juventur,
1046 1357 1083 1381 et
1115 1347 1166 1381 sic
1197 1347 1289 1392 (nisi
1322 1346 1431 1394 quod
1461 1346 1503 1390 o)

137 1404 270 1454 Camp.
293 1417 381 1439 cum
403 1404 505 1440 Alm.
530 1403 645 1439 Bodl.
669 1403 790 1438 Andr.
815 1404 895 1447 (sed
921 1404 964 1437 hi
985 1404 1160 1452 praesens
1193 1403 1400 1453 adolescit).

223 1470 260 1496 et:
290 1460 586 1510 dispositionem.
629 1460 734 1495 Flor.
779 1459 906 1496 Guelf.
950 1461 1069 1496 Goth.
1114 1461 1212 1497 Jens.
1247 1464 1335 1503 (tac.
1372 1461 1505 1509 Gesn.)

133 1519 251 1554 Tarv.
277 1518 467 1553 omittunt
496 1527 542 1556 et,
576 1516 688 1553 male.
928 1516 1207 1565 consummatus.
1232 1518 1366 1552 Turic-
1392 1517 1500 1554 Flor.

132 1575 218 1622 (hic
239 1588 258 1608 a
279 1586 337 1623 pr.
361 1577 433 1617 m.)
465 1572 734 1622 consummatis,
762 1572 832 1609 ille
853 1574 968 1609 etiam
1003 1574 1110 1609 claris
1142 1588 1160 1608 a
1184 1576 1251 1610 sec.
1273 1588 1327 1608 m.

217 1632 355 1666 Alitur.
387 1633 521 1667 Turic.
556 1632 677 1667 aliter.
906 1629 1083 1680 enitescit.
1113 1631 1233 1667 Goth.
1255 1636 1344 1674 (tac.
1370 1631 1502 1675 Gesn.)

132 1687 278 1737 nitescit
310 1701 400 1724 cuni
421 1689 526 1726 Voss.
552 1698 587 1723 2.

218 1753 279 1789 15.
314 1746 444 1793 epulis.
476 1746 610 1780 Turic.
642 1745 746 1781 Flor.
779 1744 819 1792 (a
838 1759 897 1794 pr.
919 1758 971 1780 m.
999 1746 1184 1794 uterque)
1215 1754 1252 1780 et
1273 1746 1378 1785 ullis,
1411 1759 1502 1781 cum

132 1802 236 1837 Alm.
279 1801 351 1837 Ille
376 1817 395 1837 a
417 1803 486 1838 see,
511 1815 562 1838 m.
595 1802 739 1845 eduliis,
770 1814 808 1839 et
830 1803 882 1838 fic
903 1801 1017 1838 Bodl.
1053 1801 1214 1838 Palatin.
1244 1802 1370 1839 Gebh.
1409 1804 1505 1842 Vox

133 1860 294 1908 quidem
318 1872 398 1895 non
420 1860 470 1894 est
488 1857 664 1906 rejicula.

136 1999 198 2038 18.
227 2004 264 2029 et
285 1992 356 2029 lib.
381 1992 529 2041 deside
556 2004 593 2029 et
615 1994 789 2042 operibus

133 2060 171 2093 7.
205 2051 301 2086 item
329 2051 574 2086 mentionem
604 2053 696 2087 facti
722 2052 788 2087 ha-

131 2103 290 2143 bentem
332 2108 564 2144 Strabonem
616 2108 685 2146 lib.
721 2121 786 2146 11.

129 2176 169 2212 p.
192 2172 290 2209 515.

195 2265 257 2299 14.
298 2258 442 2305 pariter
487 2265 654 2292 exercent
691 2257 719 2294 i.
755 2271 787 2294 e.

133 2311 249 2347 timul
278 2326 368 2348 cum
401 2313 646 2355 elocutione,
677 2315 788 2361 cujus

131 2370 293 2417 proprie
334 2370 385 2405 est
420 2370 465 2405 in
505 2369 593 2406 stilo
641 2372 787 2406 exerei-

133 2435 242 2462 tatio.

195 2511 256 2548 15.
291 2505 455 2541 ciborum
473 2525 529 2533 ——
549 2516 650 2542 certa
671 2505 790 2556 neces-

126 2560 256 2612 sitate.
288 2563 481 2599 Redditur
502 2565 623 2612 presse
645 2565 789 2600 Graeca

132 2619 262 2655 victus
321 2619 498 2656 athletici
566 2620 787 2670 appellatio,

132 2674 425 2727 ἆναγνιοφαγία,
467 2677 514 2713 de
567 2690 643 2727 qua
693 2678 788 2714 vide

847 1992 1000 2031 Salmas.
1014 1993 1061 2029 ad
1074 1993 1306 2030 Tertullian.
1319 1994 1364 2030 de
1376 1993 1502 2031 Pallio

845 2065 884 2100 p.
916 2052 1011 2087 261.
1046 2061 1084 2089 2.
1136 2051 1234 2087 item
1275 2052 1413 2087 citatos
1458 2052 1503 2087 in

845 2108 1122 2156 ἀναγκοφαγεῖν
1149 2108 1251 2157 apud
1273 2108 1439 2156 Hesych.
1465 2118 1504 2144 et

845 2164 1032 2203 Valcken.
1076 2166 1120 2200 in
1149 2165 1331 2201 Diatriba
1362 2178 1399 2213 p.
1434 2175 1501 2212 79.

848 2229 914 2268 80.
957 2221 1109 2257 Eodem
1139 2223 1243 2258 redit
1273 2221 1341 2256 illa
1370 2225 1403 2268 §.
1438 2231 1500 2265 17.

838 2278 990 2329 sagina.
1024 2279 1071 2316 ef.
1104 2291 1141 2315 et
1159 2281 1238 2316 Cic.
1268 2291 1340 2327 pro
1366 2278 1502 2314 Sextio

848 2337 913 2380 56.
939 2336 1060 2373 Tacit.
1074 2337 1218 2372 Hister.
1235 2347 1270 2377 2,
1285 2342 1351 2380 88.
1369 2335 1501 2372 Nostr.

852 2394 1049 2437 11,5‚26.
1077 2404 1136 2433 12,
1158 2405 1219 2434 10,
1236 2399 1301 2435 41.
1324 2390 1503 2428 Declam-

851 2461 887 2498 9,
914 2458 949 2494 5.
983 2463 1021 2498 p.
1049 2459 1140 2493 175.
1168 2451 1340 2498 Apparet
1359 2447 1504 2496 ingla-

849 2507 1022 2546 diatom,
1065 2507 1135 2555 qui
1165 2516 1411 2554 comparatur
1439 2505 1505 2541 de-

848 2562 1042 2604 clamanti,
1077 2564 1148 2599 ess'e
1183 2563 1428 2603 obem-atem,
1458 2562 1504 2598 in.

846 2619 995 2659 milite,
1048 2621 1120 2669 qui
1149 2619 1296 2655 dicenti
1325 2619 1368 2654 in
1397 2618 1501 2660 foro,

845 2677 970 2713 robur
994 2678 1126 2713 nervis
1150 2677 1359 2712 astrictum.

927 2737 974 2770 M
1007 2744 1031 2770 2

1528 1189 1587 1227 16v
