1779 3062
391 131 557 176 INST.
596 132 878 178 ORATOR.
918 136 1040 180 ΠΒ.
1079 137 1175 191 Χ,,
1215 101 1258 193 γζ
1402 149 1496 191 203

138 260 372 311 mirabor
411 276 676 325 unquam,
757 276 918 324 quem
966 263 1300 329 iurgantibus
1340 264 1498 313 etiam

137 338 480 387 mulierculis
507 334 835 401 superfluere
861 339 1050 389 video:
1093 359 1214 391 cum
1238 360 1300 391 eo
1331 342 1498 407 quod,

48 413 186 474 955fi
227 416 369 464 calor
400 431 457 462 ac
488 412 704 480 spiritus
734 415 884 472 tulit,
949 415 1259 482 frequenter
1295 419 1500 478 accidit,

136 502 200 541 ut
252 488 540 541 succeffum
593 492 1009 555 extemporalem
1067 495 1320 561 consequi
1372 512 1498 546 cura

135 586 250 618 non
295 567 456 634 poffit.
572 570 754 617 Deum
796 578 926 616 tunc
970 566 1195 628 affuisse,
1274 591 1396 622 cum
1439 574 1498 623 id.
1525 589 1575 624 ια

136 644 413 703 eveniffet,
491 656 697 694 veteres
741 655 1008 703 oratores,
1089 658 1150 695 ut
1181 648 1369 698 Cicero
1413 651 1499 708 ait,

136 723 459 772 dictitabant.
543 722 646 772 Sed
685 723 820 772 ratio
865 722 1140 772 manifesta
1187 723 1277 779 est.
1355 728 1499 795 Nam

133 867 296 916 Reliqui
328 868 401 909 Sed
428 882 492 903 nec
525 868 770 907 tumultuarii,
801 866 1037 904 revellentes
1059 868 1104 904 ab
1136 864 1366 917 antegressis.
1400 884 1499 920 quae
1566 912 1569 914 ,

133 924 322 960 diremtio
345 925 395 959 est
415 925 458 959 in
481 921 716 974 ipsoGuelf.

227 991 288 1024 15.
320 982 452 1017 video.-
485 995 563 1016 cum
585 996 628 1017 eo
650 981 761 1031 quod.
803 981 866 1016 Sic
901 981 1008 1019 Voss.
1032 991 1068 1018 2.
1109 982 1228 1018 Goth.
1277 984 1369 1030 (nisi
1391 986 1500 1033 quod

134 1051 183 1074 ex
209 1037 288 1073 hoc
323 1039 434 1074 video
457 1053 535 1074 curn
559 1053 638 1074 cum
661 1052 690 1074 e.
712 1053 747 1088 q.
789 1038 970 1078 affertur,
1004 1040 1113 1087 quod
1142 1040 1301 1088 quidem
1324 1054 1396 1088 ego
1417 1055 1499 1078 non

130 1095 406 1144 praestiterim)
448 1096 547 1133 Jens.
589 1097 705 1131 Tarv.
747 1108 836 1130 cum
874 1095 960 1131 edd.
992 1106 1078 1131 ante
1099 1097 1192 1132 Bad.
1237 1111 1315 1132 cum
1337 1099 1500 1148 eoquod

132 1152 294 1194 (omisso
337 1152 469 1198 video)
507 1153 639 1188 Turic.
673 1152 778 1187 flor.
810 1151 938 1187 Guelf.
970 1153 1080 1189 video
1111 1154 1210 1201 quod
1241 1156 1373 1202 Camp.
1409 1169 1499 1190 cum

133 1208 237 1247 Vall.
274 1209 388 1245 Bodl.
436 1209 558 1247 Andr.
602 1210 698 1246 Obr.
741 1209 841 1257 quod
880 1207 1005 1244 solum
1044 1211 1150 1247 Voff.
1188 1225 1220 1245 1.
1251 1221 1288 1254 5,
1338 1211 1500 1260 Reliqui

133 1266 242 1301 video
275 1279 392 1314 quem.
685 1265 901 1313 frequenter
932 1266 1080 1302 accidit.
1130 1266 1194 1301 Sic
1225 1268 1359 1303 Turic-
1391 1267 1497 1304 Flor-

135 1321 264 1357 Guelf.
310 1323 429 1358 Goth.
470 1326 558 1368 (tac.
583 1324 713 1364 Gesn.)
757 1323 891 1370 Camp.
918 1334 1006 1357 cum
1032 1324 1138 1358 Voff.
1164 1332 1200 1358 2.
1233 1335 1270 1359 et
1299 1325 1384 1360 edd.
1412 1337 1499 1362 ante

131 1378 226 1415 Bad.
255 1392 329 1414 acc.
360 1379 472 1416 Basil.
508 1379 672 1428 Reliqui
703 1379 876 1414 infelunt
916 1381 1024 1420 enim,
1059 1380 1170 1426 cujus
1203 1392 1404 1416 auctorem
1436 1396 1499 1432 ap-

132 1434 280 1485 pellax-e
300 1428 515 1474 vallensem
536 1437 696 1472 videtur
716 1435 810 1471 Bad.
843 1435 905 1470 fed
926 1449 997 1484 per
1019 1449 1079 1471 en
1085 1450 1192 1471 mem
1215 1437 1320 1472 haud
1342 1438 1473 1475 dubie.

227 1498 289 1536 14.
338 1494 613 1529 tunc.Tu1ic.
658 1502 792 1528 tamen.
1061 1493 1099 1527 id
1131 1492 1495 1543 eveniſjec.Tu1ic.

1339 1551 1399 1558 —a

132 1563 239 1596 inter.
279 1559 384 1596 flor.
427 1564 466 1606 (a
491 1574 550 1610 pr.
577 1561 650 1604 m.)
693 1561 852 1595 interim.
897 1558 1001 1595 Alm.
1044 1560 1084 1594 id
1129 1559 1302 1610 evensset
1344 1576 1401 1597 em
1434 1562 1498 1605 ηἶε,

129 1618 237 1653 unde
256 1618 504 1654 Bufmannus
533 1618 634 1653 eruit
663 1631 741 1652 cum
769 1619 942 1658 maxime,
976 1617 1088 1664 cujus
1123 1615 1243 1665 gloffa
1270 1618 1391 1654 fuerit
1419 1634 1500 1655 cum.

132 1674 174 1710 id
201 1672 385 1723 eveniſj'et.
429 1675 536 1713 Voss'.
575 1684 612 1718 5.
654 1670 888 1723 id'eveniffe.
1154 1675 1221 1714 ait,
1255 1675 1497 1713 dictitabant.

124 1731 198 1766 'Sic
229 1731 362 1780 Camp.
396 1744 444 1767 ex
475 1731 698 1778 conjectura
726 1731 919 1780 profecto,
952 1730 999 1768 cf.
1026 1738 1060 1774 5,
1099 1739 1172 1774 13,
1212 1743 1272 1778 ¹9·
1316 1732 1375 1767 [ed
1402 1747 1500 1782 quae

133 1787 212 1823 sola
237 1788 316 1823 sani
337 1788 553 1837 quidquam
577 1788 723 1824 coloris
744 1787 895 1823 habeat.
940 1787 1067 1823 Guelf.
1103 1788 1330 1823 dictitabant
1361 1789 1500 1826 solum.

133 1844 330 1879 dictabant
354 1846 474 1880 ‘Voll-
510 1857 542 1879 ι.
574 1854 611 1888 5.
662 1844 816 1890 ajebant
864 1843 988 1879 solum
1033 1844 1152 1880 Goth.
1197 1857 1285 1879 cum
1318 1846 1424 1882 Voss'.
1459 1858 1498 1883 2.

134 1900 299 1949 Reliqui
320 1901 443 1945 (Flor.
473 1901 557 1936 sane
584 1915 603 1936 a
623 1915 682 1950 pr.
703 1915 755 1936 m.
781 1901 817 1935 d.
835 1901 1019 1947 agebant)
1040 1902 1132 1936 dicit
1154 1901 1317 1946 ajebanc,
1350 1904 1393 1938 in
1418 1916 1499 1952 quo

134 1957 219 2006 ipso
242 1956 361 1993 latere
382 1969 480 2007 puto
513 1958 754 1993 dictitabant.
778 1958 919 2005 Neque
943 1968 1069 1993 tamen
1091 1971 1137 1993 eo
1165 1959 1501 2006 acquiescendum,

137 2014 243 2062 quali
269 2014 408 2050 Cicero
429 2015 508 2063 ipse
529 2015 714 2051 veteribus
742 2025 1022 2050 annumeretur
1053 2015 1133 2051 istis
1164 2015 1396 2057 oratoribus,
1429 2016 1501 2052 ubi

136 2084 235 2120 opus
259 2082 339 2106 erat
366 2072 530 2107 scribere
561 2073 678 2113 velut,
709 2084 791 2107 non
821 2080 872 2106 ut.
916 2072 1070 2107 Locum
1096 2071 1255 2120 quidem
1283 2073 1500 2113 Ciceronis,

133 2128 177 2164 in
209 2141 288 2177 quo
320 2127 472 2176 legatur
504 2129 739 2175 hujusmodi
768 2126 835 2163 vel
862 2128 983 2177 ipsius
1021 2128 1088 2164 vel
1129 2140 1307 2164 veterum
1339 2130 1385 2165 ab
1417 2130 1500 2178 ipso

134 2195 445 2221 :memoratorum
469 2186 666 2225 sententia,
690 2185 888 2221 ostendere
908 2197 989 2220 non
1015 2186 1066 2221 est
1086 2186 1129 2220 in
1150 2196 1324 2234 promtu.
1384 2186 1501 2234 Quod

136 2242 243 2277 enim
275 2242 539 2277 demonstrant
570 2242 616 2277 de
648 2242 756 2278 Orat.
796 2256 838 2283 1,
873 2241 937 2285 46.
983 2246 1016 2291 §.
1041 2252 1135 2279 202.
1179 2243 1405 2291 quicunque
1440 2244 1503 2279 in-

137 2299 317 2348 spexerit,
350 2298 423 2333 alia
453 2299 586 2334 omnia
615 2299 805 2335 inveniet.
841 2299 888 2334 cf·
910 2308 948 2343 5,
981 2314 1016 2341 1,
1041 2306 1077 2344 8.
1130 2300 1332 2346 Congruet
1362 2298 1507 2348 aliquis

139 2368 291 2398 eorum,
323 2356 352 2391 [i
370 2366 547 2405 repertus
566 2355 699 2396 fuerit,
720 2355 914 2398 locorum,
935 2356 1006 2393 ubi
1025 2369 1121 2406 quae
1141 2357 1290 2391 summa
1314 2368 1404 2392 cum
1426 2355 1506 2392 elo-

194 2478 264 2522 ,²3·
306 2483 386 2506 cum
425 2483 467 2506 eo
502 2471 603 2520 quod
634 2491 686 2498 —
713 2471 792 2521 fre·
850 2482 926 2515 „ut
973 2470 1159 2507 successus
1203 2469 1394 2506 orationis
1442 2484 1507 2506 ex-

139 2536 292 2579 quenter
312 2526 458 2563 accidit.
509 2528 573 2562 Est
591 2527 791 2571 structura,
851 2527 1107 2577 „temporalis
1140 2527 1272 2562 vincat
1298 2527 1504 2563 success'um

141 2583 297 2634 qualem
332 2583 508 2620 vidimus
541 2595 588 2626 2,
632 2592 684 2629 4,
726 2595 792 2630 5ο.
850 2598 993 2626 „curae
1026 2595 1064 2621 et
1087 2584 1394 2620 meditationis.“

139 2641 350 2690 Sequentia
390 2650 519 2675 autem
551 2650 592 2676 ut
617 2640 795 2692 succeffus
916 2646 980 2688 14.
1032 2651 1073 2677 ut
1099 2643 1223 2677 Cicero
1254 2642 1322 2682 ait,
1355 2640 1509 2678 dictita-

139 2717 195 2726 —
233 2711 308 2734 non
344 2694 457 2748 poffit
499 2698 553 2734 ita
593 2698 792 2751 intellige:
855 2700 958 2736 bant.
993 2699 1041 2736 cf.
1063 2709 1146 2736 not.
1170 2697 1257 2735 crit.
