1779 3062
246 203 345 253 174
557 193 632 239 M.
680 194 813 239 ΕΑΒ,
866 195 1284 258 QU1NT1L1AN1

241 322 308 371 de
337 319 522 370 eadem
554 338 612 369 re
643 320 901 381 dicimus,
971 333 1022 371 et
1059 321 1280 387 quidem
1313 324 1591 373 continuas

238 416 632 464 nonnunquam
663 397 977 448 sententias?
1036 398 1156 447 Nisi
1199 397 1338 447 forte
1373 411 1592 449 conten-

239 476 364 524 dere
386 477 672 525 nobiscum
701 474 988 541 possumus,
1029 493 1151 524 cum
1190 476 1306 524 aliis
1336 493 1448 524 non
1472 475 1591 542 pos-

237 551 439 602 sumus.
517 555 660 601 Nam
696 552 738 601 si
777 559 890 602 nno
925 570 1115 619 genere
1147 553 1281 601 bene
1308 552 1592 611 diceretur,

236 629 314 678 fas
346 641 455 678 erat
491 629 775 679 existimari
806 629 1128 696 praeclusam
1159 630 1316 678 nobis
1343 646 1369 675 a
1391 631 1588 694 priori-

234 706 336 756 bus
374 709 530 756 viam.
619 709 783 756 Nunc
829 725 959 756 vero
1004 706 1420 755 innumerabiles
1463 704 1586 755 sunt

188 792 213 832 8
237 783 403 843 modi,
447 785 816 850 plurimaeque
838 783 1029 833 eodem
1050 784 1168 832 viae
1190 783 1410 831 ducunt.
1481 785 1593 832 Sua‘

233 861 482 909 brevitati
502 863 678 926 gratia,
724 861 809 909 sua
833 862 1040 925 copiae;
1074 862 1173 908 alia
1196 860 1454 909 translatis
1478 861 1589 908 vir-

231 949 348 996 tus,
412 939 510 985 alia
545 939 792 1004 propriis.
874 941 989 987 Hoc
1023 939 1193 986 oratio
1229 947 1390 994 recta,
1443 936 1585 985 illud

228 1013 406 1080 figura
444 1014 703 1063 declinata
735 1014 1084 1063 commendat.
1203 1012 1314 1079 Ipsa
1349 1013 1584 1078 denique

230 1090 494 1142 utiliffima
526 1091 599 1140 est
627 1093 992 1140 exercitationi
1023 1089 1318 1140 difficultas.
1401 1090 1583 1161 Quid?

229 1325 300 1375 ipsi
328 1338 394 1361 nos
423 1324 477 1360 bis
525 1324 614 1360 Ald.
849 1326 1081 1362 contendere.
1122 1325 1255 1360 Turic.
1297 1324 1347 1360 ad
1378 1326 1578 1368 intendere,

229 1396 249 1417 a
277 1383 345 1418 sec.
376 1395 495 1417 manu
539 1382 589 1417 ad
621 1382 661 1417 icl
691 1382 893 1419 intendere.
945 1383 1049 1419 flor.
1094 1381 1134 1429 (a
1169 1395 1227 1430 pr.
1259 1383 1330 1427 m.)
1378 1384 1578 1419 intendere.

225 1439 376 1474 Pofitus
407 1438 572 1474 voculae
604 1453 678 1474 non
707 1439 830 1474 mirus
865 1439 915 1474 est
945 1440 986 1474 in
1016 1440 1140 1475 nostra
1163 1439 1358 1487 scriptura,
1388 1439 1458 1474 ubi
1481 1441 1578 1475 duo·

225 1495 299 1531 bus
321 1492 453 1530 verbis
480 1494 687 1530 divellitur
707 1496 752 1531 ab
773 1497 833 1530 An
857 1497 936 1531 suo.
984 1497 1082 1531 Blox
1106 1494 1189 1543 Nisi
1200 1495 1318 1543 forte,
1351 1496 1580 1543 exquisitior

223 1552 355 1600 figura
385 1551 578 1599 loquendi
606 1552 756 1599 ingrate
776 1553 944 1586 recurrit
965 1553 1049 1601 post
1078 1565 1221 1601 paucos
1244 1552 1387 1587 versus.
1451 1554 1580 1599 Quan-

226 1621 340 1656 quam
365 1608 411 1642 cf.
440 1621 500 1648 ιο,
538 1622 571 1647 1,
603 1617 666 1651 23.
728 1609 787 1642 An
809 1607 872 1642 hic
893 1609 1023 1655 potius
1052 1621 1165 1655 quam
1188 1608 1297 1656 supra
1329 1611 1361 1654 §.
1386 1608 1422 1644 6.
1447 1609 1579 1644 omitti

226 1663 418 1698 debebant
444 1663 536 1698 haec
569 1664 647 1698 duo
671 1662 861 1699 vocabula
895 1675 931 1698 et
963 1665 1012 1698 sic
1032 1663 1147 1698 scribi
1172 1674 1250 1698 tota
1281 1664 1484 1700 sententia:
1516 1666 1578 1700 An

223 1732 310 1754 vero
348 1718 418 1768 ipsi
438 1733 504 1755 nos
524 1720 577 1754 bis
596 1734 638 1755 ac
648 1719 802 1769 saepius
825 1740 874 1746 —
889 1719 1109 1768 sententias,
1144 1735 1186 1755 ac
1217 1721 1435 1755 contendere
1455 1721 1577 1756 nobis·

223 1789 304 1811 cum
324 1775 520 1825 poffurnus,
550 1791 629 1811 cum
647 1777 733 1811 aliis
753 1790 828 1811 non
848 1775 1063 1825 poffumus?
1104 1777 1151 1812 cf.
1176 1790 1236 1817 10,
1268 1785 1305 1819 5,
1340 1787 1403 1824 29.

303 1846 382 1866 cum
403 1833 490 1868 aliis
511 1846 586 1867 non
609 1831 806 1882 poffumus.
848 1833 979 1868 Turio.
1001 1833 1104 1869 Flor.
1139 1836 1177 1878 (a
1198 1847 1257 1882 pr.
1282 1833 1353 1876 m.)
1388 1833 1578 1870 omittunt

224 1901 314 1923 cum
341 1888 443 1924 Alm.
477 1890 583 1926 Voss.
611 1904 646 1925 ι.
673 1899 708 1932 3.
935 1903 1006 1924 uno
1031 1904 1174 1937 genere.
1208 1891 1270 1925 Sic
1303 1889 1435 1925 Turio.
1470 1890 1576 1926 Flor-

223 1944 351 1980 Guelf.
387 1946 519 1993 Camp.
552 1958 639 1980 cum
671 1945 771 1981 Alm.
805 1944 923 1980 Goth.
955 1946 1060 1983 Voss'.
1102 1962 1135 1981 1.
1166 1955 1202 1984 2.
1223 1956 1260 1990 5.
1302 1956 1339 1981 et
1370 1946 1454 1981 edd.
1489 1957 1576 1983 ante

220 2000 307 2036 Ald.
344 2001 417 2036 Hic
439 2000 576 2038 nostris
598 2003 783 2038 duntaxat
803 2001 1014 2049 subjungit,
1041 2003 1167 2051 Regio
1199 2003 1398 2043 suadente;
1429 1997 1577 2051 reliqui

220 2057 396 2093 inserunt
415 2067 572 2094 tantum.
808 2058 998 2092 diceretur.
1030 2058 1155 2093 Guelf.
1181 2060 1320 2093 dicetur
1341 2072 1431 2093 cum
1454 2059 1572 2095 Goth.

220 2113 326 2151 Voff.
351 2123 390 2157 5.
421 2115 519 2152 Jens.
554 2126 591 2150 et
614 2115 698 2150 edd.
721 2114 879 2163 posterr.
913 2125 998 2149 ante
1022 2115 1131 2149 Leid.
1163 2128 1243 2149 exc.
1264 2114 1370 2149 Bam.

304 2179 395 2205 erat.
428 2170 547 2206 Goth.
572 2172 671 2209 Jens.
703 2170 793 2218 (tac.
816 2171 946 2216 Gelu.)
965 2173 1044 2218 erit
1077 2184 1165 2205 cum
1187 2171 1272 2205 edd.
1293 2170 1571 2219 posterioribus

217 2237 302 2261 ante
322 2227 434 2262 Leid.
467 2241 546 2263 exc.
568 2227 678 2263 Basil.
913 2229 1025 2263 viam.
1057 2228 1174 2262 Nunc.
1206 2226 1311 2263 Flor.
1345 2228 1382 2271 (a
1407 2228 1475 2262 fec.
1498 2231 1572 2273 m.)

217 2283 350 2332 Camp.
383 2283 556 2318 inserunt
588 2286 623 2318 in
654 2283 808 2318 dicendo
855 2296 942 2318 cum
968 2283 1085 2318 Goth.
1114 2283 1219 2321 Voff.
1246 2293 1282 2317 2.
1311 2282 1374 2327 (ut
1394 2283 1571 2327 videtur)

211 2350 254 2374 ¹et
277 2339 361 2375 edd.
386 2350 471 2374 ante
494 2342 617 2376 Stoer.
641 2353 722 2377 exc.
746 2338 858 2376 Bam.
894 2352 970 2375 acc.
997 2339 1100 2376 Gibs.
1135 2339 1230 2385 Obr.
1261 2341 1335 2375 Pro
1360 2353 1454 2374 nunc
1482 2354 1568 2377 vero

219 2394 323 2431 Alm.
345 2408 505 2432 numere.

305 2514 342 2551 8.
374 2509 450 2543 Sua
472 2507 649 2543 brevitati
666 2509 805 2555 gratia,
828 2507 899 2557 sua
921 2509 1075 2556 copiae‚·
1103 2509 1194 2544 alia.
1223 2509 1320 2547 Jens.
1344 2506 1428 2557 sive
1448 2509 1565 2545 brevi-

220 2566 309 2598 tatis
337 2578 374 2611 g.
399 2563 483 2612 sive
515 2578 542 2598 c.
571 2579 604 2599 a.
648 2577 737 2599 cum
780 2565 864 2600 edd.
891 2565 1049 2614 posterr.
1085 2576 1170 2600 ante
1199 2566 1290 2600 Bad.
1329 2565 1400 2601 Sed
1432 2567 1564 2601 Turic-

212 2618 246 2668 s.
267 2620 298 2654 b.
321 2623 484 2667 gratiam
507 2629 547 2655 ut
578 2620 668 2661 alia,
702 2634 722 2655 a
748 2621 816 2657 sec.
842 2634 894 2657 m.
931 2623 1067 2668 gratia,
1094 2623 1244 2658 retento
1278 2636 1325 2657 an
1356 2622 1493 2656 omiffo
1525 2631 1566 2658 ut

215 2676 356 2712 neseio.
396 2676 501 2712 Flor.
546 2677 671 2725 prima
701 2689 838 2714 manus
875 2678 1029 2726 penitus
1065 2678 1214 2718 abrasa,
1264 2688 1301 2713 et
1329 2677 1401 2727 sua
1433 2680 1564 2726 copiae

215 2732 439 2781 repositum.
471 2732 574 2769 Alm.
606 2734 699 2769 haec
728 2735 808 2770 duo
838 2735 957 2771 verba
985 2734 1142 2770 omittit.
1172 2733 1300 2770 Guelf.
1322 2733 1358 2784 s.
1382 2733 1587 2770 brevitate·-
