1779 3062
265 162 361 212 140
587 150 663 197 M.
702 151 838 197 ΕΑΒ.
877 151 1297 212 QUINT1L1AN1

217 288 240 326 5
263 282 390 330 hinc
427 276 673 328 ordinem
709 275 908 342 sequar.
990 279 1067 326 Sit
1095 279 1272 343 primo
1301 280 1389 327 vel
1419 279 1617 337 tardus,

259 358 392 406 dum
416 355 661 420 diligens,
701 353 880 403 stilus:
927 372 1242 420 quaeramus
1273 358 1488 421 optima,
1518 373 1617 404 neo

257 435 507 502 protinus
532 428 879 481 offerentibus
897 431 948 479 se
978 432 1329 497 gaudeamus:
1368 433 1615 481 adhibea-

258 522 347 560 tur
387 509 652 572 judicium
698 510 959 567 inventis,
1036 507 1316 574 dispositio
1363 511 1613 574 probatis.

259 589 510 638 Deiectus
541 588 686 635 enim
713 603 892 636 rerum
931 587 1334 651 verborumque
1379 586 1616 651 agendus

262 665 359 723 est,
431 675 484 713 et
543 663 782 730 pondera
844 662 1179 728 singulorum
1254 663 1613 711 examinanda.

261 742 382 793 Post
423 741 602 791 subeat
645 743 780 790 ratio
819 739 1145 799 collocandi,
1227 739 1701 805 versenturque951
1759 733 1772 793 J

263 821 414 870 omni
451 819 616 868 modo
657 819 897 867 numeri:
957 835 1098 874 non,
1163 828 1225 866 ut
1272 817 1529 883 quodque
1565 816 1618 865 se

218 901 240 937 6
267 896 502 964 proferet
523 897 768 953 verbum,
809 905 1032 960 occupet
1052 895 1248 948 locum.
1329 899 1474 964 Quae
1501 895 1620 960 qui-

260 1020 445 1070 quomodo
487 1019 621 1054 inserit
661 1027 708 1053 et.
959 1017 1053 1051 hinc.
1093 1016 1221 1052 Guelf.
1264 1017 1332 1052 hic.
1372 1016 1469 1052 Obr.
1512 1016 1618 1054 hune.

261 1078 309 1113 cf.
332 1086 368 1117 2,
406 1091 470 1117 11,
508 1088 540 1109 ι.
573 1085 610 1118 3,
647 1089 678 1114 1,
714 1089 748 1109 1.

350 1141 385 1177 5.
416 1134 598 1181 protinus.
632 1132 764 1166 Turio.
796 1132 945 1177 primus,
977 1143 997 1164 a
1025 1130 1093 1165 sec.
1122 1143 1241 1164 manu
1276 1131 1397 1177 primo
1421 1128 1477 1177 se,
1510 1140 1547 1164 et
1569 1130 1618 1164 fic

263 1191 397 1238 Camp.
432 1202 522 1223 cum
551 1187 663 1222 Bodl.
694 1186 815 1221 Andr.
850 1185 937 1221 Ald.
1175 1185 1241 1232 off.
1272 1185 1326 1233 se.
1360 1187 1447 1220 Hoc
1480 1187 1617 1220 ordine

263 1246 391 1281 Guelf.
424 1246 516 1279 Bad.
542 1243 651 1278 Bafil.
685 1242 918 1290 efferentibus
942 1241 1013 1289 sed
1033 1242 1180 1281 Tul-ic.²
1207 1255 1225 1275 a
1259 1242 1330 1277 sec.
1351 1255 1469 1276 manu
1491 1241 1619 1289 feren.-

263 1303 371 1337 tibus.
404 1301 506 1337 Flor.
543 1299 777 1347 efferentibus
791 1297 846 1346 se.
876 1297 1083 1347 Reliquis.
1108 1312 1142 1333 ο.
1376 1298 1618 1346 gaudeamuf.

261 1359 395 1394 Turio.
417 1357 519 1393 Flor.
543 1360 580 1401 (a
604 1370 663 1404 pr.
689 1369 739 1389 m.
766 1357 947 1402 uterque)
970 1357 1184 1402 gaudemus.
1387 1356 1544 1389 inventis
1563 1373 1620 1381 —

260 1416 440 1465 probatis.
454 1413 583 1450 Guelf.
600 1414 772 1447 intuentis
786 1411 880 1457 (hoc
899 1412 1021 1446 folum
1044 1414 1186 1447 eBern.
1200 1425 1357 1460 quoque
1375 1411 1551 1455 affertur)
1566 1429 1621 1438 —-

259 1473 456 1521 probantis
484 1484 572 1505 cum
607 1469 712 1507 Voss'.
754 1482 784 1503 1.
822 1481 1042 1516 quanquam
1073 1469 1114 1503 in
1143 1469 1337 1515 postremo
1370 1481 1440 1516 per
1467 1468 1620 1516 apicem

261 1530 396 1565 mOdO.
448 1528 600 1562 infientl's
645 1524 747 1561 ῙἿΟΤ.
791 1526 836 1569 (a
867 1538 925 1572 pr.
956 1527 1037 1569 m.)
1304 1525 1480 1573 agendae,
1521 1525 1620 1562 Jens.

261 1587 448 1622 habendus
465 1597 553 1618 cum
576 1583 660 1617 edd.
680 1582 839 1629 posterr.
870 1592 955 1617 ante
975 1581 1083 1616 Bafil.
1107 1595 1180 1616 acc.
1208 1582 1358 1629 Gryph.
1382 1581 1484 1616 Gibs.
1512 1580 1617 1616 Roll.

262 1644 486 1690 Utrumque
514 1650 617 1675 recte
640 1639 719 1673 dici
738 1640 985 1673 Burmannus
1019 1649 1140 1687 putat,
1173 1650 1329 1673 auctore
1353 1636 1465 1673 Valla
1496 1637 1621 1686 elegg.

266 1707 303 1744 5,
337 1700 403 1740 60,
436 1709 474 1733 et
493 1695 593 1731 adest
615 1697 698 1730 [ane
723 1694 837 1729 verbi
860 1708 970 1741 agere
991 1695 1213 1742 exemplum
1240 1708 1258 1729 e
1287 1694 1416 1728 Piinio
1452 1695 1508 1738 (7,
1533 1696 1620 1741 29.)

264 1771 285 1791 a
304 1757 471 1792 Gesnero
503 1754 545 1787 in
567 1753 763 1788 Thesauro
795 1752 975 1799 pofitum.
1034 1754 1078 1785 In
1112 1752 1193 1799 ipso
1222 1762 1348 1785 tamen
1369 1751 1526 1785 delectus
1548 1764 1619 1785 vo-

265 1812 405 1849 cabulo
440 1810 685 1858 frequentius
723 1808 851 1843 saltem
885 1808 956 1842 effe
977 1808 1119 1849 *habere
1142 1808 1334 1843 Gibsonus
1355 1818 1457 1842 recte.
1478 1807 1621 1842 statuit.

264 1872 326 1906 An
347 1869 490 1907 differt,
518 1866 626 1915 quod
658 1865 722 1900 hic
755 1865 972 1912 improprie
994 1866 1198 1913 usurpatur
1223 1863 1291 1898 ille
1323 1864 1484 1898 delectus
1514 1875 1552 1899 et
1571 1863 1622 1898 est

266 1928 371 1976 quasi
394 1937 465 1974 pro
489 1922 668 1972 censura?
699 1922 861 1956 Interim
896 1922 1071 1957 standum
1107 1921 1266 1956 videtur
1287 1919 1398 1956 libris
1418 1919 1623 1955 vetustiffi-

263 1984 353 2020 mis.
387 1982 434 2018 cf.
459 1988 495 2024 5,
528 1980 564 2021 6,
593 1989 630 2022 5.
662 1979 757 2013 item
788 1978 823 2018 6,
857 1985 894 2020 5,
927 1987 992 2022 75.
1218 1974 1315 2024 Post.
1349 1977 1482 2012 Turic.
1513 1976 1616 2011 Flor.

262 2037 396 2090 potest,
427 2053 446 2074 a
468 2038 536 2072 sec.
559 2050 610 2070 m.
643 2046 807 2083 uterque
828 2032 970 2082 postea,
1004 2045 1040 2069 et
1067 2036 1114 2069 fic
1136 2035 1268 2083 Camp.
1284 2071 1289 2078 ⁴
1305 2047 1393 2068 cum
1426 2034 1510 2068 edd.
1536 2044 1623 2068 ante

265 2100 389 2133 Stoer.
433 2108 513 2131 exc.
543 2092 631 2128 Ald.
666 2091 774 2126 Bam.
809 2092 947 2126 Poema
977 2091 1095 2126 Goth.
1130 2093 1218 2135 (tac.
1253 2090 1383 2133 Gesn.)
1434 2090 1623 2126 Nostrum

265 2165 398 2189 tuetur
412 2150 552 2188 ¹Guelf.
578 2160 616 2185 et
634 2148 726 2184 latet
747 2150 789 2183 in
811 2149 996 2196 antiquis.
1195 2145 1463 2195 versenturque.
1487 2146 1622 2180 Turic-

263 2210 441 2260 versecur,
473 2222 493 2243 a
523 2208 591 2242 see.
625 2219 676 2239 m.
697 2205 902 2254 serventur,
937 2217 973 2240 et
1002 2207 1050 2241 sic
1073 2205 1204 2253 Camp.
1236 2202 1416 2250 Suspicor
1438 2216 1455 2236 a
1486 2203 1621 2237 Turic-

267 2267 389 2303 abeffe
413 2264 645 2303 encliticam,
675 2273 718 2296 ut
740 2262 840 2296 abest
861 2275 880 2295 a
903 2263 1035 2311 Camp.
1225 2260 1326 2295 omni
1346 2260 1469 2294 modo.
1491 2257 1620 2294 Guelf.

267 2325 401 2373 Camp.
445 2323 615 2360 omnino,
655 2318 829 2368 proclivi
860 2331 1002 2354 errore.
1255 2313 1433 2363 proferes.
1487 2315 1622 2351 Turic.

266 2380 373 2416 Flor.
414 2377 454 2426 (a
475 2392 533 2427 pr.
554 2391 606 2411 m.
638 2377 820 2423 uterque)
868 2384 1053 2423 properem
1093 2372 1222 2409 Guelf.
1258 2371 1442 2421 proferat.
1486 2373 1622 2420 Camp.

267 2437 425 2486 profert.
452 2435 558 2471 Voff.
588 2447 619 2467 1.
645 2441 681 2475 5.
717 2432 909 2466 omittunt
928 2445 1012 2472 non,
1048 2439 1087 2465 uc
1109 2450 1171 2456 -—-
1193 2428 1416 2478 scriptorum
1436 2431 1624 2478 proxima,

270 2494 398 2530 Guelf.
428 2490 640 2531 dissimiles,
665 2499 709 2523 ut
733 2499 771 2523 et
791 2489 905 2523 Bern.
930 2498 1116 2536 quantum
1138 2487 1270 2521 video.

359 2551 394 2587 6.
429 2550 545 2600 Quae.
577 2547 670 2582 Bad.
701 2559 817 2595 quem,
841 2545 903 2579 sed
923 2558 991 2593 per
1012 2543 1195 2593 sphalma,
1227 2553 1271 2578 ut
1290 2542 1470 2592 suspicor.

333 2662 370 2698 5.
409 2649 913 2700 protinus—gaudeamus.
975 2645 1235 2686 adverbium,
1324 2658 1406 2681 non
1472 2645 1628 2695 partici-

271 2710 522 2761 Jungendum
555 2707 605 2742 est
642 2705 767 2742 verbo
798 2704 916 2741 finito
974 2705 1057 2754 pio.
