1779 3062
411 123 578 170 INST.
617 123 900 171 ORATOR.
946 124 1067 170 LIB.
1084 124 1196 181 XII,
1237 137 1313 170 10.
1452 123 1554 182 631'

96 250 298 303 ‚nosdiis
330 248 586 311 evaseris,
624 251 754 302 inde
784 250 997 302 fructus
1019 252 1290 303 illaborati
1314 248 1554 304 ofserunt

190 328 322 388 sese,
362 340 415 377 et
445 330 626 380 omnia
652 328 841 395 sponte
880 331 1242 397 proveniunt:
1306 347 1442 396 quae
1477 341 1555 379 ta-

190 424 318 457 men
352 407 598 473 quotidie
626 405 730 456 nisi
759 407 1127 475 decerpantur,
1152 407 1407 458 arescunt.
1448 408 1556 459 Sed

191 495 246 534 et
276 486 435 552 copia
464 486 624 535 habet
654 485 910 552 modum3
990 484 1102 535 [ine
1135 503 1248 553 quo
1282 488 1426 536 nihil
1453 504 1554 536 nec

190 563 489 622 laudabile,
527 580 626 613 nec
662 554 884 612 salui-are
917 562 1014 624 est3
1063 574 1116 613 et
1142 566 1290 615 nitor
1317 565 1556 630 illegcuh

190 651 312 690 tum
341 641 574 700 virilem,
603 650 656 690 et
683 642 929 691 inventio
955 640 1236 702 judicium.
1283 644 1367 693 Sic
1394 653 1556 693 erunt
1581 651 1630 695 80

191 737 419 789 magna,
459 736 574 769 non
603 720 796 779 nimia;
838 714 1115 791 sublimia,
1152 738 1267 772 non
1303 720 1555 787 abruptam

106 838 110 843 .
179 793 392 867 sortia,
430 814 544 847 non
574 799 874 857 temeraria;
940 793 1170 869 severa,
1209 817 1324 849 non
1362 798 1561 860 tristia;

192 878 422 944 gravia,
464 892 579 925 non
619 875 791 935 tarda;
868 874 1036 934 laeta,
1094 894 1211 926 non
1252 876 1556 938 luxuriosa3

182 952 434 1018 jucunda,
470 970 583 1002 non
606 950 878 1013 diffoluta;
918 954 1168 1024 grandia,
1198 972 1313 1005 non
1332 955 1558 1010 tumida.

191 1136 272 1171 vius
294 1132 473 1183 suprema
508 1134 596 1170 edd.
626 1132 774 1183 reliqui
805 1144 891 1170 ante
919 1135 1056 1171 Burm.
1094 1135 1166 1184 qui
1196 1135 1350 1185 primus
1382 1137 1560 1174 nostrum

193 1205 242 1227 ex
272 1191 375 1229 Alm.
407 1191 516 1241 quod
546 1205 652 1227 nunc
683 1192 866 1227 firmatur
907 1192 1025 1227 etiam
1057 1207 1077 1227 a
1115 1193 1250 1230 Turic.
1281 1193 1386 1229 Flor.
1422 1194 1554 1231 Guelf.

425 1247 580 1298 eveseris
607 1248 713 1285 Flor.
775 1251 948 1284 everteris
978 1249 1110 1285 Guelf.
1143 1263 1267 1299 marg.
1300 1250 1414 1288 Bam.
1474 1266 1558 1288 eva-

183 1304 279 1357 serit
308 1306 408 1346 Jens.
439 1317 477 1343 et
506 1307 604 1355 post.
636 1316 723 1342 ante
755 1305 853 1343 Obr.
1045 1306 1113 1356 off.
1140 1306 1259 1358 saepe
1288 1308 1424 1344 Turio.
1449 1308 1557 1346 Flor-

193 1362 324 1401 Guelf.
383 1377 500 1415 neque
530 1363 634 1401 laud.
669 1362 799 1400 Guelf.

308 1462 376 1502 80.
430 1458 586 1491 nimium
616 1454 796 1505 sublimia
827 1456 927 1494 Jens.
962 1466 1000 1492 et
1029 1457 1125 1505 post.
1159 1468 1247 1492 ante
1275 1457 1365 1493 Ald.
1424 1457 1560 1497 abruta

193 1512 323 1552 Guelf.
379 1510 551 1562 [tristicia
579 1511 686 1549 Flor.
978 1514 1146 1559 jucunda
1183 1528 1259 1550 non
1289 1514 1353 1550 lux
1383 1514 1560 1566 ‘¹¹'ff0l1‘ffl

194 1571 329 1608 Turic.
358 1570 466 1607 flor.
527 1572 699 1619 Apparet
730 1570 892 1607 scribam
924 1571 1163 1620 autographi
1192 1571 1340 1608 horum
1371 1574 1560 1610 codicum

191 1642 264 1679 per
296 1640 472 1663 errorem
504 1627 695 1676 relapsum
730 1628 778 1663 ad
809 1626 1015 1677 luxuriosa,
1050 1628 1253 1678 inceptum
1283 1629 1363 1675 jam
1390 1630 1560 1666 verbum

193 1699 274 1722 non
308 1683 503 1721 deleviffe.
561 1685 669 1720 Hinc
711 1695 842 1720 tamen
882 1695 1018 1721 natum
1057 1699 1133 1721 non
1173 1686 1264 1721 luxu
1303 1684 1484 1737 dssoluta
1515 1690 1561 1725 in

196 1741 326 1780 Guelf.
359 1742 484 1791 (quod
513 1752 651 1777 notatu
682 1742 848 1790 dignum
883 1742 930 1776 acl
961 1742 1118 1791 genesin
1139 1742 1260 1788 hujus
1280 1744 1447 1790 codicis)
1468 1745 1558 1783 Ald.

195 1798 311 1835 Bam.
485 1799 661 1846 grandia,
693 1812 769 1833 non
801 1799 958 1834 tumida.
991 1799 1052 1834 Sic
1085 1799 1207 1835 Goth.
1238 1800 1342 1837 Voff.
1369 1809 1406 1836 2.
1428 1801 1560 1850 fortia

196 1871 232 1892 n.
265 1866 292 1892 t.
323 1857 456 1892 Turio.
488 1854 594 1891 Flor.
630 1856 723 1901 (nisi
755 1856 865 1904 quod
896 1855 963 1890 hic.
994 1856 1178 1901 tumidia)
1219 1856 1349 1893 Guelf.
1385 1870 1417 1894 c.
1451 1859 1556 1897 Alm.

197 1914 298 1954 Jens.
331 1913 426 1949 Bad.
454 1912 581 1962 fortia
610 1927 646 1948 n.
680 1913 814 1948 timida
842 1914 957 1948 Tarv.
990 1914 1240 1952 Locat.Ven.
1273 1914 1388 1963 plena
1408 1929 1483 1953 non
1503 1926 1559 1953 tu·

199 1971 303 2008 mida
332 1969 481 2020 reliqui
511 1981 722 2019 praeeunte
755 1970 888 2020 Camp.
930 1969 1031 2018 Cum
1054 1969 1179 2018 fortia
1208 1971 1337 2007 neseio
1369 1986 1448 2023 quo
1472 1987 1559 2011 cor-

199 2028 399 2078 ruptionis
435 2030 520 2064 casu
559 2027 638 2064 huc
672 2028 851 2069 venerit,
903 2039 1060 2077 apparet
1097 2027 1328 2064 alterutrum
1360 2041 1464 2067 certe
1496 2041 1563 2070 eo-

200 2099 313 2127 rum,
346 2098 444 2133 quae
478 2086 560 2131 ejus
588 2083 678 2121 loco
710 2084 1210 2133 legumu1,cone.ctione
1241 2085 1446 2123 suffectum
1474 2079 1565 2128 effe.

199 2140 374 2178 Praetuli
401 2143 564 2190 grandia
595 2156 678 2179 non
705 2141 796 2177 ideo
829 2141 953 2178 solum
991 2142 1100 2191 quod
1131 2142 1221 2178 effet
1251 2156 1271 2179 e
1302 2143 1470 2194 [miptio.
1499 2148 1566 2183 [ed

201 2199 335 2248 aliqua
367 2200 484 2236 etiam
512 2199 574 2235 rei
602 2201 723 2251 ipsius
755 2199 908 2236 ratione
938 2199 1082 2236 habita.
1153 2199 1258 2236 Nam
1297 2201 1474 2249 primum
1507 2213 1565 2240 tu-

200 2257 343 2293 midam
372 2257 485 2307 supra
516 2258 634 2302 etiam
669 2269 742 2300 ιο,
775 2266 825 2299 2,
859 2256 923 2294 ι6.
955 2256 1046 2303 (ubi
1072 2257 1168 2294 haec
1197 2258 1284 2296 sunt
1311 2258 1441 2296 nostro
1471 2260 1564 2313 1009

205 2415 353 2452 dicitur
381 2426 525 2453 vertere
546 2415 795 2467 quaestionem
817 2428 855 2454 et
911 2418 1039 2467 ipsam
1076 2428 1113 2453 et
1143 2418 1189 2453 ad
1229 2419 1349 2455 verba
1388 2421 1568 2461 animum

201 2474 287 2510 [im.
914 2474 1185 2525 patefacienda
1206 2475 1296 2517 sive,
1325 2477 1370 2513 in
1393 2479 1568 2525 tumido,

214 2578 219 2580 ῃ
266 2537 332 2576 30.
344 2529 519 2578 grandia,
533 2546 608 2568 non
622 2533 774 2569 tumida.
792 2531 854 2568 Cf.
916 2531 1153 2569 ostentantia.
1182 2532 1242 2572 Cf.
1263 2544 1414 2581 praeter
1427 2531 1570 2575 locaiiz

201 2594 292 2624 ιιοῑ.
323 2587 409 2622 crit.
492 2589 688 2628 Videntur
728 2600 859 2626 autem
917 2600 1002 2639 not..
1032 2589 1120 2626 crit.
1154 2588 1330 2633 laudata,
1363 2601 1401 2632 2,
1433 2606 1496 2636 ιι,
1527 2604 1568 2641 5

206 2659 349 2694 magna
390 2644 553 2693 quidem
595 2648 642 2683 ad
681 2660 742 2683 xes
783 2647 860 2696 spe·
924 2660 988 2690 ιο,
1021 2661 1057 2689 ι,
1090 2648 1156 2693 65.
1189 2651 1256 2694 77.
1306 2658 1371 2692 12,
1407 2663 1483 2693 ιο,
1503 2655 1570 2701 53,

209 2713 338 2743 ctare,
386 2704 550 2751 grandia
581 2704 630 2741 ad
665 2715 863 2741 oratorem
