<?xml version="1.0" encoding="UTF-8"?>
<!DOCTYPE html PUBLIC "-//W3C//DTD XHTML 1.0 Transitional//EN"
    "http://www.w3.org/TR/xhtml1/DTD/xhtml1-transitional.dtd">
<html xmlns="http://www.w3.org/1999/xhtml" xml:lang="en" lang="en">
 <head>
  <title>
</title>
<meta http-equiv="Content-Type" content="text/html;charset=utf-8" />
  <meta name='ocr-system' content='tesseract 3.04.00' />
  <meta name='ocr-capabilities' content='ocr_page ocr_carea ocr_par ocr_line ocrx_word'/>
</head>
<body>
  <div class='ocr_page' id='page_1' title='image "./deinstitutioneor04quinuoft_0500.png"; bbox 0 0 1779 3062; ppageno 0'>
   <div class='ocr_carea' id='block_1_1' title="bbox 266 139 1287 223">
    <p class='ocr_par' dir='ltr' id='par_1_1' title="bbox 266 139 1287 223">
     <span class='ocr_line' id='line_1_1' title="bbox 266 139 1287 223; baseline 0.005 -18"><span class='ocrx_word' id='word_1_1' title='bbox 266 170 368 220; x_wconf 76' lang='lat'>474</span> <span class='ocrx_word' id='word_1_2' title='bbox 588 161 664 206; x_wconf 88' lang='lat' dir='ltr'>M.</span> <span class='ocrx_word' id='word_1_3' title='bbox 701 139 836 208; x_wconf 70' lang='grc' dir='ltr'><strong>ΕΑΒ.</strong></span> <span class='ocrx_word' id='word_1_4' title='bbox 871 162 1287 223; x_wconf 80' lang='lat' dir='ltr'>QmNT1L1AN1</span> 
     </span>
    </p>
   </div>
   <div class='ocr_carea' id='block_1_2' title="bbox 183 285 1606 656">
    <p class='ocr_par' dir='ltr' id='par_1_2' title="bbox 183 285 1606 656">
     <span class='ocr_line' id='line_1_2' title="bbox 263 285 1606 349; baseline 0.002 -14"><span class='ocrx_word' id='word_1_5' title='bbox 263 285 491 335; x_wconf 84' lang='lat' dir='ltr'>maxime</span> <span class='ocrx_word' id='word_1_6' title='bbox 510 285 747 337; x_wconf 83' lang='lat' dir='ltr'>modum.</span> <span class='ocrx_word' id='word_1_7' title='bbox 816 290 949 338; x_wconf 86' lang='lat' dir='ltr'>Non</span> <span class='ocrx_word' id='word_1_8' title='bbox 979 290 1121 337; x_wconf 90' lang='lat' dir='ltr'>enim</span> <span class='ocrx_word' id='word_1_9' title='bbox 1146 287 1467 340; x_wconf 82' lang='lat' dir='ltr'>comoedum</span> <span class='ocrx_word' id='word_1_10' title='bbox 1490 286 1606 349; x_wconf 79' lang='lat' dir='ltr'>effe,</span> 
     </span>
     <span class='ocr_line' id='line_1_3' title="bbox 262 362 1604 433; baseline 0.004 -23"><span class='ocrx_word' id='word_1_11' title='bbox 262 362 354 411; x_wconf 78' lang='lat' dir='ltr'>secl</span> <span class='ocrx_word' id='word_1_12' title='bbox 398 372 661 412; x_wconf 86' lang='lat' dir='ltr'>oratorem</span> <span class='ocrx_word' id='word_1_13' title='bbox 698 365 842 413; x_wconf 87' lang='lat' dir='ltr'>volo.</span> <span class='ocrx_word' id='word_1_14' title='bbox 923 369 1095 433; x_wconf 83' lang='lat' dir='ltr'><strong>Quare</strong></span> <span class='ocrx_word' id='word_1_15' title='bbox 1139 382 1314 430; x_wconf 87' lang='lat' dir='ltr'>neque</span> <span class='ocrx_word' id='word_1_16' title='bbox 1355 369 1413 415; x_wconf 88' lang='lat' dir='ltr'>in</span> <span class='ocrx_word' id='word_1_17' title='bbox 1457 365 1604 432; x_wconf 87' lang='lat' dir='ltr'>gestu</span> 
     </span>
     <span class='ocr_line' id='line_1_4' title="bbox 259 437 1601 507; baseline 0.004 -21"><span class='ocrx_word' id='word_1_18' title='bbox 259 437 639 505; x_wconf 82' lang='lat' dir='ltr'>persequemur</span> <span class='ocrx_word' id='word_1_19' title='bbox 659 457 844 490; x_wconf 88' lang='lat' dir='ltr'>omnes</span> <span class='ocrx_word' id='word_1_20' title='bbox 867 444 1107 506; x_wconf 83' lang='lat' dir='ltr'>argutias,</span> <span class='ocrx_word' id='word_1_21' title='bbox 1128 460 1224 490; x_wconf 87' lang='lat' dir='ltr'>nec</span> <span class='ocrx_word' id='word_1_22' title='bbox 1245 443 1303 490; x_wconf 90' lang='lat' dir='ltr'>in</span> <span class='ocrx_word' id='word_1_23' title='bbox 1324 442 1601 507; x_wconf 87' lang='lat' dir='ltr'>loquendo</span> 
     </span>
     <span class='ocr_line' id='line_1_5' title="bbox 262 514 1601 583; baseline 0.004 -21"><span class='ocrx_word' id='word_1_24' title='bbox 262 514 695 566; x_wconf 85' lang='lat' dir='ltr'>distinctionibus</span> <span class='ocrx_word' id='word_1_25' title='bbox 709 554 723 574; x_wconf 96' lang='lat'><strong>‚</strong></span> <span class='ocrx_word' id='word_1_26' title='bbox 798 520 1154 583; x_wconf 82' lang='lat' dir='ltr'>temporibus,</span> <span class='ocrx_word' id='word_1_27' title='bbox 1229 515 1601 568; x_wconf 84' lang='lat' dir='ltr'>affectionibus</span> 
     </span>
     <span class='ocr_line' id='line_1_6' title="bbox 183 591 1602 656; baseline 0.001 -16"><span class='ocrx_word' id='word_1_28' title='bbox 183 616 252 656; x_wconf 80' lang='lat'>³82</span> <span class='ocrx_word' id='word_1_29' title='bbox 262 591 479 642; x_wconf 85' lang='lat' dir='ltr'>moleste</span> <span class='ocrx_word' id='word_1_30' title='bbox 502 602 731 643; x_wconf 87' lang='lat' dir='ltr'>utemur.</span> <span class='ocrx_word' id='word_1_31' title='bbox 793 597 864 643; x_wconf 89' lang='lat' dir='ltr'>Ut</span> <span class='ocrx_word' id='word_1_32' title='bbox 887 593 929 642; x_wconf 81' lang='lat' dir='ltr'>si</span> <span class='ocrx_word' id='word_1_33' title='bbox 952 594 1015 643; x_wconf 83' lang='lat' dir='ltr'>sit</span> <span class='ocrx_word' id='word_1_34' title='bbox 1041 596 1099 643; x_wconf 87' lang='lat' dir='ltr'>in</span> <span class='ocrx_word' id='word_1_35' title='bbox 1120 593 1270 642; x_wconf 81' lang='lat' dir='ltr'>scena</span> <span class='ocrx_word' id='word_1_36' title='bbox 1295 593 1602 651; x_wconf 84' lang='lat' dir='ltr'>dicendum,</span> 
     </span>
    </p>
   </div>
   <div class='ocr_carea' id='block_1_3' title="bbox 333 700 1604 1076">
    <p class='ocr_par' dir='ltr' id='par_1_3' title="bbox 341 700 1603 839">
     <span class='ocr_line' id='line_1_7' title="bbox 341 700 1603 777; baseline 0.002 -27"><span class='ocrx_word' id='word_1_37' title='bbox 341 703 488 777; x_wconf 63' lang='lat' dir='ltr'>Quid</span> <span class='ocrx_word' id='word_1_38' title='bbox 501 700 921 774; x_wconf 79' lang='lat' dir='ltr'>igiturfaciam?</span> <span class='ocrx_word' id='word_1_39' title='bbox 959 722 1058 753; x_wconf 81' lang='lat' dir='ltr'>non</span> <span class='ocrx_word' id='word_1_40' title='bbox 1082 722 1212 762; x_wconf 80' lang='lat' dir='ltr'>eam,</span> <span class='ocrx_word' id='word_1_41' title='bbox 1251 721 1313 752; x_wconf 83' lang='lat' dir='ltr'>ne</span> <span class='ocrx_word' id='word_1_42' title='bbox 1335 722 1466 752; x_wconf 81' lang='lat' dir='ltr'>nunc</span> <span class='ocrx_word' id='word_1_43' title='bbox 1490 705 1603 768; x_wconf 72' lang='lat' dir='ltr'>qui⁴</span> 
     </span>
     <span class='ocr_line' id='line_1_8' title="bbox 953 783 1091 839; baseline 0.007 -11"><span class='ocrx_word' id='word_1_44' title='bbox 953 783 1091 839; x_wconf 83' lang='lat' dir='ltr'>dem,</span> 
     </span>
    </p>

    <p class='ocr_par' dir='ltr' id='par_1_4' title="bbox 333 853 1604 999">
     <span class='ocr_line' id='line_1_9' title="bbox 333 853 1604 932; baseline 0 -26"><span class='ocrx_word' id='word_1_45' title='bbox 333 857 467 906; x_wconf 79' lang='lat' dir='ltr'>Cum</span> <span class='ocrx_word' id='word_1_46' title='bbox 499 853 727 932; x_wconf 53' lang='lat' dir='ltr'>arceff&#39;or</span> <span class='ocrx_word' id='word_1_47' title='bbox 757 858 930 907; x_wconf 80' lang='lat' dir='ltr'>ultro?</span> <span class='ocrx_word' id='word_1_48' title='bbox 971 877 1038 907; x_wconf 76' lang='lat' dir='ltr'>an</span> <span class='ocrx_word' id='word_1_49' title='bbox 1059 861 1233 922; x_wconf 77' lang='lat' dir='ltr'>potius</span> <span class='ocrx_word' id='word_1_50' title='bbox 1259 860 1334 906; x_wconf 80' lang='lat' dir='ltr'>ita</span> <span class='ocrx_word' id='word_1_51' title='bbox 1364 877 1448 906; x_wconf 84' lang='lat' dir='ltr'>me</span> <span class='ocrx_word' id='word_1_52' title='bbox 1470 875 1604 907; x_wconf 87' lang='lat' dir='ltr'>com-</span> 
     </span>
     <span class='ocr_line' id='line_1_10' title="bbox 939 952 1149 999; baseline -0.005 -16"><span class='ocrx_word' id='word_1_53' title='bbox 939 952 1149 999; x_wconf 74' lang='lat' dir='ltr'>parem,</span> 
     </span>
    </p>

    <p class='ocr_par' dir='ltr' id='par_1_5' title="bbox 336 1011 1448 1076">
     <span class='ocr_line' id='line_1_11' title="bbox 336 1011 1448 1076; baseline -0.004 -15"><span class='ocrx_word' id='word_1_54' title='bbox 336 1011 471 1061; x_wconf 77' lang='lat' dir='ltr'>Non</span> <span class='ocrx_word' id='word_1_55' title='bbox 497 1014 705 1076; x_wconf 77' lang='lat' dir='ltr'>perpeti</span> <span class='ocrx_word' id='word_1_56' title='bbox 736 1015 1055 1061; x_wconf 71' lang='lat' dir='ltr'>meretricum</span> <span class='ocrx_word' id='word_1_57' title='bbox 1086 1011 1448 1061; x_wconf 72' lang='lat' dir='ltr'>contumelias?</span> 
     </span>
    </p>
   </div>
   <div class='ocr_carea' id='block_1_4' title="bbox 180 1120 1689 1497">
    <p class='ocr_par' dir='ltr' id='par_1_6' title="bbox 180 1120 1689 1497">
     <span class='ocr_line' id='line_1_12' title="bbox 259 1120 1604 1181; baseline -0.002 -10"><span class='ocrx_word' id='word_1_58' title='bbox 259 1122 360 1171; x_wconf 88' lang='lat' dir='ltr'>Hic</span> <span class='ocrx_word' id='word_1_59' title='bbox 400 1123 545 1170; x_wconf 88' lang='lat' dir='ltr'>enim</span> <span class='ocrx_word' id='word_1_60' title='bbox 582 1121 932 1171; x_wconf 82' lang='lat' dir='ltr'>dubitationis</span> <span class='ocrx_word' id='word_1_61' title='bbox 971 1140 1174 1181; x_wconf 85' lang='lat' dir='ltr'>moras,</span> <span class='ocrx_word' id='word_1_62' title='bbox 1214 1125 1363 1173; x_wconf 87' lang='lat' dir='ltr'>vocis</span> <span class='ocrx_word' id='word_1_63' title='bbox 1402 1120 1604 1177; x_wconf 83' lang='lat' dir='ltr'>flexus,</span> 
     </span>
     <span class='ocr_line' id='line_1_13' title="bbox 258 1196 1600 1255; baseline 0 -9"><span class='ocrx_word' id='word_1_64' title='bbox 258 1198 430 1246; x_wconf 83' lang='lat' dir='ltr'>varias</span> <span class='ocrx_word' id='word_1_65' title='bbox 450 1214 668 1255; x_wconf 84' lang='lat' dir='ltr'>manus,</span> <span class='ocrx_word' id='word_1_66' title='bbox 701 1196 936 1246; x_wconf 60' lang='lat' dir='ltr'>diversos</span> <span class='ocrx_word' id='word_1_67' title='bbox 961 1209 1125 1247; x_wconf 86' lang='lat' dir='ltr'>nutus</span> <span class='ocrx_word' id='word_1_68' title='bbox 1148 1210 1290 1249; x_wconf 86' lang='lat' dir='ltr'>actor</span> <span class='ocrx_word' id='word_1_69' title='bbox 1314 1198 1600 1247; x_wconf 84' lang='lat' dir='ltr'>adhibebit.</span> 
     </span>
     <span class='ocr_line' id='line_1_14' title="bbox 258 1272 1604 1339; baseline -0.001 -16"><span class='ocrx_word' id='word_1_70' title='bbox 258 1272 426 1323; x_wconf 81' lang='lat' dir='ltr'>Aliud</span> <span class='ocrx_word' id='word_1_71' title='bbox 447 1274 617 1322; x_wconf 83' lang='lat' dir='ltr'>oratio</span> <span class='ocrx_word' id='word_1_72' title='bbox 637 1272 796 1339; x_wconf 82' lang='lat' dir='ltr'>sapit,</span> <span class='ocrx_word' id='word_1_73' title='bbox 835 1289 934 1322; x_wconf 88' lang='lat' dir='ltr'>nec</span> <span class='ocrx_word' id='word_1_74' title='bbox 957 1275 1078 1322; x_wconf 86' lang='lat' dir='ltr'>vult</span> <span class='ocrx_word' id='word_1_75' title='bbox 1101 1276 1333 1324; x_wconf 87' lang='lat' dir='ltr'>nimium</span> <span class='ocrx_word' id='word_1_76' title='bbox 1357 1272 1455 1322; x_wconf 80' lang='lat' dir='ltr'>effe</span> <span class='ocrx_word' id='word_1_77' title='bbox 1477 1290 1604 1322; x_wconf 88' lang='lat' dir='ltr'>con-</span> 
     </span>
     <span class='ocr_line' id='line_1_15' title="bbox 259 1349 1600 1410; baseline 0 -13"><span class='ocrx_word' id='word_1_78' title='bbox 259 1349 382 1398; x_wconf 82' lang='lat' dir='ltr'>dita.</span> <span class='ocrx_word' id='word_1_79' title='bbox 463 1351 686 1400; x_wconf 87' lang='lat' dir='ltr'>Actione</span> <span class='ocrx_word' id='word_1_80' title='bbox 717 1351 862 1398; x_wconf 87' lang='lat' dir='ltr'>enim</span> <span class='ocrx_word' id='word_1_81' title='bbox 885 1349 1111 1410; x_wconf 82' lang='lat' dir='ltr'>constat,</span> <span class='ocrx_word' id='word_1_82' title='bbox 1147 1365 1259 1401; x_wconf 88' lang='lat' dir='ltr'>non</span> <span class='ocrx_word' id='word_1_83' title='bbox 1288 1351 1600 1400; x_wconf 83' lang='lat' dir='ltr'>imitatione.</span> 
     </span>
     <span class='ocr_line' id='line_1_16' title="bbox 180 1428 1689 1497; baseline 0.003 -21"><span class='ocrx_word' id='word_1_84' title='bbox 180 1444 249 1486; x_wconf 78' lang='lat'>³8³</span> <span class='ocrx_word' id='word_1_85' title='bbox 262 1431 435 1497; x_wconf 79' lang='lat' dir='ltr'>Quare</span> <span class='ocrx_word' id='word_1_86' title='bbox 467 1444 582 1477; x_wconf 88' lang='lat' dir='ltr'>non</span> <span class='ocrx_word' id='word_1_87' title='bbox 613 1428 882 1476; x_wconf 88' lang='lat' dir='ltr'>immerito</span> <span class='ocrx_word' id='word_1_88' title='bbox 914 1428 1326 1494; x_wconf 86' lang='lat' dir='ltr'>reprehenditur</span> <span class='ocrx_word' id='word_1_89' title='bbox 1359 1441 1689 1495; x_wconf 72' lang='lat' dir='ltr'>pronun-1041</span> 
     </span>
    </p>
   </div>
   <div class='ocr_carea' id='block_1_5' title="bbox 257 1592 1603 2206">
    <p class='ocr_par' dir='ltr' id='par_1_7' title="bbox 257 1592 1603 2092">
     <span class='ocr_line' id='line_1_17' title="bbox 320 1592 1601 1643; baseline 0.002 -14"><span class='ocrx_word' id='word_1_90' title='bbox 320 1607 334 1629; x_wconf 76' lang='grc' dir='ltr'><strong>ι</strong></span> <span class='ocrx_word' id='word_1_91' title='bbox 347 1599 411 1638; x_wconf 83' lang='lat'>82.</span> <span class='ocrx_word' id='word_1_92' title='bbox 429 1605 514 1628; x_wconf 73' lang='lat' dir='ltr'>mem</span> <span class='ocrx_word' id='word_1_93' title='bbox 526 1606 608 1629; x_wconf 82' lang='lat' dir='ltr'>eam</span> <span class='ocrx_word' id='word_1_94' title='bbox 619 1595 752 1643; x_wconf 89' lang='lat' dir='ltr'>Camp.</span> <span class='ocrx_word' id='word_1_95' title='bbox 774 1606 875 1629; x_wconf 83' lang='lat' dir='ltr'>arces</span> <span class='ocrx_word' id='word_1_96' title='bbox 888 1593 986 1629; x_wconf 83' lang='lat' dir='ltr'>ultro</span> <span class='ocrx_word' id='word_1_97' title='bbox 998 1592 1246 1631; x_wconf 85' lang='lat' dir='ltr'>Turic.Flor.</span> <span class='ocrx_word' id='word_1_98' title='bbox 1262 1593 1352 1629; x_wconf 84' lang='lat' dir='ltr'>Hice</span> <span class='ocrx_word' id='word_1_99' title='bbox 1369 1593 1601 1632; x_wconf 78' lang='lat' dir='ltr'>dubitatione</span> 
     </span>
     <span class='ocr_line' id='line_1_18' title="bbox 257 1650 1600 1691; baseline 0.001 -6"><span class='ocrx_word' id='word_1_100' title='bbox 257 1652 373 1686; x_wconf 82' lang='lat' dir='ltr'>moris</span> <span class='ocrx_word' id='word_1_101' title='bbox 393 1650 526 1685; x_wconf 81' lang='lat' dir='ltr'>Turic-</span> <span class='ocrx_word' id='word_1_102' title='bbox 550 1650 654 1685; x_wconf 82' lang='lat' dir='ltr'>Flor.</span> <span class='ocrx_word' id='word_1_103' title='bbox 673 1652 720 1685; x_wconf 84' lang='lat' dir='ltr'>H.</span> <span class='ocrx_word' id='word_1_104' title='bbox 743 1665 773 1686; x_wconf 88' lang='lat' dir='ltr'>e.</span> <span class='ocrx_word' id='word_1_105' title='bbox 799 1651 1054 1685; x_wconf 79' lang='lat' dir='ltr'>dubitationes</span> <span class='ocrx_word' id='word_1_106' title='bbox 1073 1665 1119 1685; x_wconf 85' lang='grc' dir='ltr'>ιη.</span> <span class='ocrx_word' id='word_1_107' title='bbox 1140 1650 1275 1685; x_wconf 79' lang='lat' dir='ltr'>Ambr.</span> <span class='ocrx_word' id='word_1_108' title='bbox 1305 1661 1340 1685; x_wconf 85' lang='lat'>2.</span> <span class='ocrx_word' id='word_1_109' title='bbox 1362 1650 1488 1686; x_wconf 87' lang='lat' dir='ltr'>Guelf.</span> <span class='ocrx_word' id='word_1_110' title='bbox 1503 1654 1600 1691; x_wconf 82' lang='lat' dir='ltr'>Exc.</span> 
     </span>
     <span class='ocr_line' id='line_1_19' title="bbox 257 1704 1600 1758; baseline 0.001 -16"><span class='ocrx_word' id='word_1_111' title='bbox 257 1709 410 1742; x_wconf 78' lang='lat' dir='ltr'>Santen.</span> <span class='ocrx_word' id='word_1_112' title='bbox 433 1705 552 1741; x_wconf 88' lang='lat' dir='ltr'>Goth.</span> <span class='ocrx_word' id='word_1_113' title='bbox 572 1707 670 1744; x_wconf 82' lang='lat' dir='ltr'>Jenr.</span> <span class='ocrx_word' id='word_1_114' title='bbox 691 1704 780 1758; x_wconf 86' lang='lat' dir='ltr'>(tae.</span> <span class='ocrx_word' id='word_1_115' title='bbox 795 1707 921 1747; x_wconf 84' lang='lat' dir='ltr'>Gesn.,</span> <span class='ocrx_word' id='word_1_116' title='bbox 944 1707 1018 1741; x_wconf 78' lang='lat' dir='ltr'>nisi</span> <span class='ocrx_word' id='word_1_117' title='bbox 1037 1707 1143 1754; x_wconf 86' lang='lat' dir='ltr'>quod</span> <span class='ocrx_word' id='word_1_118' title='bbox 1164 1706 1352 1755; x_wconf 79' lang='lat' dir='ltr'>posterior</span> <span class='ocrx_word' id='word_1_119' title='bbox 1373 1719 1460 1741; x_wconf 88' lang='lat' dir='ltr'>cum</span> <span class='ocrx_word' id='word_1_120' title='bbox 1482 1709 1600 1744; x_wconf 82' lang='lat' dir='ltr'>Tarv-</span> 
     </span>
     <span class='ocr_line' id='line_1_20' title="bbox 257 1758 1599 1813; baseline 0.001 -16"><span class='ocrx_word' id='word_1_121' title='bbox 257 1762 391 1797; x_wconf 80' lang='lat' dir='ltr'>inserit</span> <span class='ocrx_word' id='word_1_122' title='bbox 414 1758 464 1808; x_wconf 80' lang='lat' dir='ltr'>est</span> <span class='ocrx_word' id='word_1_123' title='bbox 481 1761 565 1810; x_wconf 83' lang='lat' dir='ltr'>post</span> <span class='ocrx_word' id='word_1_124' title='bbox 586 1763 705 1809; x_wconf 83' lang='lat' dir='ltr'>enim)</span> <span class='ocrx_word' id='word_1_125' title='bbox 721 1764 837 1798; x_wconf 80' lang='lat' dir='ltr'>Tarv.</span> <span class='ocrx_word' id='word_1_126' title='bbox 859 1762 948 1797; x_wconf 87' lang='lat' dir='ltr'>Ald.</span> <span class='ocrx_word' id='word_1_127' title='bbox 976 1763 1022 1798; x_wconf 86' lang='lat' dir='ltr'>H.</span> <span class='ocrx_word' id='word_1_128' title='bbox 1038 1777 1067 1797; x_wconf 85' lang='lat' dir='ltr'>e.</span> <span class='ocrx_word' id='word_1_129' title='bbox 1091 1763 1322 1797; x_wconf 81' lang='lat' dir='ltr'>dubitatione</span> <span class='ocrx_word' id='word_1_130' title='bbox 1335 1765 1447 1797; x_wconf 83' lang='lat' dir='ltr'>moris</span> <span class='ocrx_word' id='word_1_131' title='bbox 1466 1765 1599 1813; x_wconf 83' lang='lat' dir='ltr'>Camp.</span> 
     </span>
     <span class='ocr_line' id='line_1_21' title="bbox 260 1817 1602 1863; baseline 0.002 -11"><span class='ocrx_word' id='word_1_132' title='bbox 260 1818 307 1853; x_wconf 89' lang='lat' dir='ltr'>H.</span> <span class='ocrx_word' id='word_1_133' title='bbox 340 1831 369 1853; x_wconf 86' lang='lat' dir='ltr'>e.</span> <span class='ocrx_word' id='word_1_134' title='bbox 402 1817 635 1852; x_wconf 79' lang='lat' dir='ltr'>dubitatione</span> <span class='ocrx_word' id='word_1_135' title='bbox 663 1832 784 1854; x_wconf 84' lang='lat' dir='ltr'>moras</span> <span class='ocrx_word' id='word_1_136' title='bbox 804 1819 938 1854; x_wconf 88' lang='lat' dir='ltr'>Locat.</span> <span class='ocrx_word' id='word_1_137' title='bbox 969 1832 1056 1853; x_wconf 89' lang='lat' dir='ltr'>cum</span> <span class='ocrx_word' id='word_1_138' title='bbox 1081 1818 1183 1853; x_wconf 86' lang='lat' dir='ltr'>Alm.</span> <span class='ocrx_word' id='word_1_139' title='bbox 1210 1820 1273 1863; x_wconf 89' lang='lat' dir='ltr'>(ut</span> <span class='ocrx_word' id='word_1_140' title='bbox 1293 1818 1434 1862; x_wconf 81' lang='lat' dir='ltr'>fertur)</span> <span class='ocrx_word' id='word_1_141' title='bbox 1457 1830 1495 1854; x_wconf 88' lang='lat' dir='ltr'>et</span> <span class='ocrx_word' id='word_1_142' title='bbox 1514 1820 1602 1855; x_wconf 83' lang='lat' dir='ltr'>edd.</span> 
     </span>
     <span class='ocr_line' id='line_1_22' title="bbox 259 1873 1603 1921; baseline 0.003 -13"><span class='ocrx_word' id='word_1_143' title='bbox 259 1884 345 1908; x_wconf 79' lang='lat' dir='ltr'>ante</span> <span class='ocrx_word' id='word_1_144' title='bbox 366 1873 454 1908; x_wconf 88' lang='lat' dir='ltr'><strong>Ald.</strong></span> <span class='ocrx_word' id='word_1_145' title='bbox 474 1875 519 1910; x_wconf 90' lang='lat' dir='ltr'>de</span> <span class='ocrx_word' id='word_1_146' title='bbox 539 1874 652 1921; x_wconf 78' lang='lat' dir='ltr'>Regii</span> <span class='ocrx_word' id='word_1_147' title='bbox 673 1875 905 1921; x_wconf 80' lang='lat' dir='ltr'>conjectura.</span> <span class='ocrx_word' id='word_1_148' title='bbox 964 1875 1103 1910; x_wconf 83' lang='lat' dir='ltr'>Nostra</span> <span class='ocrx_word' id='word_1_149' title='bbox 1133 1875 1183 1909; x_wconf 82' lang='lat' dir='ltr'>est</span> <span class='ocrx_word' id='word_1_150' title='bbox 1211 1887 1231 1908; x_wconf 87' lang='lat' dir='ltr'>a</span> <span class='ocrx_word' id='word_1_151' title='bbox 1254 1874 1374 1909; x_wconf 85' lang='lat' dir='ltr'>Badio</span> <span class='ocrx_word' id='word_1_152' title='bbox 1395 1876 1603 1912; x_wconf 64' lang='lat' dir='ltr'>rectiss&#39;ime</span> 
     </span>
     <span class='ocr_line' id='line_1_23' title="bbox 261 1930 1601 1979; baseline 0.005 -16"><span class='ocrx_word' id='word_1_153' title='bbox 261 1930 498 1964; x_wconf 85' lang='lat' dir='ltr'>emendante.</span> <span class='ocrx_word' id='word_1_154' title='bbox 531 1931 638 1965; x_wconf 83' lang='lat' dir='ltr'>varia</span> <span class='ocrx_word' id='word_1_155' title='bbox 661 1944 788 1966; x_wconf 81' lang='lat' dir='ltr'>manus</span> <span class='ocrx_word' id='word_1_156' title='bbox 809 1931 939 1967; x_wconf 63' lang='lat' dir='ltr'>Tul-ic.</span> <span class='ocrx_word' id='word_1_157' title='bbox 963 1930 1067 1966; x_wconf 61' lang='lat' dir='ltr'>Islor.</span> <span class='ocrx_word' id='word_1_158' title='bbox 1096 1930 1259 1979; x_wconf 81' lang='lat' dir='ltr'>diversos</span> <span class='ocrx_word' id='word_1_159' title='bbox 1277 1939 1384 1965; x_wconf 81' lang='lat' dir='ltr'>natus</span> <span class='ocrx_word' id='word_1_160' title='bbox 1405 1932 1538 1968; x_wconf 86' lang='lat' dir='ltr'>Turic.</span> <span class='ocrx_word' id='word_1_161' title='bbox 1563 1933 1601 1970; x_wconf 81' lang='lat' dir='ltr'>d.</span> 
     </span>
     <span class='ocr_line' id='line_1_24' title="bbox 258 1984 1603 2036; baseline 0.005 -17"><span class='ocrx_word' id='word_1_162' title='bbox 258 1995 361 2020; x_wconf 78' lang='lat' dir='ltr'>actus</span> <span class='ocrx_word' id='word_1_163' title='bbox 391 1986 523 2033; x_wconf 87' lang='lat' dir='ltr'>Camp.</span> <span class='ocrx_word' id='word_1_164' title='bbox 562 1985 598 2021; x_wconf 82' lang='lat' dir='ltr'>d.</span> <span class='ocrx_word' id='word_1_165' title='bbox 636 1990 748 2021; x_wconf 79' lang='lat' dir='ltr'>tutius</span> <span class='ocrx_word' id='word_1_166' title='bbox 777 1987 881 2025; x_wconf 84' lang='lat' dir='ltr'>Voff.</span> <span class='ocrx_word' id='word_1_167' title='bbox 911 2000 944 2023; x_wconf 84' lang='grc' dir='ltr'>ι.</span> <span class='ocrx_word' id='word_1_168' title='bbox 975 1997 1105 2023; x_wconf 82' lang='lat' dir='ltr'>orator</span> <span class='ocrx_word' id='word_1_169' title='bbox 1117 1984 1224 2036; x_wconf 82' lang='lat' dir='ltr'>sapit</span> <span class='ocrx_word' id='word_1_170' title='bbox 1242 1985 1371 2022; x_wconf 83' lang='lat' dir='ltr'>Guelf.</span> <span class='ocrx_word' id='word_1_171' title='bbox 1391 1988 1485 2024; x_wconf 85' lang='lat' dir='ltr'><strong>Exc.</strong></span> <span class='ocrx_word' id='word_1_172' title='bbox 1510 1990 1603 2026; x_wconf 81' lang='lat' dir='ltr'>San·</span> 
     </span>
     <span class='ocr_line' id='line_1_25' title="bbox 259 2042 1082 2092; baseline 0.002 -16"><span class='ocrx_word' id='word_1_173' title='bbox 259 2051 336 2077; x_wconf 84' lang='lat' dir='ltr'>ten.</span> <span class='ocrx_word' id='word_1_174' title='bbox 358 2043 438 2078; x_wconf 83' lang='lat' dir='ltr'>vult</span> <span class='ocrx_word' id='word_1_175' title='bbox 457 2043 647 2077; x_wconf 83' lang='lat' dir='ltr'>minimum</span> <span class='ocrx_word' id='word_1_176' title='bbox 668 2043 798 2078; x_wconf 81' lang='lat' dir='ltr'>Turio.</span> <span class='ocrx_word' id='word_1_177' title='bbox 820 2042 923 2078; x_wconf 86' lang='lat' dir='ltr'>Flor.</span> <span class='ocrx_word' id='word_1_178' title='bbox 949 2045 1082 2092; x_wconf 87' lang='lat' dir='ltr'>Camp.</span> 
     </span>
    </p>

    <p class='ocr_par' dir='ltr' id='par_1_8' title="bbox 346 2098 1597 2206">
     <span class='ocr_line' id='line_1_26' title="bbox 346 2098 1358 2147; baseline 0 -15"><span class='ocrx_word' id='word_1_179' title='bbox 346 2104 438 2142; x_wconf 76' lang='lat'><strong>135.</strong></span> <span class='ocrx_word' id='word_1_180' title='bbox 473 2112 588 2147; x_wconf 79' lang='lat' dir='ltr'>aeque</span> <span class='ocrx_word' id='word_1_181' title='bbox 609 2112 647 2132; x_wconf 91' lang='lat' dir='ltr'>re</span> <span class='ocrx_word' id='word_1_182' title='bbox 666 2113 741 2133; x_wconf 84' lang='lat' dir='ltr'>non</span> <span class='ocrx_word' id='word_1_183' title='bbox 759 2100 890 2133; x_wconf 82' lang='lat' dir='ltr'>Turio.</span> <span class='ocrx_word' id='word_1_184' title='bbox 914 2113 1046 2147; x_wconf 83' lang='lat' dir='ltr'>equare</span> <span class='ocrx_word' id='word_1_185' title='bbox 1068 2112 1142 2134; x_wconf 86' lang='lat' dir='ltr'>non</span> <span class='ocrx_word' id='word_1_186' title='bbox 1163 2098 1296 2134; x_wconf 85' lang='lat' dir='ltr'>Ambr.</span> <span class='ocrx_word' id='word_1_187' title='bbox 1321 2108 1358 2133; x_wconf 83' lang='lat'>2.</span> 
     </span>
     <span class='ocr_line' id='line_1_27' title="bbox 370 2154 1597 2206; baseline 0.003 -17"><span class='ocrx_word' id='word_1_188' title='bbox 370 2168 480 2204; x_wconf 77' lang='lat' dir='ltr'>pron.</span> <span class='ocrx_word' id='word_1_189' title='bbox 511 2162 548 2189; x_wconf 83' lang='lat' dir='ltr'>et</span> <span class='ocrx_word' id='word_1_190' title='bbox 571 2154 755 2204; x_wconf 83' lang='lat' dir='ltr'>vultuosa.</span> <span class='ocrx_word' id='word_1_191' title='bbox 790 2155 854 2191; x_wconf 88' lang='lat' dir='ltr'>Sic</span> <span class='ocrx_word' id='word_1_192' title='bbox 877 2157 1011 2191; x_wconf 76' lang='lat' dir='ltr'>Tui-ic.</span> <span class='ocrx_word' id='word_1_193' title='bbox 1038 2155 1142 2192; x_wconf 83' lang='lat' dir='ltr'>Flor.</span> <span class='ocrx_word' id='word_1_194' title='bbox 1173 2166 1209 2190; x_wconf 79' lang='lat' dir='ltr'>et</span> <span class='ocrx_word' id='word_1_195' title='bbox 1230 2154 1420 2190; x_wconf 86' lang='lat' dir='ltr'>omittunt</span> <span class='ocrx_word' id='word_1_196' title='bbox 1439 2155 1597 2206; x_wconf 80' lang='lat' dir='ltr'>reliqui.</span> 
     </span>
    </p>
   </div>
   <div class='ocr_carea' id='block_1_6' title="bbox 255 2287 1604 2733">
    <p class='ocr_par' dir='ltr' id='par_1_9' title="bbox 255 2287 1604 2733">
     <span class='ocr_line' id='line_1_28' title="bbox 342 2287 1601 2339; baseline 0.002 -13"><span class='ocrx_word' id='word_1_197' title='bbox 342 2287 647 2339; x_wconf 56' lang='lat' dir='ltr'>distinctionibus,</span> <span class='ocrx_word' id='word_1_198' title='bbox 666 2289 900 2338; x_wconf 74' lang='lat' dir='ltr'>temporibus,</span> <span class='ocrx_word' id='word_1_199' title='bbox 1013 2287 1184 2338; x_wconf 73' lang='lat' dir='ltr'>moleste,</span> <span class='ocrx_word' id='word_1_200' title='bbox 1225 2289 1373 2331; x_wconf 84' lang='lat' dir='ltr'>„nimia</span> <span class='ocrx_word' id='word_1_201' title='bbox 1401 2301 1439 2327; x_wconf 86' lang='lat' dir='ltr'>et</span> <span class='ocrx_word' id='word_1_202' title='bbox 1469 2291 1601 2328; x_wconf 76' lang='lat' dir='ltr'>odiosa</span> 
     </span>
     <span class='ocr_line' id='line_1_29' title="bbox 256 2345 1602 2397; baseline 0 -12"><span class='ocrx_word' id='word_1_203' title='bbox 256 2346 526 2397; x_wconf 70' lang='lat' dir='ltr'>affectionibus.</span> <span class='ocrx_word' id='word_1_204' title='bbox 607 2346 756 2381; x_wconf 87' lang='lat' dir='ltr'>Lucem</span> <span class='ocrx_word' id='word_1_205' title='bbox 803 2348 900 2382; x_wconf 83' lang='lat' dir='ltr'>acci·</span> <span class='ocrx_word' id='word_1_206' title='bbox 956 2345 1230 2394; x_wconf 75' lang='lat' dir='ltr'>„diligentia.“</span> <span class='ocrx_word' id='word_1_207' title='bbox 1287 2347 1405 2382; x_wconf 83' lang='lat' dir='ltr'>Usum</span> <span class='ocrx_word' id='word_1_208' title='bbox 1423 2347 1602 2385; x_wconf 78' lang='lat' dir='ltr'>adverbii</span> 
     </span>
     <span class='ocr_line' id='line_1_30' title="bbox 255 2400 1601 2455; baseline -0.002 -13"><span class='ocrx_word' id='word_1_209' title='bbox 255 2407 373 2455; x_wconf 80' lang='lat' dir='ltr'>piunt</span> <span class='ocrx_word' id='word_1_210' title='bbox 412 2402 492 2438; x_wconf 87' lang='lat' dir='ltr'>duo</span> <span class='ocrx_word' id='word_1_211' title='bbox 520 2401 653 2450; x_wconf 82' lang='lat' dir='ltr'>priora</span> <span class='ocrx_word' id='word_1_212' title='bbox 694 2400 749 2448; x_wconf 55' lang='grc' dir='ltr'>ᾗῇ.</span> <span class='ocrx_word' id='word_1_213' title='bbox 781 2409 901 2445; x_wconf 77' lang='lat'><strong><em>¹55-—</em></strong></span> <span class='ocrx_word' id='word_1_214' title='bbox 958 2403 1112 2451; x_wconf 83' lang='lat' dir='ltr'>copiose</span> <span class='ocrx_word' id='word_1_215' title='bbox 1140 2402 1314 2443; x_wconf 80' lang='lat' dir='ltr'>illustrat,</span> <span class='ocrx_word' id='word_1_216' title='bbox 1343 2404 1471 2439; x_wconf 84' lang='lat' dir='ltr'>nostro</span> <span class='ocrx_word' id='word_1_217' title='bbox 1502 2417 1601 2452; x_wconf 87' lang='lat' dir='ltr'>quo·</span> 
     </span>
     <span class='ocr_line' id='line_1_31' title="bbox 259 2458 1602 2508; baseline 0.001 -14"><span class='ocrx_word' id='word_1_218' title='bbox 259 2468 325 2506; x_wconf 78' lang='lat'>40,</span> <span class='ocrx_word' id='word_1_219' title='bbox 383 2459 623 2494; x_wconf 85' lang='lat' dir='ltr'>Postremum</span> <span class='ocrx_word' id='word_1_220' title='bbox 662 2458 793 2493; x_wconf 81' lang='lat' dir='ltr'>sanum</span> <span class='ocrx_word' id='word_1_221' title='bbox 827 2459 900 2494; x_wconf 80' lang='lat' dir='ltr'>effe</span> <span class='ocrx_word' id='word_1_222' title='bbox 956 2470 1032 2505; x_wconf 86' lang='lat' dir='ltr'>que</span> <span class='ocrx_word' id='word_1_223' title='bbox 1055 2459 1232 2495; x_wconf 84' lang='lat' dir='ltr'>adhibito</span> <span class='ocrx_word' id='word_1_224' title='bbox 1254 2459 1357 2499; x_wconf 89' lang='lat' dir='ltr'>loco,</span> <span class='ocrx_word' id='word_1_225' title='bbox 1375 2458 1542 2508; x_wconf 84' lang='lat' dir='ltr'>Vulpius</span> <span class='ocrx_word' id='word_1_226' title='bbox 1553 2460 1602 2495; x_wconf 83' lang='lat' dir='ltr'>ad</span> 
     </span>
     <span class='ocr_line' id='line_1_32' title="bbox 256 2514 1601 2565; baseline 0 -13"><span class='ocrx_word' id='word_1_227' title='bbox 256 2517 416 2565; x_wconf 79' lang='lat' dir='ltr'>nequit,</span> <span class='ocrx_word' id='word_1_228' title='bbox 461 2526 531 2549; x_wconf 84' lang='lat' dir='ltr'>nec</span> <span class='ocrx_word' id='word_1_229' title='bbox 571 2515 783 2562; x_wconf 82' lang='lat' dir='ltr'>quidquam</span> <span class='ocrx_word' id='word_1_230' title='bbox 821 2528 899 2551; x_wconf 87' lang='lat' dir='ltr'>me-</span> <span class='ocrx_word' id='word_1_231' title='bbox 957 2514 1098 2550; x_wconf 80' lang='lat' dir='ltr'>catull.</span> <span class='ocrx_word' id='word_1_232' title='bbox 1126 2522 1193 2562; x_wconf 80' lang='lat'>42,</span> <span class='ocrx_word' id='word_1_233' title='bbox 1218 2523 1255 2560; x_wconf 84' lang='lat'>8.</span> <span class='ocrx_word' id='word_1_234' title='bbox 1280 2529 1318 2564; x_wconf 84' lang='lat' dir='ltr'>p.</span> <span class='ocrx_word' id='word_1_235' title='bbox 1337 2515 1426 2558; x_wconf 71' lang='lat'>140.</span> <span class='ocrx_word' id='word_1_236' title='bbox 1449 2515 1601 2552; x_wconf 65' lang='lat' dir='ltr'>cfimoac</span> 
     </span>
     <span class='ocr_line' id='line_1_33' title="bbox 258 2570 1600 2620; baseline -0.003 -11"><span class='ocrx_word' id='word_1_237' title='bbox 258 2572 338 2608; x_wconf 78' lang='lat' dir='ltr'>lius</span> <span class='ocrx_word' id='word_1_238' title='bbox 359 2570 514 2620; x_wconf 74' lang='lat' dir='ltr'>reperio</span> <span class='ocrx_word' id='word_1_239' title='bbox 539 2571 707 2618; x_wconf 84' lang='lat' dir='ltr'>Regiana</span> <span class='ocrx_word' id='word_1_240' title='bbox 728 2572 904 2607; x_wconf 86' lang='lat' dir='ltr'>emenda·</span> <span class='ocrx_word' id='word_1_241' title='bbox 962 2571 993 2615; x_wconf 77' lang='lat'>§-</span> <span class='ocrx_word' id='word_1_242' title='bbox 1021 2577 1112 2615; x_wconf 77' lang='lat'>185.</span> <span class='ocrx_word' id='word_1_243' title='bbox 1132 2582 1169 2607; x_wconf 86' lang='lat' dir='ltr'>et</span> <span class='ocrx_word' id='word_1_244' title='bbox 1189 2572 1232 2606; x_wconf 91' lang='lat' dir='ltr'>in</span> <span class='ocrx_word' id='word_1_245' title='bbox 1250 2584 1292 2605; x_wconf 82' lang='lat' dir='ltr'>re</span> <span class='ocrx_word' id='word_1_246' title='bbox 1315 2571 1392 2619; x_wconf 85' lang='lat' dir='ltr'>ipsa</span> <span class='ocrx_word' id='word_1_247' title='bbox 1415 2585 1449 2611; x_wconf 79' lang='grc' dir='ltr'>ι,</span> <span class='ocrx_word' id='word_1_248' title='bbox 1478 2585 1493 2605; x_wconf 88' lang='lat'>1</span> <span class='ocrx_word' id='word_1_249' title='bbox 1507 2585 1540 2612; x_wconf 73' lang='grc' dir='ltr'>ι,</span> <span class='ocrx_word' id='word_1_250' title='bbox 1562 2580 1600 2614; x_wconf 81' lang='lat'>3.</span> 
     </span>
     <span class='ocr_line' id='line_1_34' title="bbox 260 2625 1604 2675; baseline -0.001 -12"><span class='ocrx_word' id='word_1_251' title='bbox 260 2629 381 2668; x_wconf 76' lang='lat' dir='ltr'>tione,</span> <span class='ocrx_word' id='word_1_252' title='bbox 419 2626 607 2662; x_wconf 79' lang='lat' dir='ltr'>suadentis</span> <span class='ocrx_word' id='word_1_253' title='bbox 638 2625 904 2674; x_wconf 83' lang='lat' dir='ltr'>effictionibus;</span> <span class='ocrx_word' id='word_1_254' title='bbox 1022 2634 1112 2672; x_wconf 81' lang='lat'>183.</span> <span class='ocrx_word' id='word_1_255' title='bbox 1165 2629 1424 2675; x_wconf 79' lang='lat' dir='ltr'>pronunciatio</span> <span class='ocrx_word' id='word_1_256' title='bbox 1445 2645 1502 2654; x_wconf 86' lang='lat'>--</span> <span class='ocrx_word' id='word_1_257' title='bbox 1524 2627 1604 2662; x_wconf 85' lang='lat' dir='ltr'>vul-</span> 
     </span>
     <span class='ocr_line' id='line_1_35' title="bbox 260 2682 1603 2733; baseline 0.001 -14"><span class='ocrx_word' id='word_1_258' title='bbox 260 2684 307 2720; x_wconf 83' lang='lat' dir='ltr'>cf.</span> <span class='ocrx_word' id='word_1_259' title='bbox 329 2684 360 2730; x_wconf 55' lang='grc' dir='ltr'>ᾖ.</span> <span class='ocrx_word' id='word_1_260' title='bbox 386 2690 451 2731; x_wconf 79' lang='grc'>89.</span> <span class='ocrx_word' id='word_1_261' title='bbox 479 2689 569 2726; x_wconf 78' lang='lat'>²52.</span> <span class='ocrx_word' id='word_1_262' title='bbox 599 2689 690 2728; x_wconf 78' lang='lat'><strong>²74·</strong></span> <span class='ocrx_word' id='word_1_263' title='bbox 717 2689 809 2727; x_wconf 82' lang='lat'>175.</span> <span class='ocrx_word' id='word_1_264' title='bbox 962 2682 1078 2733; x_wconf 81' lang='lat' dir='ltr'>tuosa.</span> <span class='ocrx_word' id='word_1_265' title='bbox 1110 2685 1296 2721; x_wconf 81' lang='lat' dir='ltr'>Gesnerus</span> <span class='ocrx_word' id='word_1_266' title='bbox 1325 2683 1461 2720; x_wconf 84' lang='lat' dir='ltr'>eodem</span> <span class='ocrx_word' id='word_1_267' title='bbox 1489 2695 1603 2721; x_wconf 85' lang='lat' dir='ltr'>voca-</span> 
     </span>
    </p>
   </div>
  </div>
 </body>
</html>
