1779 3062
409 88 574 132 INST.
621 87 904 135 ORATOR.
948 88 1072 134 LIB.
1113 89 1185 145 X,
1224 100 1270 134 2.
1430 99 1527 149 225

155 217 402 285 plerique
419 252 434 273 ‚
476 231 602 264 cum
622 214 786 263 verba
816 231 879 262 ex
901 216 1236 267 orationibus
1262 215 1529 284 excerpse-

154 305 299 352 runt,
342 304 431 342 aut
462 293 672 358 aliquos
707 291 1110 357 compofitionis
1148 307 1318 346 certos
1349 295 1527 362 pedes,

152 374 289 420 inire
328 388 355 418 a
380 369 448 429 se,
491 387 627 436 quae
664 371 928 435 legerunt,
972 370 1150 436 effingi
1177 374 1526 424 arbitrantur:

155 467 278 498 cum
313 460 364 497 et
389 448 554 498 verba
587 447 911 496 intercidant
940 448 1369 515 invalescantque
1394 463 1528 500 tem-

152 527 407 594 poribus,
472 536 534 574 ut
569 542 808 590 quorum
844 525 1112 574 certiffima
1156 526 1216 575 fit
1250 530 1433 594 regula
1467 531 1528 580 in

153 603 559 661 consuetudine,
598 620 766 668 eaque
794 620 910 652 non
935 601 1027 652 sua
1049 614 1237 653 natura
1260 604 1361 654 sint
1384 607 1527 656 bona

153 693 246 731 aut
266 683 431 730 mala:
474 698 598 730 nam
627 698 725 748 per
757 679 809 728 se
842 679 962 730 soni
1001 692 1209 731 tantum
1243 681 1393 732 sunt:
1437 683 1527 734 sed

152 771 319 828 prout
348 769 653 826 opportune
686 759 1015 825 proprieque
1055 771 1146 808 aut
1180 758 1331 810 secus
1359 763 1528 811 collo-

154 848 262 885 cata
287 836 439 886 sunt:
483 847 534 884 et
557 836 875 903 compositio
901 854 1024 885 cum
1048 838 1207 887 rebus
1228 855 1528 889 accommo-

153 914 274 965 data
311 913 396 974 fit,
435 925 554 963 tum
585 912 695 980 ipsa
726 915 979 963 varietate
1012 915 1301 981 gratiffima.
1384 921 1525 986 Qua-

241 1060 352 1096 verba
373 1073 429 1095 ex.
492 1060 555 1096 Sic
577 1059 711 1095 Turic.
733 1059 838 1095 flor.
864 1059 950 1104 (hic
977 1073 996 1094 a
1019 1074 1078 1109 pr.
1109 1061 1182 1109 m.)
1205 1062 1338 1110 Camp.
1361 1061 1526 1112 Reliqui

155 1117 328 1153 inferunt
360 1118 558 1166 quaedam.
802 1115 857 1165 se,
891 1131 984 1165 quae
1014 1118 1198 1166 legerunt.
1249 1119 1382 1154 Turio.
1406 1118 1525 1168 sequa

157 1174 368 1221 elegerunt,
419 1188 440 1209 a
473 1175 541 1210 sec.
574 1187 627 1209 m.
651 1172 760 1223 sequi
791 1174 885 1222 eleg.
925 1174 1046 1210 Goth.
1087 1179 1175 1218 (tac.
1209 1177 1340 1220 Gesn.)
1379 1175 1424 1225 se
1456 1191 1526 1226 que

159 1231 358 1278 elegerunt.
400 1231 504 1266 flor.
540 1231 672 1279 Camp.
712 1231 811 1269 Jens.
848 1233 937 1275 (tac.
973 1231 1103 1273 Gesn.)
1136 1231 1171 1280 s.
1205 1246 1300 1281 quae
1334 1233 1527 1280 elegerunt:

160 1299 250 1323 cum
275 1288 360 1322 edd.
386 1299 472 1323 ante
494 1288 607 1323 Leid.
631 1300 707 1323 acc.
742 1286 845 1322 Roll.
894 1288 968 1323 Sed
988 1287 1117 1323 Guelf.
1137 1289 1325 1325 nostrum.

247 1341 392 1392 effingi.
451 1345 586 1380 Turio.
633 1344 792 1392 effendi,
854 1357 875 1378 a
921 1345 989 1380 sec.
1050 1358 1169 1381 manu
1211 1345 1368 1394 offendi.
1419 1346 1526 1384 Flor-

156 1400 198 1447 (a
219 1415 278 1451 pr.
302 1405 373 1445 m.)
416 1401 559 1449 effenci.
600 1402 706 1438 Voss‘.
734 1410 770 1443 5.
814 1398 965 1449 affingi.
1008 1402 1055 1436 cf.
1082 1415 1144 1443 10,
1178 1412 1215 1446 5,
1249 1409 1289 1451 4·

247 1459 486 1493 arbitrantur.
530 1458 661 1493 Turic-
694 1456 800 1493 Flor.
831 1458 1123 1493 arbitrabantur.
1362 1474 1442 1496 cum
1477 1471 1526 1500 et.

158 1515 294 1552 Turic.
338 1514 442 1550 Flor.
482 1514 611 1550 Guelf‘
662 1523 699 1549 et
731 1529 810 1549 cum
861 1527 950 1550 cum
980 1514 1084 1549 Alm.
1121 1516 1220 1554 Jens.
1263 1517 1380 1552 Tarv.
1451 1520 1528 1554 Sed

159 1571 311 1609 omittit
331 1581 366 1606 et
387 1571 520 1620 Camp.
546 1585 635 1606 cum
664 1572 770 1608 Voss.
795 1582 832 1607 2·
868 1571 988 1607 Goth.
1012 1582 1049 1606 et
1068 1571 1154 1608 edd.
1179 1583 1264 1608 ante
1286 1574 1395 1612 Bafil.

247 1628 483 1664 intercidant.
532 1629 629 1667 Jens.
655 1629 744 1672 (tac.
769 1629 1040 1673 Gesn.)Ta1v.
1073 1629 1307 1667 intercident.
1342 1633 1529 1670 Correxit

158 1685 318 1734 Regius.
581 1684 891 1734 invalescantque.
937 1686 1071 1721 Turio.
1117 1687 1252 1735 camp.
1300 1689 1530 1738 invalescant

161 1756 253 1778 cum
279 1743 379 1781 Jens.
402 1743 519 1779 Tarv.
551 1752 588 1778 et
612 1741 840 1790 invalescant
868 1743 964 1778 Loc.
1003 1756 1091 1778 cum
1111 1745 1210 1780 Ven.
1234 1746 1343 1781 Ruso.
1367 1746 1529 1792 jubente

160 1799 301 1848 Regio.
538 1813 665 1848 eaque.
716 1798 846 1835 Guelf.
887 1814 931 1834 ea
958 1813 1063 1847 quae.
1109 1800 1227 1836 Goth.
1272 1804 1362 1847 (tac.
1395 1804 1528 1850 Getn.)

160 1870 208 1892 ea
229 1858 305 1891 fine
329 1855 524 1893 enclitica.
760 1870 835 1891 non
849 1855 934 1906 sua.
966 1857 1094 1893 Guelf.
1116 1857 1253 1892 inserit
1264 1858 1366 1907 sunt.

249 1915 484 1961 proprieque.
517 1913 650 1949 Turio.
681 1915 844 1961 proprie.
1052 1917 1332 1951 accommodata
1348 1915 1414 1965 sit,
1439 1926 1528 1955 tum.

165 1971 300 2018 Camp.
324 1969 537 2020 omittitsit
559 1984 649 2006 cum
670 1970 791 2005 Goth.
814 1980 852 2005 et
873 1971 959 2007 edd.
982 1982 1069 2006 ante
1089 1971 1199 2006 Bafil.
1226 1986 1306 2008 exc,
1328 1973 1415 2008 Ald.
1442 1974 1532 2024 sunt

163 2028 249 2078 post
280 2027 469 2063 collocata
507 2028 690 2064 omittere
716 2037 897 2064 narratur
917 2029 1023 2067 Voff.
1051 2042 1086 2064 1.
1118 2029 1189 2077 qui
1221 2040 1258 2065 et
1293 2039 1417 2066 tamen
1451 2031 1533 2082 ipsa

164 2097 238 2134 pro
262 2093 339 2119 tum
363 2097 387 2119 1.

225 2207 289 2243 15.
322 2198 549 2234 intercidant
575 2198 819 2248 invalescant·
876 2197 1041 2249 pluralis
1084 2214 1271 2238 numerus
1309 2202 1445 2239 deberi
1472 2205 1534 2241 vi-

163 2269 245 2305 que.
323 2255 550 2303 Unicuique
596 2256 819 2292 succurrant
878 2257 991 2292 detur
1027 2255 1284 2293 librariorum
1323 2260 1534 2305 socordiae,

163 2312 295 2348 versus
346 2311 580 2347 nobiliffimi
609 2313 819 2349 Horatiani
878 2327 1032 2363 quorum
1066 2315 1247 2368 jungenti
1277 2317 1372 2352 huic
1419 2332 1536 2355 voca-

165 2369 300 2405 ,Multa
339 2367 572 2418 renascentur
610 2383 704 2418 quae
734 2372 819 2416 jam
877 2369 999 2409 bulo,
1031 2384 1132 2411 non,
1168 2382 1212 2407 ut
1232 2386 1425 2421 parerat,
1457 2391 1536 2412 ver-

167 2425 327 2461 cecidere
380 2426 584 2476 cadentque
636 2437 706 2464 cet.
757 2428 819 2465 Ad
879 2427 944 2462 bis.
975 2428 1111 2463 Potuit
1133 2429 1247 2463 etiam
1269 2430 1536 2469 adhaerescere

167 2483 238 2517 Pis.
268 2492 333 2526 70.
356 2483 457 2530 seqq.
480 2483 527 2518 cf.
552 2485 626 2531 Qu.
641 2490 677 2528 8,
703 2485 819 2528 6,52.
880 2484 945 2519 bus
975 2498 1023 2519 ex
1059 2497 1104 2519 eo
1142 2486 1249 2533 quod
1280 2488 1452 2536 sequitur
1483 2500 1535 2532 ut,

167 2539 246 2574 Hic
305 2550 434 2574 autem
495 2552 629 2576 contra
687 2555 822 2578 omnes
883 2555 973 2577 cum
997 2542 1155 2589 antiqua
1177 2544 1330 2580 ratione
1351 2546 1536 2596 scriptum

168 2595 331 2644 quidem
354 2595 480 2633 libros
511 2610 702 2647 reponere
724 2598 824 2635 libet
885 2598 975 2634 effet
1007 2601 1180 2644 tempori.
1231 2601 1280 2636 cf.
1313 2611 1358 2646 5,
1391 2610 1437 2648 3,
1476 2615 1537 2647 17.

169 2660 334 2702 tempore
362 2666 436 2703 pro
478 2656 721 2703 temporibus,
754 2656 827 2707 qui
883 2656 1030 2691 Eadem
1063 2668 1182 2706 opera
1217 2669 1322 2694 recte
1355 2662 1539 2700 rescribas
