1779 3062
238 164 334 219 ⁶82
450 175 452 177 ·
529 162 618 208 M.
667 164 802 209 ΕΑΒ.
852 162 1271 225 QUINTILIANI

230 290 430 340 Similis
462 290 522 338 in
557 291 741 339 ceteris
776 291 910 340 ratio
943 288 1040 349 est,
1100 308 1158 339 ac
1193 285 1437 341 tutiffima
1470 290 1584 342 fere

228 385 327 435 per
353 366 591 418 medium
616 368 721 427 via,
760 369 887 435 quia
915 369 1200 435 utriusque
1222 367 1477 419 ultimum
1500 370 1585 420 vi-

228 445 369 495 tium
403 444 489 494 est.

383 524 468 571 XI.
552 522 649 572 His
681 521 897 571 dicendi
925 522 1218 573 virtutibus
1245 520 1373 574 usus
1405 534 1585 575 orator

227 601 290 650 in
313 599 548 661 judiciis,
589 599 840 658 consiliis,
878 599 1244 659 concionibus,
1283 599 1483 660 senatu,
1519 602 1581 651 in

229 679 389 730 omni·
419 677 654 744 denique
687 674 868 728 officio
898 679 1030 729 boni
1061 678 1217 734 civis,
1251 676 1422 727 finem
1443 695 1582 744 quo-

227 772 337 822 que
366 754 595 822 dignum
626 765 679 804 et
707 757 912 822 optimo
942 757 1064 805 viro
1095 765 1147 803 et
1177 771 1340 822 opere
1371 753 1583 805 sanctis·-

224 831 363 883 fimo
397 831 580 882 faciet:
657 851 770 884 non
803 835 929 899 quia
957 830 1198 900 prodeffe
1230 851 1474 899 unquam
1502 831 1672 895 sat-2107

226 911 298 961 tis
331 904 409 970 sit,
441 921 493 960 et
522 911 614 959 illa
641 921 817 960 mente
852 922 1010 977 atque
1039 911 1132 960 illa
1159 908 1407 960 facultate
1429 926 1583 977 prae-

223 986 344 1039 dito
376 1006 490 1038 non
523 990 806 1038 conveniat
835 990 1013 1055 operis
1038 987 1393 1056 pulcherrimi
1418 1005 1583 1054 quam

223 1065 586 1131 longiffimum
607 1077 848 1132 tempus:
888 1066 979 1115 sed.
1002 1067 1128 1132 quia
1150 1064 1300 1114 decet
1319 1065 1423 1115 hoc
1442 1083 1580 1131 quo-

225 1159 335 1208 que
369 1142 694 1210 prospicere,
745 1161 814 1192 ne
850 1143 986 1209 quid.
1014 1146 1190 1210 pejus,
1243 1159 1403 1209 quam
1440 1141 1582 1192 fece·

226 1278 424 1314 congrua:
459 1264 565 1313 fiunt
591 1278 661 1314 pro
691 1265 897 1313 grandibus
926 1265 1073 1307 tumidi,
1103 1263 1351 1313 --‚fortil›us
1380 1266 1580 1304 temerarii,

226 1323 338 1359 laetis
367 1324 531 1370 corrupti
564 1324 647 1365 —)
680 1335 767 1357 cum
799 1323 937 1369 grandi
964 1322 1019 1357 ita
1051 1322 1312 1371 compositum
1344 1321 1580 1363 habuimus.

227 1391 267 1416 et
297 1386 336 1424 8,
368 1388 406 1422 5,
446 1387 509 1424 18.
551 1392 641 1415 cum
675 1378 893 1426 magnifico,
928 1379 1036 1427 quod
1064 1379 1170 1414 idem
1203 1378 1263 1414 est.
1326 1379 1471 1416 Contra
1499 1378 1581 1426 ple·

225 1451 326 1477 num,
360 1436 467 1484 quod
500 1450 562 1478 11,
585 1451 619 1478 1,
654 1444 719 1480 3²·
753 1435 971 1485 opponitur
1001 1436 1124 1485 preffo
1157 1447 1194 1471 et
1220 1445 1283 1476 12,
1309 1448 1370 1477 ιο,
1393 1435 1459 1471 66.
1493 1435 1579 1471 [ub-

223 1494 302 1534 tiii‚
334 1503 545 1541 cognatum
575 1494 719 1529 vitium
750 1491 990 1539 Quintiliani
1021 1504 1122 1529 certe
1155 1494 1328 1529 sermone
1359 1506 1439 1528 non
1465 1502 1579 1528 tumo-

224 1565 304 1586 rem
333 1549 453 1586 habet
481 1550 543 1586 sed
573 1550 872 1586 redundantiam.
902 1550 1042 1585 Fateor
1072 1563 1152 1585 non
1187 1549 1272 1586 satis
1293 1563 1486 1598 apparere,
1508 1561 1579 1585 cur

224 1608 389 1657 grandia
421 1620 438 1640 a
470 1608 643 1655 cognatis
672 1605 755 1640 illis
790 1607 956 1652 magnis,
979 1605 1202 1654 sublimibus
1233 1618 1303 1642 etc.
1347 1617 1423 1641 tam
1460 1605 1580 1655 longe

227 1664 508 1700 distineantur:
541 1664 603 1698 sed
624 1660 773 1699 valeret
802 1661 906 1697 idem
940 1662 985 1698 de
1019 1664 1129 1698 omni
1152 1664 1271 1698 verbo
1293 1662 1399 1712 quod
1429 1662 1581 1697 tumori

225 1730 331 1756 recte
362 1721 605 1767 adjungeres.
667 1718 795 1765 Quare
835 1717 1007 1754 subnasci
1045 1718 1165 1767 poss‘it
1194 1730 1327 1755 contra
1367 1729 1580 1768 utrumque

225 1776 396 1812 verbum
428 1776 604 1825 suspicio,
637 1786 676 1811 et
706 1787 786 1810 non
815 1774 948 1823 inepte
978 1788 1176 1824 proponas
1218 1777 1347 1814 mitia,
1378 1787 1453 1810 non
1482 1776 1580 1811 timi-

228 1833 297 1874 da,
325 1833 392 1869 vel
421 1833 451 1868 [i
481 1832 588 1881 quod
620 1831 729 1867 aliud
759 1831 1008 1867 commodius
1039 1832 1174 1867 timori
1204 1831 1448 1881 adjungatur.

344 1892 455 1930 ratio,
488 1888 626 1925 omiffo
654 1885 717 1937 eft.
749 1887 868 1924 Goth.
902 1888 1002 1927 Jens.
1046 1900 1084 1924 et
1109 1888 1202 1937 post.
1236 1900 1321 1925 ante
1352 1887 1463 1924 Bam.

342 1961 386 1983 ac
415 1944 608 1995 tutiffima.
669 1941 731 1981 sic
761 1944 864 1981 Alm.
898 1946 1033 1996 Camp.
1068 1945 1167 1982 Obr.
1241 1943 1469 1995 accutffma
1498 1945 1579 1982 Tu-

229 2005 302 2041 rio.
350 2001 558 2053 acutiffima
585 2001 691 2039 Flor.
752 1999 932 2050 tutssinza
961 2001 1040 2037 sine
1064 2016 1107 2038 ac
1135 2002 1293 2050 reliqui.
1325 2003 1392 2047 (In
1423 2000 1580 2039 Aldinis

230 2062 390 2099 turbae:
449 2054 650 2110 diffoluta,·
680 2072 755 2094 non
786 2059 941 2096 tumida.
975 2059 1012 2093 S.
1047 2061 1072 2096 i.
1101 2074 1129 2096 c.
1164 2075 1194 2094 r.
1216 2057 1266 2106 est
1290 2059 1403 2106 plena
1424 2072 1466 2093 ac
1491 2061 1578 2104 cut.)

347 2117 447 2167 quod
460 2119 650 2168 utriusque
663 2115 798 2152 Turic.
829 2116 903 2151 Sed
921 2115 1055 2166 Camp.
1078 2115 1396 2163 conjunctionem
1417 2115 1580 2153 omittit.

343 2231 457 2269 Novi
486 2228 626 2279 capitis
653 2230 697 2265 in
727 2228 831 2265 FIor.
867 2227 996 2266 Guelf.
1029 2227 1140 2265 nulla.
1166 2227 1379 2277 inscriptio.
1423 2228 1579 2265 Conclu-

223 2289 286 2341 Jio
318 2289 455 2324 Turio.
506 2289 614 2339 Quae
640 2281 723 2336 pos}
746 2285 867 2333 finem
884 2283 1015 2334 studia
1043 2284 1163 2321 Goth.
1194 2285 1294 2324 Jens.
1325 2295 1363 2320 et
1390 2285 1550 2334 reliqui.

352 2359 385 2381 1.
413 2344 552 2394 senatu
579 2345 724 2378 nomini
756 2342 861 2379 Flor.
902 2342 1021 2390 offero
1053 2342 1142 2376 boni
1171 2343 1270 2377 cuias
1301 2342 1435 2392 Camp.
1480 2343 1581 2379 Mox

230 2405 295 2440 ille
335 2402 397 2439 bis
436 2401 509 2452 pro
549 2401 617 2436 illa
655 2400 789 2437 Turic.
820 2399 927 2434 Flor.
958 2398 1086 2437 Guelf.
1117 2400 1216 2434 Exc.
1252 2401 1355 2435 sant.
1424 2399 1578 2448 prodito

231 2454 362 2496 Guelfss
423 2461 500 2494 Pro
532 2457 614 2494 illis
644 2467 774 2493 autem
808 2470 884 2492 non
914 2457 1112 2493 conveniat
1148 2455 1281 2491 Turio.
1312 2455 1417 2493 Flor.
1449 2455 1579 2496 Guelf-

230 2531 306 2553 non
337 2517 438 2566 quod
468 2515 646 2554 eandem:
704 2526 751 2549 ex
781 2512 884 2548 Alm.
913 2513 986 2563 Ipsq‘
1003 2512 1171 2554 eandem,
1207 2513 1307 2548 mira
1336 2513 1537 2550 varietate.

491 2586 575 2622 qua¹
593 2572 696 2619 long.
722 2569 864 2620 *Turia
895 2568 999 2605 Flor.
1031 2568 1160 2606 Guelf.
1217 2568 1419 2618 perspicere
1449 2568 1577 2605 Guelf-

232 2643 279 2666 πε
311 2631 402 2680 quid
432 2630 470 2665 id
498 2629 597 2668 Jens.
627 2629 743 2664 Tarv.
776 2641 821 2661 no
850 2628 929 2677 quis
959 2624 999 2660 id
1026 2627 1158 2664 Locat.
1190 2626 1290 2665 Ven.
1349 2625 1470 2666 Valde
1495 2623 1578 2676 pla·

278 2729 331 2756 ⁸3.
365 2734 410 2755 ne
431 2721 532 2770 quid.
567 2719 614 2757 cf.
635 2729 716 2756 not.
735 2718 819 2756 crit.
