1779 3062
462 170 627 216 INST.
667 171 949 217 ORATOR.
984 173 1107 219 LIB.
1147 173 1219 230 X,
1258 181 1303 226 5.
1470 180 1563 227 175

208 296 357 366 quod.
383 309 621 349 auctores
652 299 872 347 maximi
899 297 971 347 sic
1015 298 1330 365 diligentius
1372 315 1570 365 cogno-

204 376 460 427 scuntur?
534 378 667 426 Non
718 378 864 425 enim
902 374 1093 442 scripta
1130 379 1361 426 lectione
1390 375 1571 426 secura

207 456 648 504 transcurrimus:
730 452 820 502 sed
870 465 1153 503 tractamus
1209 453 1443 520 singula,
1523 464 1576 502 et

120 530 495 595 943neceffario
531 530 950 597 introspicimus,
991 542 1068 589 et,
1111 541 1374 596 quantum
1402 533 1577 581 virtu-

207 611 274 659 tis
297 610 542 668 habeant,
583 610 672 658 vel
710 609 814 659 hoc
847 607 963 675 ipso
998 606 1386 674 cognoscimus,
1427 609 1578 672 quod.

208 688 410 736 imitari
444 705 556 738 non
592 685 881 753 possumus.
1002 687 1120 735 Nec
1163 687 1332 735 aliena
1364 696 1574 735 tantum
1597 701 1621 739 9

207 763 525 824 transferre,
577 764 668 813 sed.
704 766 865 814 etiam
899 762 1076 814 nostra
1110 764 1361 829 pluribus
1395 763 1577 813 modis

206 853 426 892 tractare
464 842 734 909 proderit:
795 852 859 891 ut
901 858 965 890 ex
1004 840 1266 890 industria
1306 839 1579 890 sumamus

213 918 494 969 sententias
529 920 809 985 quasdam,
860 936 1056 983 easque
1095 918 1369 968 versemus
1417 935 1581 984 quam

211 997 654 1056 numerosissime,
695 998 851 1047 velut
887 996 1072 1047 eadem
1108 1013 1224 1045 cera
1255 997 1386 1045 aliae
1417 1008 1578 1061 atque

214 1076 345 1124 aliae
383 1074 587 1125 formae
619 1075 747 1124 duci
788 1074 971 1125 solent.
1051 1075 1357 1123 Plurimum
1399 1084 1578 1122 autem
1604 1094 1654 1118 10

209 1154 384 1220 parari
406 1152 668 1203 facultatis
697 1152 937 1202 existimo
961 1170 1025 1201 ex
1057 1150 1427 1218 simplicissima.
1450 1168 1580 1215 qua-

213 1246 321 1296 que
353 1233 584 1279 materia.
666 1232 809 1279 Nam
843 1232 902 1278 in
943 1231 1036 1278 illa
1070 1230 1363 1295 multiplici
1397 1224 1582 1300 perso-

213 1325 416 1366 narum,
457 1304 751 1380 causarum,
790 1318 1096 1372 temporum,
1137 1307 1379 1365 locorum,
1420 1307 1581 1356 dicto-

214 1460 302 1512 g.s.
326 1464 433 1511 copia
472 1475 561 1498 cum
586 1462 691 1500 Vols.
722 1475 756 1496 1.
780 1470 817 1505 5.
993 1471 1171 1498 auctores.
1205 1463 1337 1510 Camp.
1371 1470 1551 1497 oratores.

303 1519 582 1568 cognoscuntur.
615 1518 747 1554 Turio.
778 1517 883 1554 Flor.
915 1518 1032 1567 (apr.
1053 1533 1106 1554 m.
1132 1520 1315 1567 uterque)
1360 1517 1580 1566 cognoscan-

217 1587 276 1613 tur
307 1589 396 1612 cum
417 1575 519 1612 Alm.
754 1574 847 1624 ipso.
881 1576 1015 1611 Turio.
1046 1576 1151 1612 Flor,
1186 1577 1223 1620 (a
1242 1589 1300 1624 pr.
1322 1589 1374 1610 m.
1396 1576 1581 1622 uterque)

217 1633 300 1683 ipsi.
534 1629 732 1682 poffumus.
763 1633 896 1667 Turic-
928 1632 1034 1668 Flor.
1068 1632 1152 1678 (hic
1177 1646 1196 1667 a
1216 1646 1276 1681 pr.
1297 1635 1368 1677 m.)
1394 1629 1581 1681 poffimus.

216 1704 236 1727 a
259 1692 328 1727 sec.
350 1704 403 1725 m.
436 1691 569 1726 Turie.
602 1689 722 1726 modo
752 1691 906 1725 imitare.

307 1759 342 1795 9.
372 1747 552 1797 pluribus.
585 1745 704 1782 Goth.
738 1746 835 1784 Jens.
866 1747 1037 1795 plurimis
1067 1759 1156 1781 eum
1179 1746 1265 1781 edd.
1300 1745 1461 1795 posterr.
1496 1755 1584 1780 ante

219 1804 309 1842 Ald.
342 1818 418 1840 acc.
449 1804 568 1845 Bad.;
599 1803 749 1838 omittit
779 1804 900 1839 modis
930 1802 1028 1839 Obr.
1055 1817 1127 1852 per
1155 1815 1341 1840 errorem.

306 1862 407 1897 aliae
439 1870 550 1910 atque
580 1860 680 1894 aliae
700 1858 853 1906 formae
876 1858 1081 1908 -solent.
1129 1859 1263 1895 Turio.
1313 1861 1351 1894 in
1382 1859 1459 1894 alia
1489 1858 1587 1893 alias

223 1932 317 1966 quae
340 1917 472 1966 forma
496 1916 710 1966 —Jolenc,
752 1929 772 1950 a
802 1917 870 1952 sec.
902 1930 954 1952 m.
987 1916 1099 1965 solet.
1141 1915 1247 1953 Flor.
1293 1918 1331 1951 in
1364 1916 1458 1951 alias
1491 1928 1587 1964 quae

216 1975 366 2024 formae
391 1972 515 2022 -·s.‚
567 1987 588 2008 a
618 1974 688 2008 sec.
720 1986 772 2008 m.
803 1974 903 2008 aliae
936 1974 1107 2022 aliaeque
1131 1972 1166 2021 f.
1189 1972 1294 2022 -s.
1338 1970 1465 2008 Guelf.
1508 1972 1588 2006 alia

224 2032 392 2081 aliaeque
416 2029 450 2078 f.
474 2029 576 2078 —s.
615 2028 719 2065 Alm.
763 2031 801 2065 in
830 2030 909 2065 alia
938 2031 1109 2081 aliasque
1132 2029 1282 2078 formas
1304 2028 1406 2079 —s.
1452 2029 1586 2076 Camp.

222 2090 263 2124 in
285 2088 379 2123 alias
399 2096 508 2137 atquc
529 2087 626 2122 alias
638 2085 789 2134 formas
808 2086 990 2136 —solec.

215 2150 218 2154 '
315 2157 378 2180 10.
431 2146 575 2192 parari.
612 2143 745 2178 Turic.
798 2158 934 2192 parare
1000 2158 1091 2180 cum
1127 2145 1234 2183 Voff.
1273 2157 1306 2180 1.
1342 2153 1380 2188 5.
1430 2150 1589 2190 paratae

223 2201 353 2240 Guelfi
641 2201 745 2235 Nam
778 2202 827 2238 in.
871 2202 1004 2237 Turio.
1037 2202 1142 2238 Flor.
1177 2200 1306 2237 Guelf.
1339 2199 1458 2236 Goth.
1486 2198 1588 2238 Jens.

227 2262 319 2305 (tac.
349 2257 478 2302 Gesn.)
528 2257 660 2307 Camp.
714 2258 829 2294 Tarv.
882 2259 1074 2295 omittunt
1125 2262 1161 2294 in
1202 2272 1291 2294 cum
1323 2255 1426 2295 Voff.
1467 2268 1503 2294 1.
1552 2265 1591 2291 2·

227 2317 278 2352 N.
314 2317 352 2350 in
383 2315 463 2350 ulla
490 2315 597 2353 Voss.
620 2324 656 2358 5.
895 2315 1100 2365 causarum.
1136 2317 1271 2352 Turic.
1314 2314 1418 2350 Flor.
1457 2312 1542 2358 (hic
1573 2325 1595 2346 a

223 2385 285 2423 pr.
308 2371 381 2419 m.)
402 2372 593 2407 omittu'nt
614 2384 704 2407 cum
725 2372 829 2408 Alm.
860 2372 1039 2412 Viciffim
1071 2373 1254 2408 dictorum
1285 2370 1386 2408 abest
1405 2368 1541 2408 avoir.
1556 2377 1594 2412 5.

284 2517 321 2554 9.
335 2503 628 2556 numeroszffime.
641 2505 686 2542 cs.
702 2508 825 2551 8Pro.
839 2518 875 2546 2.
937 2507 984 2543 de
1006 2506 1102 2543 eloe.
1132 2511 1166 2556 ᾗ.
1189 2504 1282 2554 296.
1304 2519 1342 2554 p.
1367 2502 1481 2538 Sclm.
1500 2509 1590 2545 115.

290 2563 419 2598 eadem
439 2576 520 2596 cera
538 2582 590 2589 -·-
612 2563 706 2597 duci.
737 2564 783 2601 cf.
813 2578 875 2608 ιο,
936 2563 1037 2600 Plin.
1056 2574 1093 2608 7,
1128 2576 1163 2612 9,
1199 2577 1215 2597 ι
1229 2575 1260 2599 ι.
1292 2561 1372 2598 Cic.
1392 2560 1439 2596 de
1461 2559 1531 2597 Or.
1551 2567 1590 2603 5,

222 2630 262 2665 5,
290 2630 352 2665 17.
385 2617 557 2654 Eandem
582 2632 689 2654 cerae
711 2620 879 2669 fingenti
939 2628 1003 2665 45.
1037 2624 1072 2671 ᾗ.
1100 2631 1192 2665 177.

222 2676 367 2713 habilis
388 2675 599 2724 imaginem
618 2676 879 2716 demonstrant

221 2734 311 2774 VV.
344 2734 437 2770 DD.
482 2733 588 2782 apud
627 2733 879 2773 Demetrium
999 2746 1063 2771 10.
1093 2732 1297 2783 causarum.
1329 2729 1376 2767 cf.
1399 2738 1480 2767 not.
1505 2728 1590 2764 erit.
