1779 3062
464 105 631 153 msT.
667 106 948 174 onnon.
986 93 1267 170 fluxu,
1307 123 1353 169 3.
1479 124 1580 172 533

219 232 477 301 patronus
508 244 675 293 eruet,
714 236 881 288 modo
916 254 1017 303 per
1044 240 1256 298 omnes,
1295 259 1434 306 quos
1472 252 1576 291 tra-

219 311 485 370 didimus,
527 323 971 378 argumentorum
1003 316 1153 367 locos
1186 327 1282 367 eat.
1336 323 1485 388 Quos
1512 330 1576 369 ut

220 387 656 455 circumspectare
703 391 764 438 in
798 392 1031 456 agendo,
1089 404 1142 442 et
1183 406 1436 445 attentare
1471 396 1578 446 sin-

218 466 377 532 gulos
414 468 639 516 minime
682 470 964 528 convenit,
1017 482 1238 537 propter
1275 491 1404 539 quas
1439 473 1578 524 djxi-

217 559 344 594 mus
374 542 548 594 causas
561 562 577 604 3
626 544 699 593 ita
736 546 796 594 in
841 544 1093 599 discendo
1135 551 1321 599 rimari
1353 550 1576 601 necess'a-

217 622 364 670 rium
393 619 482 680 est,
516 628 654 686 quae
670 618 944 694 personae,
985 642 1118 689 quae
1151 637 1406 692 tempora,
1437 647 1574 695 quae

127 698 367 758 «ogoloca,
411 694 673 769 instituta,
724 697 1087 770 instrumenta,
1141 714 1442 769 ceteraque,
1510 724 1576 757 ex

218 776 417 843 quibus
461 794 576 828 non
620 787 832 828 tantum
872 778 1040 839 illud,
1091 782 1244 845 quod
1287 781 1361 833 est
1404 782 1574 833 artifi-

1607 333 1653 375 ¹4

215 944 320 984 V'oss‘.
346 956 382 981 x.
496 953 679 992 patronus
692 944 820 995 seruet
845 945 976 983 Guelf.
1000 958 1034 983 c.
1058 946 1179 984 Goth.
1207 949 1311 986 Voff.
1330 963 1365 987 ι.
1388 959 1425 994 5.
1450 952 1576 988 Βετη.’

214 1002 397 1037 tradimus
422 1001 555 1037 Turio.
589 1002 694 1038 Flor.
725 1003 854 1040 Guelf.
890 1004 1023 1053 Camp.
1055 1003 1176 1041 Goth.
1211 1006 1311 1051 (non
1340 1008 1463 1049 Jens„
1494 1020 1572 1045 err.

213 1057 348 1104 Gesn.)
409 1059 513 1095 locos
540 1069 620 1095 erat
646 1059 754 1097 Flor.

332 1169 395 1204 14.
450 1159 765 1212 circumscriptam
796 1163 932 1200 Turio.
964 1163 1071 1201 Flor.
1102 1164 1250 1201 omiss‘is
1281 1164 1478 1214 proximis
1508 1165 1576 1204 his

212 1219 252 1252 in
281 1231 342 1266 ag.
376 1226 412 1253 et
432 1227 630 1255 attentare.
693 1221 794 1255 Mox
813 1219 870 1269 sic
892 1223 931 1255 ιἠ,
956 1220 1043 1269 disc.
1068 1220 1174 1258 Flor.
1227 1220 1285 1270 sic
1309 1224 1347 1257 in
1378 1223 1414 1258 d.
1437 1222 1574 1272 Camp-

211 1276 267 1311 iL‘a
307 1275 419 1311 eciam
451 1277 490 1310 in
520 1275 556 1311 d.
597 1275 744 1313 Tarvis.
769 1287 806 1313 et
831 1277 917 1313 edd.
947 1277 1041 1326 post.
1071 1288 1157 1314 ante
1193 1280 1316 1314 Stoer.
1349 1291 1431 1314 exc.
1460 1278 1575 1317 Bam.

385 1346 479 1381 quae
506 1329 688 1381 pivtsonae
709 1346 786 1370 om.
814 1333 943 1370 Guelf.
1003 1348 1098 1384 quae
1126 1343 1295 1383 tempora
1326 1348 1402 1371 om.
1433 1336 1571 1373 Turio.

210 1388 317 1426 Flor.
346 1401 378 1425 c.
400 1389 504 1426 Alm.
564 1389 667 1425 locus
699 1391 830 1426 Turio.
867 1389 973 1427 Flor.
1004 1391 1067 1427 sed
1098 1390 1198 1429 Alm.
1230 1404 1371 1428 vocem
1403 1392 1569 1429 omittit.

210 1455 379 1497 tempora
411 1456 449 1482 et
468 1446 555 1482 loca
573 1445 700 1482 Guelf.
727 1461 758 1483 c.
784 1447 905 1483 Goth.
965 1445 1204 1496 instrumenta
1235 1446 1404 1496 instituta
1430 1449 1568 1498 Camp-

382 1512 582 1540 ceterarum
601 1516 645 1539 ex
667 1504 801 1540 Turio,
821 1503 927 1541 Flor.
951 1516 983 1541 c.
1008 1503 1112 1541 Alm.
1176 1514 1322 1542 caetera
1357 1519 1402 1542 ex
1435 1505 1568 1543 Guelf.

206 1651 441 1701 Quanquam
470 1647 574 1685 illud
603 1661 684 1685 non
705 1660 855 1690 moror.
914 1651 1080 1688 Fabium
1104 1647 1292 1701 destituto.
1326 1650 1447 1693 „Plus
1470 1651 1568 1690 haee

204 1709 337 1758 quod,
373 1720 464 1743 cum
494 1705 728 1755 praecedens
762 1719 860 1755 quae
913 1707 1144 1749 „nocebunt
1185 1709 1333 1744 oratori
1371 1708 1569 1751 destituto,

204 1763 363 1800 nonnisi
391 1764 439 1800 ad
461 1762 607 1799 indicia
627 1761 695 1797 illa
719 1761 858 1797 referri
915 1777 1061 1813 „quam
1101 1764 1321 1799 nocuiffent
1354 1777 1437 1801 non
1473 1779 1567 1815 pto-

206 1822 336 1870 poss‘it,
368 1819 486 1869 paulo
519 1817 785 1867 negligentius
810 1830 856 1853 eo

208 1877 380 1914 deflectit
397 1876 536 1917 oratio.
557 1885 603 1912 ut
621 1875 699 1924 ipsa
721 1873 858 1910 instru-

205 1945 337 1979 menta
359 1933 628 1982 significentur
649 1944 748 1968 voce
770 1944 857 1979 pro-

157 2031 159 2033 *
206 1990 326 2042 miffa.
385 1991 460 2026 Sed
489 1989 587 2039 quid
612 1989 700 2025 sunt
718 1988 858 2024 instru-

205 2058 337 2085 menta
358 2045 563 2096 destituta?
593 2047 699 2094 Quae
721 2058 855 2093 quam·

204 2106 270 2143 vis
309 2107 533 2142 auctoritato
568 2100 743 2152 destituta
774 2101 855 2137 for-

204 2162 295 2199 taffe
322 2162 483 2204 dixeris,
507 2158 575 2197 hic
597 2170 725 2196 tamen
749 2156 857 2208 defli-

206 2221 353 2256 tuentia
369 2219 516 2269 potius,
540 2227 733 2254 oratorem
750 2226 857 2266 puta,

207 2276 368 2312 dicenda
401 2286 520 2316 erant,
560 2287 648 2315 cum
682 2273 857 2323 opposita

206 2332 282 2369 sint
300 2346 377 2368 non
395 2328 593 2382 promiffis.
619 2331 724 2367 Nam
749 2329 857 2379 quod

207 2389 337 2438 posuit
364 2389 578 2438 Gedoynus
615 2400 716 2429 „ear
754 2398 856 2423 vous

206 2445 334 2487 „ferez
380 2444 514 2494 oblige‘
559 2445 858 2481 d'abandonner

206 2514 297 2544 „ces
310 2502 465 2551 pieces‘'
485 2515 565 2538 non
588 2502 666 2537 fine
680 2501 858 2538 acumine

207 2558 370 2608 quidem
401 2557 470 2601 est,
509 2560 574 2595 [ed
604 2572 624 2594 a
653 2558 857 2594 consuetu-

206 2615 298 2651 dine
329 2614 520 2665 loquendi
538 2615 651 2665 plane
672 2614 857 2651 alienum.

206 2673 335 2721 Quare
374 2685 457 2710 nou
495 2673 635 2711 dubito
669 2672 855 2723 [cripfflle

914 1820 1052 1861 „miffa
1075 1820 1113 1855 ei
1139 1833 1158 1854 a
1176 1819 1419 1868 litigatore.“
1442 1822 1568 1871 Quip-

913 1887 964 1926 pe
987 1886 1072 1912 tum
1093 1876 1167 1912 fibi
1188 1876 1346 1913 cavisset
1372 1876 1438 1914 vir
1464 1879 1568 1927 peri-

915 1943 978 1969 tus
1033 1933 1333 1984 remediumque
1395 1933 1565 1973 defectui

914 1988 1134 2028 inveniffet.

976 2108 1037 2149 ¹4·
1073 2103 1237 2153 'propter
1273 2118 1368 2156 quas·
1403 2107 1563 2144 diximus

913 2161 1052 2210 „supra
1079 2168 1125 2205 5,
1174 2174 1246 2203 10,
1282 2170 1360 2197 122
1380 2164 1432 2213 sq.
1460 2164 1561 2202 Add.

912 2218 1025 2260 „Cim
1046 2217 1093 2254 de
1118 2215 1226 2256 Orat.
1254 2227 1292 2259 2,
1322 2225 1419 2265 54.“
1474 2221 1566 2258 Ges-

914 2287 998 2312 ner.

973 2327 1140 2381 instituta
1170 2331 1216 2367 de
1243 2332 1438 2375 moribus,
1469 2345 1563 2377 eou-

915 2387 1208 2427 suetudinibus.
1251 2389 1471 2439 agendique
1501 2403 1563 2426 ra-

915 2444 1092 2482 tionibus
1123 2458 1282 2487 norum,
1328 2447 1431 2482 inter
1461 2459 1562 2496 quos

916 2501 1024 2538 causa
1053 2502 1238 2544 versatur,
1278 2503 1562 2552 accipiendum.

973 2572 1048 2594 non
1071 2567 1215 2594 tantum
1225 2579 1282 2589 -—-
1293 2558 1495 2608 artificiale
1506 2576 1564 2589 --·

913 2616 1022 2666 prob.
1056 2627 1183 2665 genus.
1228 2616 1285 2655 Cf.
1310 2623 1346 2662 5.
1372 2630 1407 2658 1,
1431 2631 1469 2656 ι.
1494 2625 1533 2655 2'.
