1779 3062
226 135 323 191 653
548 129 625 178 Μ.
657 129 796 178 FAB.
827 123 1247 193 QUINTILIANI
1302 172 1311 176 .

223 257 441 325 scripsit,
469 269 572 307 aut
610 259 827 308 Cicero?
867 267 961 306 aut
998 275 1087 307 eos
1128 255 1576 323 praestantiffimos

225 348 459 388 oratores
519 337 624 386 alio
689 351 850 401 quam
910 333 1116 401 [criptis
1172 334 1575 399 cognoscimus?

221 415 427 466 Melius
466 423 691 479 egerunt
730 413 918 478 igitur,
973 430 1039 460 an
1081 413 1267 477 peius?
1331 414 1492 462 ..Nam
1533 411 1576 461 [i

222 495 403 558 pejus,
453 489 526 538 [ic
567 491 748 556 potius
790 491 1029 555 oportuit
1069 489 1208 546 dici‚'
1264 498 1325 537 ut
1361 488 1666 556 scripse-2100

223 578 380 618 runt:
441 565 484 616 si
523 568 744 625 melius,
779 565 851 615 sic
893 568 1131 634 oportuit
1171 565 1355 624 scribi,
1394 576 1456 616 ut
1494 567 1577 617 di-

147 663 196 704 55
225 654 434 696 xerunt.
514 644 661 714 Quid.
700 646 865 709 ergo?
945 647 1162 709 Semper
1199 643 1269 692 fic
1308 654 1426 709 aget
1463 661 1579 693 ora·-

225 734 338 783 tor,
374 731 440 771 nt
474 720 700 771 scribet?
750 723 807 772 Si
843 722 1040 779 licebit,
1078 720 1327 787 semper„
1376 719 1582 789 Quodsi

226 799 526 866 impediant
573 799 849 848 brevitate-
870 802 1188 865 tempora-a·
1217 796 1409 860 judice·
1437 797 1582 856 data,

226 878 465 928 multum
497 893 562 925 ex
604 893 669 926 eo
706 876 857 939 quod.
896 878 1076 944 potuit
1116 876 1249 934 dici,
1288 875 1582 935 recidetu1·;

227 955 396 1004 editio
428 953 644 1002 habebit
673 956 866 1003 omnia·
910 958 1056 1022 Quae
1083 965 1261 1004 autem
1281 953 1580 1002 secundum

227 1042 471 1081 naturam
501 1030 860 1092 judicantium
893 1030 1030 1079 dicta
1061 1029 1211 1089 sunt,
1245 1048 1360 1080 non
1389 1032 1461 1079 ita
1482 1048 1581 1095 po-

229 1108 375 1157 steris
396 1107 689 1165 tradentur,
720 1125 788 1155 ne
808 1108 1096 1157 videantur
1122 1107 1384 1175 propositi
1409 1105 1580 1166 fuiffe,

148 1205 198 1253 56
227 1203 343 1236 non
388 1186 659 1251 temporis.
735 1185 882 1233 Nam·
916 1185 975 1233 id
1019 1202 1238 1250 quoque
1278 1186 1580 1250 plurimum

226 1261 415 1321 refert,
453 1259 734 1327 quomodo
770 1261 958 1332 audire
988 1262 1152 1324 judex
1182 1263 1341 1312 velit:
1423 1273 1583 1328 atque

194 1460 201 1468 ,
226 1442 326 1467 voce
353 1428 429 1472 vel)
459 1440 533 1478 pro
565 1426 662 1464 male
688 1427 799 1463 affert
827 1427 972 1470 vellem,
1005 1442 1087 1465 non
1122 1428 1362 1478 obloquente
1391 1429 1434 1464 in
1462 1427 1580 1464 colla·

224 1487 335 1523 tione
358 1485 507 1520 codicis
531 1483 659 1534 Spald.
679 1499 729 1520 an
745 1481 1025 1532 Demosthenem
1047 1488 1143 1522 male
1159 1508 1205 1514 —
1222 1483 1432 1521 Ciceronem
1447 1487 1581 1534 Camp.

227 1558 277 1580 an
307 1539 587 1589 Demosthenem
617 1555 663 1576 m.
690 1541 724 1590 s.
759 1540 1162 1589 egsse—Ci‹·erone11z
1193 1542 1322 1578 Guelf.
1351 1544 1445 1578 Exc.
1473 1545 1578 1578 Sant.

227 1613 278 1635 an
305 1595 583 1646 Demosthenem
615 1597 727 1633 malle
749 1596 805 1644 sit
833 1596 1019 1646 eg·{ffe-—
1042 1602 1253 1636 Ciceronem
1290 1600 1387 1636 Jens.
1420 1610 1458 1634 et
1489 1599 1579 1643 (sed

227 1665 409 1691 correcto
430 1652 488 1702 sic
518 1666 591 1702 pro
615 1652 687 1702 sit)
718 1652 811 1702 post.
844 1664 930 1688 ante
956 1655 1044 1690 Ald.
1095 1670 1145 1691 an
1174 1651 1454 1701 Demosthenem
1485 1655 1578 1690 mal·

228 1712 303 1746 lem
326 1710 383 1759 sic
414 1709 815 1760 egsse—Ciceronenz
846 1708 945 1747 Van.
974 1711 1062 1747 Ald.
1094 1722 1132 1747 et
1153 1711 1301 1759 reliqui
1319 1712 1401 1746 mei
1421 1725 1577 1747 omnes:

231 1768 279 1803 de
313 1766 398 1802 aliis
427 1767 474 1801 cf.
504 1766 615 1801 Gesn.
910 1767 988 1802 alia
1027 1783 1099 1817 qua
1134 1768 1269 1803 Turic.
1308 1768 1413 1803 Flor.
1443 1770 1579 1817 Camp-

231 1824 310 1860 alia
341 1835 451 1869 quam
483 1822 613 1858 Guelf.
644 1823 742 1858 Exc.
773 1824 877 1860 Sant.
911 1824 1009 1861 Jens.
1043 1827 1133 1870 (tac.
1160 1824 1292 1870 Gesn.)
1322 1825 1472 1873 etpost.
1491 1835 1580 1861 ante

231 1878 384 1928 Gryph.
418 1892 499 1915 exc.
531 1877 620 1914 Ald.
854 1890 1051 1927 egeruntur
1082 1883 1197 1929 igitur
1216 1879 1320 1917 Flor.
1343 1881 1477 1930 Camp.
1541 1880 1581 1929 si

230 1947 318 1972 ante
345 1938 452 1984 pejus
483 1949 560 1971 om.
595 1936 723 1973 Guelf.
755 1940 881 1986 potius
913 1947 999 1972 ante
1029 1936 1194 1973 alterum
1224 1950 1384 1987 quoque
1414 1941 1579 1988 oportuit

229 1993 404 2028 inserunt
433 1993 567 2028 Turio.
598 1993 702 2029 Flor.

345 2056 409 2093 55.
433 2047 585 2098 scribet.
612 2050 676 2084 Sic
705 2050 838 2085 Turio.
867 2049 971 2086 Flor.
1005 2053 1138 2101 Camp.
1173 2063 1206 2087 c.
1233 2050 1353 2087 Goth.
1386 2052 1578 2099 probante

227 2106 340 2143 Gesn.
380 2104 558 2155 scriberet
595 2105 722 2141 Guelf.
759 2105 893 2155 scribit
920 2109 1081 2158 reliqui.
1308 2107 1455 2157 semper·
1484 2124 1578 2159 quae

226 2164 382 2212 pediam
411 2162 545 2198 Turio.
575 2161 678 2198 Flor.
732 2162 765 2211 s
796 2178 892 2212 quae
921 2166 1011 2214 imp.
1043 2163 1172 2200 Guelfi
1394 2178 1436 2198 ac
1449 2166 1575 2210 judice

227 2219 334 2255 Flor.
397 2219 604 2254 reciderunt
637 2219 771 2255 Tui-ic.
798 2220 903 2256 Flor.
937 2221 1067 2257 Guelf.
1105 2221 1201 2256 Exc.
1235 2220 1337 2256 Sant.
1371 2221 1503 2270 Camp.
1537 2233 1576 2258 et

229 2275 316 2311 edd.
352 2286 438 2311 ante
457 2276 549 2312 Bad.
582 2287 671 2310 cum
701 2276 783 2324 ipso
813 2276 900 2312 Ald.
935 2278 998 2313 sed
1027 2278 1092 2313 hic
1121 2276 1243 2312 modo
1273 2277 1510 2328 ιηιιίιιιηιᾳιιε,
1532 2290 1577 2315 ut

227 2331 395 2368 verbum
427 2332 594 2381 pendeat
621 2332 668 2368 ab
699 2332 772 2367 isso
805 2341 996 2382 tempora.-
1041 2332 1154 2369 male.
1390 2336 1578 2385 quaedam

219 2387 423 2437 secundum
463 2389 598 2425 Turio.
640 2388 745 2425 Flor.
784 2389 912 2426 Guelf.
952 2392 1049 2428 Exc.
1089 2392 1191 2427 Sant.
1230 2391 1363 2440 Camp.
1405 2405 1436 2427 c.
1471 2391 1574 2437 Alm‚

223 2445 299 2480 dici
319 2444 413 2495 sunt:
442 2446 575 2482 Turio.
605 2444 711 2482 Flor-

340 2502 405 2546 56.
463 2502 594 2538 audire
624 2503 755 2550 judex.
813 2504 877 2540 Sic
906 2503 1040 2554 scripti
1072 2516 1206 2539 omncs
1238 2514 1276 2540 ot
1307 2505 1441 2556 Camp.
1471 2505 1570 2556 Jens,

219 2556 249 2602 ἰ.
281 2574 317 2595 α.
356 2557 514 2607 reliqui.
795 2561 906 2597 velud
944 2561 1077 2599 Turio.
1115 2562 1220 2598 klor.
1459 2557 1462 2560 “

275 2687 341 2724 55.
372 2680 569 2732 propositi.
606 2683 777 2729 vida»,
803 2698 836 2726 ι,
864 2692 929 2731 42.
