1779 3062
295 135 317 166 1
330 133 390 176 50
599 120 674 166 M.
723 121 859 167 ΕΑΒ.
909 122 1328 183 QUINTILIANI

220 266 270 293 21
295 246 398 297 Sed
418 263 486 296 ne
508 247 601 295 ille
625 245 843 311 quidem
867 247 1077 306 doctor,
1119 265 1426 313 quanquam
1450 251 1649 308 omnia,

292 342 429 390 quae
456 334 596 372 recta
626 323 765 383 sunt,
806 326 937 374 velit
968 324 1064 373 effe
1089 326 1143 372 in
1175 324 1281 374 suis
1315 326 1651 376 auditoribus
1713 385 1721 396 „

292 419 455 467 quam
486 400 796 467 pleniffima,
835 403 894 450 in
926 420 990 452 eo
1031 413 1235 460 tamen,
1283 404 1368 450 cui
1406 396 1652 452 naturam
1716 404 1719 408 ’

295 477 498 528 obstare
532 478 744 536 viderit,
784 480 1056 528 laborabit.
1137 479 1198 526 Id
1225 497 1443 544 quoque
1475 482 1650 529 vitan-

297 556 447 613 dum,
487 556 546 604 in
570 572 679 621 quo
702 572 889 621 magna
912 574 1029 622 pars
1052 566 1201 613 errat,
1232 573 1300 604 ne
1327 559 1385 604 in
1409 559 1649 606 oratione

295 637 475 699 poetas
502 634 658 682 nobis
692 643 743 680 et
784 632 1089 691 historicos,
1150 634 1208 680 in
1243 634 1350 682 illis
1397 634 1650 698 operibus

298 721 529 760 oratores
555 720 645 758 aut
667 709 1043 759 declamatores
1073 709 1359 760 imitandos
1383 721 1649 775 putemus.

222 802 274 828 22
298 790 402 836 Sua
434 789 630 852 cuique
660 787 927 854 proposita
963 789 1072 845 lex,
1107 786 1233 836 suus
1269 789 1464 851 cuique
1489 787 1650 837 decor

294 863 382 913 est.
460 866 606 913 Nam
640 863 916 913 comoedia
959 883 1070 914 nou
1109 865 1387 914 cothurnis
1421 862 1649 930 ass'urgit,

294 958 395 990 :nec
456 952 638 991 contra
707 941 975 1006 tragoedia
1050 940 1265 992 [occulo
1330 942 1646 1007 ingreditur.

384 1119 451 1145 21.
486 1118 620 1151 tamen,
643 1111 710 1145 cui.
743 1110 874 1146 Turic.
902 1110 1035 1145 inserit
1055 1110 1104 1144 hi.
1137 1109 1305 1148 Volebat
1327 1111 1504 1159 profecto
1518 1109 1569 1158 si.

380 1175 490 1201 errat.
523 1168 654 1214 Camp.
687 1175 767 1201 erat
796 1180 885 1201 cum
908 1167 1012 1203 Voff.
1037 1176 1074 1210 3.
1315 1168 1401 1202 illis.
1425 1167 1488 1202 Sic.
1510 1168 1644 1203 Turio.

294 1222 399 1259 flor.
424 1222 551 1258 Guelf.
582 1236 670 1258 cum
701 1222 804 1258 Alm.
837 1224 940 1259 Voss'.
970 1237 1003 1257 1.
1029 1234 1065 1258 2.
1094 1221 1213 1257 Goth.
1248 1233 1285 1258 et
1314 1223 1398 1258 edd.
1430 1223 1513 1270 post
1545 1224 1645 1260 Jens.

295 1290 381 1314 ante
412 1278 561 1327 Gryph.
597 1293 677 1315 exc.
700 1279 793 1314 Bad.
826 1280 894 1327 qui
914 1280 956 1313 in
979 1280 1153 1327 margine
1181 1278 1365 1314 nostrum.
1398 1279 1485 1313 ullis
1513 1279 1648 1314 Turio.

294 1349 313 1370 a
333 1336 401 1370 sec.
422 1348 553 1375 manu,
587 1347 623 1371 et
652 1335 700 1370 sic
719 1335 833 1372 Bodl.
874 1336 986 1370 nullis
1011 1337 1143 1383 Carnp.
1167 1334 1328 1383 Reliqui
1359 1336 1520 1376 illorum,
1553 1348 1645 1384 ope-

293 1393 376 1427 rosa
399 1392 564 1440 quadam
585 1389 766 1440 ἀκριβείᾳ,
799 1392 1092 1428 commendante
1112 1391 1248 1427 Badio.

379 1457 444 1482 22.
475 1449 550 1484 Sua
580 1452 706 1497 cuique
733 1448 938 1498 proposita.
967 1449 1101 1485 Turio.
1135 1450 1172 1492 (a
1195 1461 1252 1496 pr.
1275 1450 1348 1493 m.)
1379 1457 1443 1483 tua
1474 1449 1645 1498 cujusque

291 1503 498 1554 proposita
533 1507 647 1540 Bern.
671 1505 704 1554 s.
730 1519 758 1540 c.
779 1505 987 1554 propositiO
1010 1519 1098 1540 cum
1119 1505 1224 1542 Voss'.
1248 1515 1283 1549 5.
1309 1506 1379 1554 qui
1400 1516 1437 1540 et
1456 1505 1563 1540 addit
1582 1502 1644 1554 est.

368 1556 459 1610 suus
479 1564 616 1609 cuique.
649 1563 781 1597 Turio.
805 1561 908 1597 Flor.
935 1566 972 1605 (a
993 1575 1051 1609 pr.
1073 1574 1124 1596 m.
1151 1563 1334 1609 uterque)
1344 1560 1423 1610 suis
1443 1575 1470 1596 c.

377 1618 490 1653 Nam.
533 1618 595 1653 Sic
627 1618 760 1654 Turic.
791 1619 924 1667 Camp.
965 1631 1052 1653 cum
1085 1617 1202 1652 Andr.
1240 1632 1336 1665 quae
1377 1629 1503 1652 tamen
1538 1618 1646 1654 addit

289 1687 414 1723 neque.
446 1673 607 1722 Reliqui
639 1674 729 1709 Nec.
976 1674 1176 1710 comoedia.
1211 1675 1342 1709 Turio.
1377 1674 1481 1711 flor.
1513 1676 1551 1720 (a
1581 1689 1642 1724 pr.

288 1743 408 1766 manu
433 1733 617 1778 uterque)
647 1731 874 1766 comoediae.
907 1731 1012 1778 Quid
1042 1730 1167 1770 lateat,
1197 1744 1277 1765 non
1308 1741 1467 1778 exputO.

376 1801 464 1823 non.
479 1788 567 1822 Hoc
589 1787 767 1822 dedimus
789 1801 807 1822 e
830 1789 1053 1834 conjectura
1074 1799 1146 1835 pro
1169 1786 1363 1821 librorum
1388 1788 1565 1822 omnium
1589 1790 1640 1825 in.

377 1844 574 1879 cothurnis,
606 1844 667 1878 Sic
697 1844 830 1879 Turio.
850 1844 955 1879 Flor.
985 1843 1067 1888 (hic
1092 1856 1110 1876 a
1132 1856 1190 1891 pr.
1211 1842 1282 1889 m.)
1317 1845 1449 1891 Camp.
1479 1845 1640 1894 Reliqui

289 1902 498 1938 cothurnos.
721 1913 795 1935 nee.
817 1901 950 1936 Turic.
974 1903 1011 1943 (a
1036 1901 1102 1934 see.
1127 1901 1198 1942 m.)
1223 1901 1355 1948 Camp.
1380 1901 1579 1937 omittunt.

314 1965 316 1968 ’
365 1956 529 2006 soeculo.
578 1956 641 1991 Sic
673 1957 806 1991 Turio.
839 1957 1079 2005 (quanquam
1111 1957 1326 2004 tragoedias
1357 1956 1505 2005 occulo)
1549 1972 1638 1995 cum

288 2014 410 2054 Obr.,
469 2026 486 2046 a
516 2013 585 2048 sec.
620 2026 739 2047 manu
764 2012 925 2061 sacculo.
977 2015 1112 2061 Camp.
1152 2012 1275 2060 sacco.
1318 2013 1479 2062 Reliqui
1510 2013 1633 2063 socco,

283 2071 456 2119 Apparet
485 2068 561 2105 hoc
589 2070 757 2104 maxime
789 2069 902 2110 loco,
951 2071 1046 2105 sicut
1079 2079 1115 2103 et
1147 2073 1179 2116 ᾗ.
1203 2081 1267 2104 20.
1291 2080 1327 2104 et
1351 2071 1424 2110 102
1462 2085 1504 2111 1,
1544 2083 1634 2115 107.

287 2139 350 2167 ιο,
383 2136 420 2169 5,
456 2137 490 2173 9.
522 2127 886 2174 Argentoratensem
908 2125 1099 2161 Obrechti
1121 2125 1295 2160 codicem
1318 2125 1459 2162 habere
1482 2127 1633 2176 aliquid

282 2183 502 2218 Turicenfis
523 2193 558 2218 et
571 2181 818 2218 Florentium
841 2182 1092 2218 auctoritatis.
1116 2181 1291 2231 cf.p1·aef.
1305 2182 1468 2232 nosu·.p.
1485 2191 1547 2227 52,
1563 2185 1630 2222 61.

272 2318 382 2354 illam
405 2319 573 2355 tollendi
608 2317 817 2358 audaciam,
850 2316 921 2365 qui
1036 2328 1100 2353 22.
1133 2318 1251 2353 decor.
1301 2319 1349 2355 cf.
1377 2332 1448 2361 10,
1487 2332 1526 2360 1,
1559 2331 1626 2366 71.

271 2376 392 2412 verba
421 2373 648 2416 „difficilius
669 2395 724 2402 --
747 2373 919 2422 fingere“
973 2374 1069 2409 item
1091 2375 1156 2409 hic
1176 2378 1209 2422 ᾗ.
1236 2386 1302 2420 27.

269 2432 544 2480 p1ofcribenda
612 2433 745 2467 censet.
833 2431 918 2466 Neo
1031 2432 1130 2466 Nam
1164 2433 1365 2470 comoedia.
1425 2435 1511 2474 „Ex
1540 2435 1625 2471 Ho-

267 2499 395 2523 tamen
427 2500 527 2524 recte
567 2489 785 2536 junguntur
821 2487 916 2522 haec
973 2489 1092 2528 „ratii
1140 2499 1218 2523 arte
1252 2491 1424 2537 ‘poetica
1476 2491 1622 2528 sumtus

261 2545 581 2592 praecedentibus
643 2557 713 2593 per
774 2556 915 2580 vocem
973 2545 1052 2584 „est
1094 2544 1160 2579 hic
1219 2546 1343 2582 sensus
1392 2547 1620 2583 sc1·ibcntis“

259 2600 403 2648 Atque,
439 2613 491 2636 .et
516 2602 685 2650 suspicor
721 2614 912 2649 reponen-
971 2604 1027 2645 (v,
1053 2601 1270 2649 39—92.)
1318 2603 1522 2643 „Verfibus
1554 2618 1618 2639 ex-

259 2656 352 2691 dum
374 2659 488 2707 atqui.
967 2657 1093 2705 „poni
1116 2658 1270 2706 tragicis
1290 2672 1350 2694 res
1369 2660 1514 2696 comica
1537 2673 1617 2697 non
