1779 3062
209 179 310 229 434
533 169 609 216 M.
641 169 775 215 FAB.
813 169 1231 242 QURINTILIANI

210 313 310 364 pro
335 295 483 344 virili
505 306 649 361 parte
673 293 914 346 conferre
942 295 1147 362 aliquid
1173 295 1239 344 ad
1251 293 1556 346 facultatem

213 373 430 423 dicendi
460 375 635 422 conati
662 371 859 430 sumus,
898 371 1112 438 pessime
1154 389 1453 422 mereamur
1487 372 1555 421 de

213 451 372 500 rebus
411 449 685 507 humanis,
723 448 766 497 si
803 451 1003 498 latroni
1044 466 1406 515 comparamus
1427 449 1556 498 haec

216 545 381 584 arma,
433 544 547 575 non
587 528 761 575 militi.
839 526 983 596 Quid
1024 526 1089 575 de
1130 526 1286 575 nobis
1325 526 1556 589 loquor?

211 608 415 654 Rerum
455 602 564 669 ipsa
590 614 776 660 natura
797 605 856 653 in
880 621 963 662 eo,
998 602 1148 668 quod
1170 602 1454 669 praecipue
1474 604 1558 651 in-

209 750 255 785 hi
289 747 369 798 ipsa
399 759 436 784 et
455 748 645 784 continuo
669 748 777 796 quae)
809 746 943 782 Ambr.
970 757 1006 782 2.
1031 745 1160 782 Guelf.
1182 747 1276 781 Exc.
1301 746 1402 780 sant.
1425 744 1559 794 Camp.

214 819 303 841 cum
346 805 463 840 Goth.
497 805 600 842 Voff.
635 817 668 840 1.
705 817 740 840 2.
773 813 809 848 3.
851 814 887 838 et
920 803 1005 839 edd.
1038 814 1123 838 ante
1153 801 1302 851 Gryph.
1363 802 1426 836 Ex
1455 799 1561 838 Alm.

214 875 282 898 nos
313 875 464 910 quoque
488 863 511 895 i.
541 860 686 909 reliqui
708 860 778 909 sed
807 873 873 895 nos
906 873 1048 908 quoque
1079 858 1373 906 1‘.Praepostera
1394 857 1560 896 ratione.

214 932 290 968 qua
329 919 439 953 suum
479 917 661 951 damnum
692 917 816 972 majus
849 915 1094 964 eloquentiae
1124 915 1381 950 incommodo
1411 913 1561 961 fignifi-

213 986 295 1016 cet,
351 985 387 1011 et
425 986 522 1009 mox
563 984 690 1009 tamen
731 987 750 1008 a
787 974 849 1008 sua
878 973 1056 1021 persona,
1088 986 1155 1021 pei
1187 972 1355 1019 figuram
1388 969 1560 1017 aliquam

211 1031 441 1071 modestiae,
488 1029 532 1064 ad
574 1041 750 1065 natuJarn
788 1030 905 1078 ipsam
951 1030 1116 1065 recedat.
1174 1028 1310 1065 Nimia
1340 1027 1412 1062 sibi
1440 1024 1560 1061 licele

212 1098 318 1124 ratus
350 1087 417 1128 est,
457 1087 527 1134 qui
558 1086 650 1121 haec
679 1087 870 1126 mutavit,
914 1096 956 1120 ut
976 1085 1045 1135 sed
1085 1098 1226 1133 quoque
1256 1083 1464 1120 undeunde
1495 1095 1559 1117 ex-

212 1144 403 1180 tunderet.
464 1145 508 1178 In
539 1153 685 1177 mutata
717 1154 845 1177 autem
877 1155 936 1182 ea,
986 1155 1083 1189 quae
1114 1141 1239 1175 adhuc
1270 1140 1444 1175 obtinuit
1473 1138 1560 1174 scri-

211 1211 326 1248 ptura
355 1200 397 1233 id
431 1211 589 1247 quoque
620 1198 860 1237 notandum,
917 1198 1023 1244 quod
1052 1195 1161 1232 nulla
1194 1196 1243 1231 est
1275 1196 1471 1231 diversitas
1503 1208 1562 1230 ea-

537 1267 634 1301 quae
675 1267 744 1302 per
785 1267 859 1288 non
894 1261 1037 1287 tantum
1066 1263 1103 1288 et
1127 1251 1410 1300 secl—quoque
1439 1264 1563 1299 oppo-

211 1323 361 1346 nuntur
393 1311 581 1346 invicem.
641 1323 709 1356 pro
742 1311 808 1344 uili
840 1311 907 1344 uili
938 1319 1046 1356 parte
1076 1308 1207 1344 Tua-ic.
1237 1321 1304 1356 pro
1336 1308 1404 1342 uili
1429 1310 1502 1342 ucri
1520 1322 1559 1356 p.

211 1358 316 1403 flor.
600 1379 869 1413 comparamus.
933 1366 996 1400 Sic
1038 1365 1171 1401 Turic.
1210 1362 1315 1400 Flor.
1354 1363 1489 1400 Ambr.
1522 1373 1559 1398 2.

212 1424 341 1459 Guelf.
378 1424 512 1470 Camp.
549 1435 799 1470 comparemus
829 1422 988 1469 reliqui.
1021 1436 1096 1457 non
1128 1421 1234 1456 multi
1258 1422 1372 1456 Bern.
1396 1420 1564 1457 viciffim

211 1493 307 1516 mox
339 1480 370 1523 §-
405 1480 440 1515 6.
477 1480 638 1514 militum
668 1492 741 1526 pro
778 1480 930 1514 multum
964 1480 1095 1526 Camp.

299 1546 337 1572 2.
383 1537 529 1586 quidem
564 1536 610 1569 de
638 1537 753 1571 Bern.
787 1536 918 1585 loquar
947 1535 1052 1570 Flor.
1087 1535 1185 1582 quod
1213 1536 1412 1583 praecipue
1433 1552 1490 1562 ——
1511 1535 1564 1570 υἱ·

211 1269 300 1290 rum
333 1269 464 1290 ferun]
483 1280 493 1294 ‚

212 1651 329 1686 quam
350 1637 418 1671 hic
432 1647 640 1685 comparet.
702 1638 859 1671 Senten-
917 1635 984 1671 bet
1013 1636 1095 1670 sane
1129 1636 1173 1670 Id
1209 1635 1378 1684 aliquam
1401 1635 1563 1671 structu-

212 1696 263 1729 tia
285 1707 329 1728 eo
351 1693 473 1732 iedit,
506 1706 587 1727 nou
608 1703 757 1728 tantum
780 1691 859 1727 elo-

212 1750 411 1807 quentiam
436 1762 670 1795 omnemque
695 1750 776 1794 ejus
794 1762 858 1783 au-

211 1794 371 1851 gend-ie
379 1816 415 1840 et
447 1805 719 1853 provehendae
751 1803 858 1839 labo-

211 1875 249 1896 1(
247 1876 296 1896 m
328 1863 368 1895 in
403 1861 586 1895 damnum
621 1861 754 1895 cedere
786 1860 858 1894 hu-

212 1919 319 1953 mani
332 1918 496 1966 generis,
513 1918 540 1951 si
553 1917 632 1951 viri
650 1916 744 1951 mali
760 1917 857 1951 fiant

212 1985 384 2009 oratores
399 1987 408 2015 ;
441 1974 501 2008 sed
516 1974 624 2008 vocis
638 1974 755 2020 ipsius
769 1987 856 2007 mu-

213 2044 284 2066 nus
308 2045 326 2064 a
354 2041 488 2066 natura
511 2030 741 2065 hominibus
765 2042 856 2082 qon-

211 2087 353 2121 ccffum
374 2087 423 2121 sic
444 2086 622 2121 converti
648 2086 691 2120 in
717 2099 856 2121 eorun-

211 2144 298 2177 dem
346 2143 561 2191 perniciem
600 2152 637 2176 et
674 2155 852 2190 poenam.

212 2200 363 2234 Gradus
388 2199 437 2233 est
457 2199 503 2234 ab
526 2209 605 2233 arte
624 2208 786 2233 nocente
810 2197 856 2232 ad

210 2267 385 2290 naturam
404 2258 624 2290 novercam.
659 2256 756 2294 Jam,
781 2267 854 2302 pro

212 2311 283 2346 illo
336 2311 443 2360 quod
494 2311 763 2359 expectabatur
786 2309 855 2358 sed

212 2370 334 2407 etiam,
366 2381 508 2415 magno
533 2381 621 2402 cum
635 2367 773 2411 affectu
793 2367 854 2400 111-

213 2424 383 2470 terjecit:

211 2483 331 2527 quor?
388 2479 595 2528 Eleganter
634 2490 762 2514 autem
800 2481 853 2512 in-

202 2533 380 2582 struxerit
409 2536 557 2571 dictum
588 2535 636 2570 est
668 2535 773 2584 quasi
794 2549 852 2570 ar·

211 2594 387 2633 meaverit,
416 2593 478 2627 sed
505 2591 654 2631 levius,
693 2602 737 2626 ut
766 2591 851 2640 pos-

449 2425 549 2475 Quid
585 2424 630 2458 de
662 2422 768 2457 nobis
799 2423 865 2475 los

917 1706 980 1727 rae
1012 1691 1269 1732 insolentiam,
1297 1706 1372 1739 qua
1392 1702 1434 1726 ut
1458 1691 1561 1727 leva·

917 1760 1065 1788 rentur,
1095 1747 1247 1796 aliquot
1278 1748 1445 1783 editores
1467 1748 1564 1783 omi·

917 1805 1057 1843 serunt,
1078 1804 1160 1839 satis
1179 1804 1319 1839 leviter
1337 1803 1411 1838 illi.
1443 1805 1564 1851 Equi-

917 1860 1003 1894 den]
1019 1873 1236 1907 Pl'OUOlYlen
1248 1860 1375 1895 1‘efe1'O
1395 1859 1442 1894 ad
1453 1874 1558 1909 prae·
1617 1877 1625 1884 ⁰

915 1926 1070 1964 ceptum
1100 1917 1221 1953 modo
1249 1917 1405 1955 datum,
1435 1927 1480 1952 ut
1502 1918 1559 1951 vir

914 1973 1031 2007 bonus
1064 1973 1108 2008 [it
1145 1983 1299 2013 orator,
1338 1985 1408 2008 nec
1443 1973 1558 2021 quid-

914 2042 1031 2076 quam
1087 2028 1268 2076 intelligo
1322 2028 1395 2064 nisi
1454 2028 1558 2064 illud

913 2085 1036 2133 ipsum
1052 2085 1120 2134 sit,
1135 2084 1424 2120 nominativum
1438 2098 1557 2133 agno·

912 2142 1016 2176 scens
1058 2142 1101 2175 iu
1130 2140 1324 2176 vocabulo
1357 2142 1423 2182 Id,
1476 2154 1558 2178 non

915 2197 1182 2237 accusativum,
1208 2197 1312 2244 quasi
1329 2196 1557 2233 subaudien-

915 2254 965 2288 do
985 2255 1185 2300 praecipio,
1217 2254 1318 2292 «lico,
1352 2265 1448 2301 quae
1475 2253 1556 2288 for-

915 2310 1000 2344 tass'e
1019 2308 1161 2356 aliquis
1185 2310 1336 2357 probet.
1375 2309 1448 2344 Sed
1468 2310 1556 2344 fim-

911 2365 1114 2413 plicissima
1162 2366 1262 2400 ratio
1312 2366 1378 2405 est,
1430 2376 1472 2401 ut
1500 2365 1556 2401 ita

911 2422 1004 2456 haec
1028 2421 1236 2468 cogitando
1271 2422 1558 2457 continuaverit

911 2478 1058 2512 noster:
1092 2478 1183 2518 „vir
1203 2478 1329 2514 bonus
1348 2479 1394 2513 fit
1412 2489 1556 2518 orator,

909 2534 1061 2582 „sitque
1091 2534 1132 2569 id
1158 2535 1202 2578 (1.
1227 2534 1333 2583 talis)
1363 2548 1443 2570 non
1462 2546 1554 2582 pro·

907 2601 1065 2638 „pterea
1087 2589 1222 2631 [olum.
1244 2591 1334 2628 [ed·‘
1353 2601 1424 2627 cet.
1440 2589 1551 2634 [vid.

206 2647 258 2682 set
288 2661 381 2682 mox
412 2649 608 2696 insurgere
643 2648 780 2687 oratio(
800 2648 849 2681 iis
906 2646 1024 2689 Add.]

206 2715 302 2751 quae
322 2715 588 2742 memorantur
610 2706 733 2741 armis.
768 2705 846 2739 Ha-
