<?xml version="1.0" encoding="UTF-8"?>
<!DOCTYPE html PUBLIC "-//W3C//DTD XHTML 1.0 Transitional//EN"
    "http://www.w3.org/TR/xhtml1/DTD/xhtml1-transitional.dtd">
<html xmlns="http://www.w3.org/1999/xhtml" xml:lang="en" lang="en">
 <head>
  <title>
</title>
<meta http-equiv="Content-Type" content="text/html;charset=utf-8" />
  <meta name='ocr-system' content='tesseract 3.04.00' />
  <meta name='ocr-capabilities' content='ocr_page ocr_carea ocr_par ocr_line ocrx_word'/>
</head>
<body>
  <div class='ocr_page' id='page_1' title='image "./deinstitutioneor04quinuoft_0181.png"; bbox 0 0 1779 3062; ppageno 0'>
   <div class='ocr_carea' id='block_1_1' title="bbox 411 175 1509 236">
    <p class='ocr_par' dir='ltr' id='par_1_1' title="bbox 411 175 1509 236">
     <span class='ocr_line' id='line_1_1' title="bbox 411 175 1509 236; baseline 0.005 -16"><span class='ocrx_word' id='word_1_1' title='bbox 411 176 578 231; x_wconf 79' lang='lat' dir='ltr'><strong>INST.</strong></span> <span class='ocrx_word' id='word_1_2' title='bbox 614 175 896 227; x_wconf 79' lang='lat' dir='ltr'><strong>ORATOR.</strong></span> <span class='ocrx_word' id='word_1_3' title='bbox 932 180 1053 225; x_wconf 77' lang='lat' dir='ltr'>Lm.</span> <span class='ocrx_word' id='word_1_4' title='bbox 1090 181 1161 236; x_wconf 87' lang='lat' dir='ltr'>x,</span> <span class='ocrx_word' id='word_1_5' title='bbox 1201 191 1245 234; x_wconf 80' lang='lat'>3.</span> <span class='ocrx_word' id='word_1_6' title='bbox 1415 190 1509 235; x_wconf 84' lang='lat'>155</span> 
     </span>
    </p>
   </div>
   <div class='ocr_carea' id='block_1_2' title="bbox 149 301 1510 449">
    <p class='ocr_par' dir='ltr' id='par_1_2' title="bbox 149 301 1510 449">
     <span class='ocr_line' id='line_1_2' title="bbox 149 301 1510 371; baseline 0.002 -18"><span class='ocrx_word' id='word_1_7' title='bbox 149 320 397 371; x_wconf 83' lang='lat' dir='ltr'>quaeque</span> <span class='ocrx_word' id='word_1_8' title='bbox 430 301 638 351; x_wconf 78' lang='lat' dir='ltr'>Persius</span> <span class='ocrx_word' id='word_1_9' title='bbox 670 311 849 360; x_wconf 86' lang='lat' dir='ltr'>notat,</span> <span class='ocrx_word' id='word_1_10' title='bbox 907 320 1031 352; x_wconf 88' lang='lat' dir='ltr'>cum</span> <span class='ocrx_word' id='word_1_11' title='bbox 1071 304 1263 354; x_wconf 83' lang='lat' dir='ltr'>leviter</span> <span class='ocrx_word' id='word_1_12' title='bbox 1295 305 1510 356; x_wconf 86' lang='lat' dir='ltr'>dicendi</span> 
     </span>
     <span class='ocr_line' id='line_1_3' title="bbox 149 379 631 449; baseline -0.008 -18"><span class='ocrx_word' id='word_1_13' title='bbox 149 398 317 449; x_wconf 83' lang='lat' dir='ltr'>genus</span> <span class='ocrx_word' id='word_1_14' title='bbox 352 379 631 446; x_wconf 80' lang='lat' dir='ltr'>significat,</span> 
     </span>
    </p>
   </div>
   <div class='ocr_carea' id='block_1_3' title="bbox 269 507 1511 632">
    <p class='ocr_par' dir='ltr' id='par_1_3' title="bbox 269 507 1511 632">
     <span class='ocr_line' id='line_1_4' title="bbox 269 507 1511 574; baseline 0.004 -23"><span class='ocrx_word' id='word_1_15' title='bbox 269 512 368 552; x_wconf 82' lang='lat' dir='ltr'>Nec</span> <span class='ocrx_word' id='word_1_16' title='bbox 396 511 618 564; x_wconf 79' lang='lat' dir='ltr'>pluteum,</span> <span class='ocrx_word' id='word_1_17' title='bbox 648 507 816 564; x_wconf 84' lang='lat' dir='ltr'>inquit,</span> <span class='ocrx_word' id='word_1_18' title='bbox 846 507 1015 559; x_wconf 77' lang='lat' dir='ltr'>caedit,</span> <span class='ocrx_word' id='word_1_19' title='bbox 1045 523 1122 548; x_wconf 87' lang='lat' dir='ltr'>nec</span> <span class='ocrx_word' id='word_1_20' title='bbox 1143 510 1366 573; x_wconf 84' lang='lat' dir='ltr'><em>demorsos</em></span> <span class='ocrx_word' id='word_1_21' title='bbox 1380 509 1511 574; x_wconf 71' lang='lat' dir='ltr'>sapit</span> 
     </span>
     <span class='ocr_line' id='line_1_5' title="bbox 431 593 621 632; baseline -0.005 -12"><span class='ocrx_word' id='word_1_22' title='bbox 431 593 621 632; x_wconf 82' lang='lat' dir='ltr'>ungues;</span> 
     </span>
    </p>
   </div>
   <div class='ocr_carea' id='block_1_4' title="bbox 152 692 1509 920">
    <p class='ocr_par' dir='ltr' id='par_1_4' title="bbox 152 692 1509 920">
     <span class='ocr_line' id='line_1_6' title="bbox 153 692 1505 753; baseline 0.004 -8"><span class='ocrx_word' id='word_1_23' title='bbox 153 697 311 745; x_wconf 81' lang='lat' dir='ltr'>etiam</span> <span class='ocrx_word' id='word_1_24' title='bbox 354 696 582 745; x_wconf 82' lang='lat' dir='ltr'>ridicula</span> <span class='ocrx_word' id='word_1_25' title='bbox 626 694 772 753; x_wconf 83' lang='lat' dir='ltr'>sunt,</span> <span class='ocrx_word' id='word_1_26' title='bbox 845 692 948 742; x_wconf 80' lang='lat' dir='ltr'>nisi</span> <span class='ocrx_word' id='word_1_27' title='bbox 1003 711 1127 744; x_wconf 86' lang='lat' dir='ltr'>cum</span> <span class='ocrx_word' id='word_1_28' title='bbox 1169 694 1270 745; x_wconf 83' lang='lat' dir='ltr'>soli</span> <span class='ocrx_word' id='word_1_29' title='bbox 1310 697 1505 750; x_wconf 82' lang='lat' dir='ltr'>fumus.</span> 
     </span>
     <span class='ocr_line' id='line_1_7' title="bbox 152 771 1508 839; baseline 0.001 -16"><span class='ocrx_word' id='word_1_30' title='bbox 152 775 405 839; x_wconf 87' lang='lat' dir='ltr'>Denique</span> <span class='ocrx_word' id='word_1_31' title='bbox 438 784 502 823; x_wconf 84' lang='lat' dir='ltr'>ut</span> <span class='ocrx_word' id='word_1_32' title='bbox 534 772 723 831; x_wconf 81' lang='lat' dir='ltr'>semel,</span> <span class='ocrx_word' id='word_1_33' title='bbox 791 771 942 835; x_wconf 84' lang='lat' dir='ltr'>quod</span> <span class='ocrx_word' id='word_1_34' title='bbox 973 771 1045 819; x_wconf 83' lang='lat' dir='ltr'>est</span> <span class='ocrx_word' id='word_1_35' title='bbox 1081 774 1508 839; x_wconf 67' lang='lat' dir='ltr'>potentissimum,</span> 
     </span>
     <span class='ocr_line' id='line_1_8' title="bbox 152 849 1509 920; baseline 0.004 -21"><span class='ocrx_word' id='word_1_36' title='bbox 152 850 352 900; x_wconf 84' lang='lat' dir='ltr'>dicam:</span> <span class='ocrx_word' id='word_1_37' title='bbox 424 850 684 900; x_wconf 81' lang='lat' dir='ltr'>secretum</span> <span class='ocrx_word' id='word_1_38' title='bbox 723 851 781 898; x_wconf 85' lang='lat' dir='ltr'>in</span> <span class='ocrx_word' id='word_1_39' title='bbox 812 849 1063 900; x_wconf 82' lang='lat' dir='ltr'>dictando</span> <span class='ocrx_word' id='word_1_40' title='bbox 1097 853 1249 918; x_wconf 78' lang='lat' dir='ltr'>perit.</span> <span class='ocrx_word' id='word_1_41' title='bbox 1343 856 1509 920; x_wconf 76' lang='lat' dir='ltr'>Atqui</span> 
     </span>
    </p>
   </div>
   <div class='ocr_carea' id='block_1_5' title="bbox 86 1002 1512 1563">
    <p class='ocr_par' dir='ltr' id='par_1_5' title="bbox 86 1002 1512 1563">
     <span class='ocr_line' id='line_1_9' title="bbox 86 1002 1510 1054; baseline 0.004 -13"><span class='ocrx_word' id='word_1_42' title='bbox 86 1018 103 1023; x_wconf 71' lang='grc'><em>”</em></span> <span class='ocrx_word' id='word_1_43' title='bbox 149 1003 256 1041; x_wconf 74' lang='lat' dir='ltr'>Flor.</span> <span class='ocrx_word' id='word_1_44' title='bbox 279 1004 395 1054; x_wconf 84' lang='lat' dir='ltr'>simul</span> <span class='ocrx_word' id='word_1_45' title='bbox 424 1014 459 1041; x_wconf 78' lang='lat' dir='ltr'>et</span> <span class='ocrx_word' id='word_1_46' title='bbox 493 1005 612 1041; x_wconf 75' lang='lat' dir='ltr'>elatus</span> <span class='ocrx_word' id='word_1_47' title='bbox 645 1007 667 1041; x_wconf 87' lang='grc' dir='ltr'>ἱ,</span> <span class='ocrx_word' id='word_1_48' title='bbox 701 1002 830 1040; x_wconf 86' lang='lat' dir='ltr'>Guelf.</span> <span class='ocrx_word' id='word_1_49' title='bbox 855 1002 972 1053; x_wconf 84' lang='lat' dir='ltr'>simul</span> <span class='ocrx_word' id='word_1_50' title='bbox 1001 1013 1037 1039; x_wconf 78' lang='lat' dir='ltr'>et:</span> <span class='ocrx_word' id='word_1_51' title='bbox 1067 1007 1234 1048; x_wconf 75' lang='lat' dir='ltr'><em>interim,</em></span> <span class='ocrx_word' id='word_1_52' title='bbox 1267 1021 1355 1044; x_wconf 87' lang='lat' dir='ltr'>cum</span> <span class='ocrx_word' id='word_1_53' title='bbox 1385 1012 1510 1047; x_wconf 77' lang='lat' dir='ltr'>Stoer.</span> 
     </span>
     <span class='ocr_line' id='line_1_10' title="bbox 154 1061 1512 1108; baseline 0.004 -11"><span class='ocrx_word' id='word_1_54' title='bbox 154 1061 321 1097; x_wconf 81' lang='lat' dir='ltr'>Chone-t.</span> <span class='ocrx_word' id='word_1_55' title='bbox 344 1063 456 1098; x_wconf 76' lang='lat' dir='ltr'>Leid.</span> <span class='ocrx_word' id='word_1_56' title='bbox 485 1063 597 1098; x_wconf 89' lang='lat' dir='ltr'><strong>Unde</strong></span> <span class='ocrx_word' id='word_1_57' title='bbox 625 1064 670 1098; x_wconf 86' lang='lat' dir='ltr'>sit</span> <span class='ocrx_word' id='word_1_58' title='bbox 688 1070 840 1102; x_wconf 78' lang='lat' dir='ltr'>vertere,</span> <span class='ocrx_word' id='word_1_59' title='bbox 872 1061 942 1095; x_wconf 75' lang='lat' dir='ltr'>nisi</span> <span class='ocrx_word' id='word_1_60' title='bbox 960 1061 1060 1097; x_wconf 82' lang='lat' dir='ltr'>forte</span> <span class='ocrx_word' id='word_1_61' title='bbox 1085 1076 1103 1097; x_wconf 87' lang='lat' dir='ltr'>e</span> <span class='ocrx_word' id='word_1_62' title='bbox 1127 1064 1247 1100; x_wconf 87' lang='lat' dir='ltr'>Goth.</span> <span class='ocrx_word' id='word_1_63' title='bbox 1275 1076 1311 1100; x_wconf 87' lang='lat' dir='ltr'>et</span> <span class='ocrx_word' id='word_1_64' title='bbox 1330 1067 1435 1103; x_wconf 88' lang='lat' dir='ltr'>Voss.</span> <span class='ocrx_word' id='word_1_65' title='bbox 1462 1079 1512 1108; x_wconf 85' lang='lat'>2.,</span> 
     </span>
     <span class='ocr_line' id='line_1_11' title="bbox 151 1117 1511 1171; baseline 0.005 -18"><span class='ocrx_word' id='word_1_66' title='bbox 151 1119 328 1154; x_wconf 80' lang='lat' dir='ltr'>nondum</span> <span class='ocrx_word' id='word_1_67' title='bbox 352 1119 467 1160; x_wconf 83' lang='lat' dir='ltr'>disco,</span> <span class='ocrx_word' id='word_1_68' title='bbox 502 1130 540 1154; x_wconf 92' lang='lat' dir='ltr'>et</span> <span class='ocrx_word' id='word_1_69' title='bbox 559 1119 700 1155; x_wconf 77' lang='lat' dir='ltr'>haereo</span> <span class='ocrx_word' id='word_1_70' title='bbox 723 1119 806 1152; x_wconf 82' lang='lat' dir='ltr'>sane</span> <span class='ocrx_word' id='word_1_71' title='bbox 830 1117 872 1153; x_wconf 84' lang='lat' dir='ltr'>in</span> <span class='ocrx_word' id='word_1_72' title='bbox 896 1118 1034 1160; x_wconf 75' lang='lat' dir='ltr'>verbo,</span> <span class='ocrx_word' id='word_1_73' title='bbox 1067 1121 1175 1167; x_wconf 89' lang='lat' dir='ltr'>quod</span> <span class='ocrx_word' id='word_1_74' title='bbox 1206 1121 1259 1156; x_wconf 83' lang='lat' dir='ltr'>ita</span> <span class='ocrx_word' id='word_1_75' title='bbox 1282 1122 1511 1171; x_wconf 83' lang='lat' dir='ltr'>simpliciter</span> 
     </span>
     <span class='ocr_line' id='line_1_12' title="bbox 152 1175 1509 1223; baseline 0.006 -14"><span class='ocrx_word' id='word_1_76' title='bbox 152 1175 331 1222; x_wconf 81' lang='lat' dir='ltr'>junctum</span> <span class='ocrx_word' id='word_1_77' title='bbox 366 1177 476 1210; x_wconf 80' lang='lat' dir='ltr'>lateri</span> <span class='ocrx_word' id='word_1_78' title='bbox 509 1189 589 1211; x_wconf 88' lang='lat' dir='ltr'>non</span> <span class='ocrx_word' id='word_1_79' title='bbox 612 1177 722 1212; x_wconf 84' lang='lat' dir='ltr'>novi.</span> <span class='ocrx_word' id='word_1_80' title='bbox 781 1176 842 1209; x_wconf 83' lang='lat' dir='ltr'>An</span> <span class='ocrx_word' id='word_1_81' title='bbox 872 1175 966 1209; x_wconf 79' lang='lat' dir='ltr'>haec</span> <span class='ocrx_word' id='word_1_82' title='bbox 996 1175 1072 1210; x_wconf 84' lang='lat' dir='ltr'>fuit</span> <span class='ocrx_word' id='word_1_83' title='bbox 1093 1177 1332 1223; x_wconf 77' lang='lat' dir='ltr'>Quintiliani</span> <span class='ocrx_word' id='word_1_84' title='bbox 1350 1195 1509 1217; x_wconf 81' lang='lat' dir='ltr'>manus:</span> 
     </span>
     <span class='ocr_line' id='line_1_13' title="bbox 153 1230 1511 1283; baseline 0.004 -16"><span class='ocrx_word' id='word_1_85' title='bbox 153 1232 298 1268; x_wconf 78' lang='lat' dir='ltr'>vultum</span> <span class='ocrx_word' id='word_1_86' title='bbox 323 1231 463 1281; x_wconf 78' lang='lat' dir='ltr'>simul,</span> <span class='ocrx_word' id='word_1_87' title='bbox 496 1235 643 1267; x_wconf 78' lang='lat' dir='ltr'><em>interim</em></span> <span class='ocrx_word' id='word_1_88' title='bbox 664 1242 700 1267; x_wconf 72' lang='lat' dir='ltr'>et</span> <span class='ocrx_word' id='word_1_89' title='bbox 721 1233 819 1267; x_wconf 80' lang='lat' dir='ltr'><em>latus</em></span> <span class='ocrx_word' id='word_1_90' title='bbox 852 1230 948 1276; x_wconf 81' lang='lat' dir='ltr'>(scil.</span> <span class='ocrx_word' id='word_1_91' title='bbox 981 1235 1188 1280; x_wconf 80' lang='lat' dir='ltr'>torquere),</span> <span class='ocrx_word' id='word_1_92' title='bbox 1222 1237 1367 1271; x_wconf 76' lang='lat' dir='ltr'>interim</span> <span class='ocrx_word' id='word_1_93' title='bbox 1388 1239 1511 1283; x_wconf 83' lang='lat' dir='ltr'><em>objur-</em></span> 
     </span>
     <span class='ocr_line' id='line_1_14' title="bbox 153 1287 1512 1337; baseline 0.007 -16"><span class='ocrx_word' id='word_1_94' title='bbox 153 1302 245 1336; x_wconf 82' lang='lat' dir='ltr'>gare</span> <span class='ocrx_word' id='word_1_95' title='bbox 273 1288 372 1336; x_wconf 83' lang='lat' dir='ltr'>(scil.</span> <span class='ocrx_word' id='word_1_96' title='bbox 406 1290 553 1332; x_wconf 50' lang='lat' dir='ltr'>latusfl⁹</span> <span class='ocrx_word' id='word_1_97' title='bbox 584 1290 814 1336; x_wconf 77' lang='lat' dir='ltr'>Quanquam</span> <span class='ocrx_word' id='word_1_98' title='bbox 847 1287 913 1323; x_wconf 82' lang='lat' dir='ltr'>vel</span> <span class='ocrx_word' id='word_1_99' title='bbox 942 1289 1037 1322; x_wconf 85' lang='lat' dir='ltr'>voci</span> <span class='ocrx_word' id='word_1_100' title='bbox 1058 1288 1174 1337; x_wconf 85' lang='lat' dir='ltr'>simul</span> <span class='ocrx_word' id='word_1_101' title='bbox 1204 1292 1359 1334; x_wconf 86' lang='lat' dir='ltr'>diffido,</span> <span class='ocrx_word' id='word_1_102' title='bbox 1400 1295 1512 1330; x_wconf 77' lang='lat' dir='ltr'>velut</span> 
     </span>
     <span class='ocr_line' id='line_1_15' title="bbox 154 1345 1511 1386; baseline 0.005 -7"><span class='ocrx_word' id='word_1_103' title='bbox 154 1355 263 1379; x_wconf 82' lang='lat' dir='ltr'>natae</span> <span class='ocrx_word' id='word_1_104' title='bbox 304 1359 322 1380; x_wconf 89' lang='lat' dir='ltr'>e</span> <span class='ocrx_word' id='word_1_105' title='bbox 362 1345 545 1381; x_wconf 85' lang='lat' dir='ltr'>ductibus</span> <span class='ocrx_word' id='word_1_106' title='bbox 589 1345 701 1380; x_wconf 80' lang='lat' dir='ltr'>vocis</span> <span class='ocrx_word' id='word_1_107' title='bbox 744 1345 877 1381; x_wconf 71' lang='lat' dir='ltr'>vultus.</span> <span class='ocrx_word' id='word_1_108' title='bbox 939 1345 1053 1379; x_wconf 85' lang='lat' dir='ltr'>Unde</span> <span class='ocrx_word' id='word_1_109' title='bbox 1085 1357 1213 1381; x_wconf 81' lang='lat' dir='ltr'>autem</span> <span class='ocrx_word' id='word_1_110' title='bbox 1251 1348 1379 1385; x_wconf 83' lang='lat' dir='ltr'>littera</span> <span class='ocrx_word' id='word_1_111' title='bbox 1412 1353 1435 1386; x_wconf 90' lang='lat' dir='ltr'>S</span> <span class='ocrx_word' id='word_1_112' title='bbox 1467 1351 1511 1386; x_wconf 87' lang='lat' dir='ltr'>in</span> 
     </span>
     <span class='ocr_line' id='line_1_16' title="bbox 153 1401 1511 1456; baseline 0.004 -20"><span class='ocrx_word' id='word_1_113' title='bbox 153 1401 322 1436; x_wconf 60' lang='lat' dir='ltr'>Turia?</span> <span class='ocrx_word' id='word_1_114' title='bbox 384 1403 525 1448; x_wconf 83' lang='lat' dir='ltr'>Neque</span> <span class='ocrx_word' id='word_1_115' title='bbox 560 1402 664 1436; x_wconf 88' lang='lat' dir='ltr'>enirn</span> <span class='ocrx_word' id='word_1_116' title='bbox 695 1402 828 1450; x_wconf 82' lang='lat' dir='ltr'>potuit</span> <span class='ocrx_word' id='word_1_117' title='bbox 867 1401 937 1436; x_wconf 84' lang='lat' dir='ltr'>esse</span> <span class='ocrx_word' id='word_1_118' title='bbox 981 1402 1113 1437; x_wconf 78' lang='lat' dir='ltr'><em>vultus.</em></span> <span class='ocrx_word' id='word_1_119' title='bbox 1176 1404 1280 1440; x_wconf 80' lang='lat' dir='ltr'>Illud</span> <span class='ocrx_word' id='word_1_120' title='bbox 1312 1408 1511 1456; x_wconf 81' lang='lat' dir='ltr'>imprimis</span> 
     </span>
     <span class='ocr_line' id='line_1_17' title="bbox 155 1456 1512 1506; baseline 0.006 -14"><span class='ocrx_word' id='word_1_121' title='bbox 155 1459 379 1499; x_wconf 83' lang='lat' dir='ltr'>tenendum,</span> <span class='ocrx_word' id='word_1_122' title='bbox 412 1458 611 1506; x_wconf 75' lang='lat' dir='ltr'>objurgare</span> <span class='ocrx_word' id='word_1_123' title='bbox 633 1457 709 1492; x_wconf 88' lang='lat' dir='ltr'>hoc</span> <span class='ocrx_word' id='word_1_124' title='bbox 733 1458 822 1493; x_wconf 91' lang='lat' dir='ltr'>loco</span> <span class='ocrx_word' id='word_1_125' title='bbox 848 1459 918 1493; x_wconf 84' lang='lat' dir='ltr'>effe</span> <span class='ocrx_word' id='word_1_126' title='bbox 935 1456 1053 1504; x_wconf 74' lang='lat' dir='ltr'>ferire</span> <span class='ocrx_word' id='word_1_127' title='bbox 1085 1460 1151 1504; x_wconf 83' lang='lat' dir='ltr'><strong>(cf.</strong></span> <span class='ocrx_word' id='word_1_128' title='bbox 1175 1462 1312 1498; x_wconf 78' lang='lat' dir='ltr'>Graev.</span> <span class='ocrx_word' id='word_1_129' title='bbox 1339 1465 1385 1499; x_wconf 82' lang='lat' dir='ltr'>ad</span> <span class='ocrx_word' id='word_1_130' title='bbox 1405 1464 1512 1500; x_wconf 77' lang='lat' dir='ltr'>Flor-</span> 
     </span>
     <span class='ocr_line' id='line_1_18' title="bbox 159 1514 1511 1563; baseline 0.005 -14"><span class='ocrx_word' id='word_1_131' title='bbox 159 1527 195 1554; x_wconf 74' lang='grc' dir='ltr'>ι,</span> <span class='ocrx_word' id='word_1_132' title='bbox 232 1528 266 1556; x_wconf 83' lang='lat'>1,</span> <span class='ocrx_word' id='word_1_133' title='bbox 304 1522 341 1558; x_wconf 77' lang='grc'>8.</span> <span class='ocrx_word' id='word_1_134' title='bbox 374 1526 411 1550; x_wconf 89' lang='lat' dir='ltr'>et</span> <span class='ocrx_word' id='word_1_135' title='bbox 442 1514 568 1563; x_wconf 81' lang='lat' dir='ltr'><strong>intpp.</strong></span> <span class='ocrx_word' id='word_1_136' title='bbox 596 1514 643 1548; x_wconf 86' lang='lat' dir='ltr'>ad</span> <span class='ocrx_word' id='word_1_137' title='bbox 662 1516 817 1549; x_wconf 75' lang='lat' dir='ltr'>Petron.</span> <span class='ocrx_word' id='word_1_138' title='bbox 839 1516 946 1561; x_wconf 66' lang='lat'><strong>54),</strong></span> <span class='ocrx_word' id='word_1_139' title='bbox 981 1527 1017 1550; x_wconf 84' lang='lat' dir='ltr'>et</span> <span class='ocrx_word' id='word_1_140' title='bbox 1044 1515 1292 1553; x_wconf 78' lang='lat' dir='ltr'>referendum</span> <span class='ocrx_word' id='word_1_141' title='bbox 1321 1521 1366 1555; x_wconf 82' lang='lat' dir='ltr'>ad</span> <span class='ocrx_word' id='word_1_142' title='bbox 1399 1522 1511 1562; x_wconf 73' lang='lat' dir='ltr'><em>latus,</em></span> 
     </span>
    </p>
   </div>
   <div class='ocr_carea' id='block_1_6' title="bbox 150 1570 1514 1739">
    <p class='ocr_par' dir='ltr' id='par_1_6' title="bbox 150 1570 1514 1739">
     <span class='ocr_line' id='line_1_19' title="bbox 152 1570 1514 1628; baseline 0.001 -23"><span class='ocrx_word' id='word_1_143' title='bbox 152 1572 425 1607; x_wconf 81' lang='lat' dir='ltr'>accusativum.</span> <span class='ocrx_word' id='word_1_144' title='bbox 459 1570 506 1606; x_wconf 84' lang='lat' dir='ltr'>cf.</span> <span class='ocrx_word' id='word_1_145' title='bbox 532 1582 567 1610; x_wconf 86' lang='lat'>2,</span> <span class='ocrx_word' id='word_1_146' title='bbox 607 1580 671 1611; x_wconf 84' lang='lat'>12,</span> <span class='ocrx_word' id='word_1_147' title='bbox 708 1583 769 1606; x_wconf 85' lang='lat'>10.</span> <span class='ocrx_word' id='word_1_148' title='bbox 822 1583 884 1611; x_wconf 83' lang='lat'>11,</span> <span class='ocrx_word' id='word_1_149' title='bbox 918 1580 956 1614; x_wconf 79' lang='grc'>5,</span> <span class='ocrx_word' id='word_1_150' title='bbox 992 1581 1082 1616; x_wconf 82' lang='lat'>125.</span> <span class='ocrx_word' id='word_1_151' title='bbox 1349 1592 1514 1628; x_wconf 62' lang='lat' dir='ltr'>quaeque</span> 
     </span>
     <span class='ocr_line' id='line_1_20' title="bbox 150 1626 1509 1683; baseline 0.004 -21"><span class='ocrx_word' id='word_1_152' title='bbox 150 1626 306 1676; x_wconf 81' lang='lat' dir='ltr'><em>Persius-</em></span> <span class='ocrx_word' id='word_1_153' title='bbox 346 1628 475 1664; x_wconf 85' lang='lat' dir='ltr'>Guelf.</span> <span class='ocrx_word' id='word_1_154' title='bbox 517 1641 611 1676; x_wconf 80' lang='lat' dir='ltr'>quae</span> <span class='ocrx_word' id='word_1_155' title='bbox 641 1628 681 1662; x_wconf 88' lang='lat' dir='ltr'>P.</span> <span class='ocrx_word' id='word_1_156' title='bbox 723 1626 835 1662; x_wconf 85' lang='lat' dir='ltr'>male.</span> <span class='ocrx_word' id='word_1_157' title='bbox 1078 1629 1264 1680; x_wconf 80' lang='lat' dir='ltr'><em>demorsos</em></span> <span class='ocrx_word' id='word_1_158' title='bbox 1283 1651 1334 1660; x_wconf 91' lang='lat'>—-</span> <span class='ocrx_word' id='word_1_159' title='bbox 1357 1649 1509 1683; x_wconf 79' lang='lat' dir='ltr'>ungues.</span> 
     </span>
     <span class='ocr_line' id='line_1_21' title="bbox 151 1682 1513 1739; baseline 0.007 -21"><span class='ocrx_word' id='word_1_160' title='bbox 151 1684 285 1721; x_wconf 79' lang='lat' dir='ltr'>Turio.</span> <span class='ocrx_word' id='word_1_161' title='bbox 309 1683 413 1720; x_wconf 84' lang='lat' dir='ltr'><em>Flor.</em></span> <span class='ocrx_word' id='word_1_162' title='bbox 448 1682 858 1732; x_wconf 78' lang='lat' dir='ltr'>demorsus—-unguis,</span> <span class='ocrx_word' id='word_1_163' title='bbox 890 1685 964 1719; x_wconf 75' lang='lat' dir='ltr'>nisi</span> <span class='ocrx_word' id='word_1_164' title='bbox 995 1686 1102 1733; x_wconf 88' lang='lat' dir='ltr'>quod</span> <span class='ocrx_word' id='word_1_165' title='bbox 1127 1688 1259 1724; x_wconf 81' lang='lat' dir='ltr'>Turic-</span> <span class='ocrx_word' id='word_1_166' title='bbox 1280 1692 1437 1739; x_wconf 79' lang='lat' dir='ltr'>jurguis‚</span> <span class='ocrx_word' id='word_1_167' title='bbox 1475 1703 1513 1728; x_wconf 87' lang='lat' dir='ltr'>et</span> 
     </span>
    </p>
   </div>
   <div class='ocr_carea' id='block_1_7' title="bbox 142 1740 1517 2245">
    <p class='ocr_par' dir='ltr' id='par_1_7' title="bbox 150 1740 1512 1834">
     <span class='ocr_line' id='line_1_22' title="bbox 150 1740 1512 1803; baseline 0.008 -29"><span class='ocrx_word' id='word_1_168' title='bbox 150 1753 172 1775; x_wconf 83' lang='lat' dir='ltr'>a</span> <span class='ocrx_word' id='word_1_169' title='bbox 194 1741 260 1777; x_wconf 79' lang='lat' dir='ltr'>sec.</span> <span class='ocrx_word' id='word_1_170' title='bbox 283 1755 336 1778; x_wconf 90' lang='lat' dir='ltr'>m.</span> <span class='ocrx_word' id='word_1_171' title='bbox 363 1744 512 1790; x_wconf 82' lang='lat' dir='ltr'>jurgiis.</span> <span class='ocrx_word' id='word_1_172' title='bbox 605 1783 624 1803; x_wconf 51' lang='grc' dir='ltr'>ἵ</span> <span class='ocrx_word' id='word_1_173' title='bbox 667 1740 743 1790; x_wconf 83' lang='lat' dir='ltr'>soli</span> <span class='ocrx_word' id='word_1_174' title='bbox 753 1740 891 1790; x_wconf 68' lang='lat' dir='ltr'>sumus.</span> <span class='ocrx_word' id='word_1_175' title='bbox 924 1742 1056 1778; x_wconf 72' lang='lat' dir='ltr'>Tuiic.</span> <span class='ocrx_word' id='word_1_176' title='bbox 1083 1743 1187 1780; x_wconf 73' lang='lat' dir='ltr'>flor.</span> <span class='ocrx_word' id='word_1_177' title='bbox 1213 1746 1296 1791; x_wconf 89' lang='lat' dir='ltr'>(hic</span> <span class='ocrx_word' id='word_1_178' title='bbox 1319 1761 1338 1782; x_wconf 76' lang='lat' dir='ltr'>a</span> <span class='ocrx_word' id='word_1_179' title='bbox 1356 1763 1416 1799; x_wconf 63' lang='lat' dir='ltr'>Er.</span> <span class='ocrx_word' id='word_1_180' title='bbox 1437 1752 1512 1793; x_wconf 84' lang='lat' dir='ltr'>m.)</span> 
     </span>
     <span class='ocr_line' id='line_1_23' title="bbox 169 1797 249 1834; baseline 0.025 -2"><span class='ocrx_word' id='word_1_181' title='bbox 169 1797 249 1834; x_wconf 87' lang='lat' dir='ltr'>olis.</span> 
     </span>
    </p>

    <p class='ocr_par' dir='ltr' id='par_1_8' title="bbox 142 1795 1517 2245">
     <span class='ocr_line' id='line_1_24' title="bbox 142 1795 1515 1914; baseline 0.009 -25"><span class='ocrx_word' id='word_1_182' title='bbox 142 1795 174 1846; x_wconf 71' lang='lat' dir='ltr'><strong><em>s</em></strong></span> <span class='ocrx_word' id='word_1_183' title='bbox 238 1865 303 1892; x_wconf 83' lang='lat'>22.</span> <span class='ocrx_word' id='word_1_184' title='bbox 333 1855 635 1906; x_wconf 71' lang='lat' dir='ltr'>potentffnzzcnz.</span> <span class='ocrx_word' id='word_1_185' title='bbox 668 1856 801 1891; x_wconf 75' lang='lat' dir='ltr'>Turic.</span> <span class='ocrx_word' id='word_1_186' title='bbox 836 1854 940 1890; x_wconf 83' lang='lat' dir='ltr'>Flor.</span> <span class='ocrx_word' id='word_1_187' title='bbox 972 1856 1104 1905; x_wconf 80' lang='lat' dir='ltr'>CamP·</span> <span class='ocrx_word' id='word_1_188' title='bbox 1139 1859 1237 1896; x_wconf 86' lang='lat' dir='ltr'>Jens.</span> <span class='ocrx_word' id='word_1_189' title='bbox 1269 1861 1358 1906; x_wconf 87' lang='lat' dir='ltr'><strong>(tac.</strong></span> <span class='ocrx_word' id='word_1_190' title='bbox 1382 1864 1515 1914; x_wconf 86' lang='lat' dir='ltr'>Gesn.)</span> 
     </span>
     <span class='ocr_line' id='line_1_25' title="bbox 154 1911 1514 1961; baseline 0.007 -15"><span class='ocrx_word' id='word_1_191' title='bbox 154 1911 379 1961; x_wconf 69' lang='lat' dir='ltr'>potffnzum</span> <span class='ocrx_word' id='word_1_192' title='bbox 399 1927 487 1948; x_wconf 88' lang='lat' dir='ltr'>cum</span> <span class='ocrx_word' id='word_1_193' title='bbox 513 1914 618 1952; x_wconf 82' lang='lat' dir='ltr'>Voff.</span> <span class='ocrx_word' id='word_1_194' title='bbox 648 1923 683 1948; x_wconf 86' lang='lat'>2.</span> <span class='ocrx_word' id='word_1_195' title='bbox 719 1913 856 1956; x_wconf 71' lang='lat' dir='ltr'><strong>(Goth.</strong></span> <span class='ocrx_word' id='word_1_196' title='bbox 878 1924 959 1947; x_wconf 89' lang='lat' dir='ltr'>non</span> <span class='ocrx_word' id='word_1_197' title='bbox 977 1914 1222 1958; x_wconf 78' lang='lat' dir='ltr'>notavimus)</span> <span class='ocrx_word' id='word_1_198' title='bbox 1264 1928 1299 1952; x_wconf 88' lang='lat' dir='ltr'>et</span> <span class='ocrx_word' id='word_1_199' title='bbox 1318 1918 1403 1954; x_wconf 87' lang='lat' dir='ltr'>edd.</span> <span class='ocrx_word' id='word_1_200' title='bbox 1427 1932 1514 1959; x_wconf 81' lang='lat' dir='ltr'>ante</span> 
     </span>
     <span class='ocr_line' id='line_1_26' title="bbox 155 1969 1515 2023; baseline 0.007 -21"><span class='ocrx_word' id='word_1_201' title='bbox 155 1969 268 2003; x_wconf 72' lang='lat' dir='ltr'>Bam.</span> <span class='ocrx_word' id='word_1_202' title='bbox 493 1972 531 2004; x_wconf 85' lang='lat' dir='ltr'>in</span> <span class='ocrx_word' id='word_1_203' title='bbox 556 1970 730 2004; x_wconf 75' lang='lat' dir='ltr'>dictando</span> <span class='ocrx_word' id='word_1_204' title='bbox 753 1971 861 2016; x_wconf 75' lang='lat' dir='ltr'>perit.</span> <span class='ocrx_word' id='word_1_205' title='bbox 902 1969 965 2004; x_wconf 85' lang='lat' dir='ltr'>Sic</span> <span class='ocrx_word' id='word_1_206' title='bbox 990 1971 1123 2005; x_wconf 71' lang='lat' dir='ltr'>Turio.</span> <span class='ocrx_word' id='word_1_207' title='bbox 1144 1971 1248 2009; x_wconf 82' lang='lat' dir='ltr'><strong>Flor.</strong></span> <span class='ocrx_word' id='word_1_208' title='bbox 1273 1975 1403 2023; x_wconf 87' lang='lat' dir='ltr'>Camp.</span> <span class='ocrx_word' id='word_1_209' title='bbox 1426 1990 1515 2014; x_wconf 89' lang='lat' dir='ltr'>cum</span> 
     </span>
     <span class='ocr_line' id='line_1_27' title="bbox 155 2024 1517 2081; baseline 0.006 -21"><span class='ocrx_word' id='word_1_210' title='bbox 155 2024 261 2062; x_wconf 85' lang='lat' dir='ltr'>Alm.</span> <span class='ocrx_word' id='word_1_211' title='bbox 304 2025 423 2060; x_wconf 85' lang='lat' dir='ltr'><strong>Goth.</strong></span> <span class='ocrx_word' id='word_1_212' title='bbox 463 2026 569 2063; x_wconf 84' lang='lat' dir='ltr'>Voss.</span> <span class='ocrx_word' id='word_1_213' title='bbox 601 2035 638 2062; x_wconf 86' lang='lat'>2.</span> <span class='ocrx_word' id='word_1_214' title='bbox 675 2024 787 2060; x_wconf 68' lang='lat' dir='ltr'>Basil.</span> <span class='ocrx_word' id='word_1_215' title='bbox 824 2025 986 2073; x_wconf 81' lang='lat' dir='ltr'>Reliqui</span> <span class='ocrx_word' id='word_1_216' title='bbox 1025 2028 1124 2074; x_wconf 82' lang='lat' dir='ltr'>quod</span> <span class='ocrx_word' id='word_1_217' title='bbox 1153 2029 1188 2063; x_wconf 79' lang='lat' dir='ltr'>d.</span> <span class='ocrx_word' id='word_1_218' title='bbox 1217 2045 1255 2078; x_wconf 85' lang='lat' dir='ltr'>p.</span> <span class='ocrx_word' id='word_1_219' title='bbox 1303 2032 1377 2067; x_wconf 78' lang='lat' dir='ltr'>nisi</span> <span class='ocrx_word' id='word_1_220' title='bbox 1408 2036 1517 2081; x_wconf 85' lang='lat' dir='ltr'>quod</span> 
     </span>
     <span class='ocr_line' id='line_1_28' title="bbox 158 2081 1515 2135; baseline 0.007 -19"><span class='ocrx_word' id='word_1_221' title='bbox 158 2081 287 2117; x_wconf 83' lang='lat' dir='ltr'>Guelf.</span> <span class='ocrx_word' id='word_1_222' title='bbox 318 2096 351 2130; x_wconf 87' lang='lat' dir='ltr'>q.</span> <span class='ocrx_word' id='word_1_223' title='bbox 383 2082 419 2118; x_wconf 84' lang='lat' dir='ltr'>d.</span> <span class='ocrx_word' id='word_1_224' title='bbox 458 2084 640 2130; x_wconf 70' lang='lat' dir='ltr'>comperit</span> <span class='ocrx_word' id='word_1_225' title='bbox 689 2093 726 2117; x_wconf 89' lang='lat' dir='ltr'>et</span> <span class='ocrx_word' id='word_1_226' title='bbox 766 2095 887 2130; x_wconf 78' lang='lat' dir='ltr'>marg.</span> <span class='ocrx_word' id='word_1_227' title='bbox 922 2082 1032 2118; x_wconf 83' lang='lat' dir='ltr'>Basil.</span> <span class='ocrx_word' id='word_1_228' title='bbox 1076 2099 1109 2133; x_wconf 88' lang='lat' dir='ltr'>q.</span> <span class='ocrx_word' id='word_1_229' title='bbox 1143 2086 1178 2120; x_wconf 79' lang='lat' dir='ltr'>d.</span> <span class='ocrx_word' id='word_1_230' title='bbox 1221 2091 1386 2135; x_wconf 69' lang='lat' dir='ltr'>conpetit</span> <span class='ocrx_word' id='word_1_231' title='bbox 1423 2093 1515 2135; x_wconf 77' lang='lat' dir='ltr'>(err.</span> 
     </span>
     <span class='ocr_line' id='line_1_29' title="bbox 155 2139 1516 2187; baseline 0.005 -13"><span class='ocrx_word' id='word_1_232' title='bbox 155 2139 323 2183; x_wconf 49' lang='lat' dir='ltr'>Burnu).</span> <span class='ocrx_word' id='word_1_233' title='bbox 556 2141 684 2187; x_wconf 71' lang='lat' dir='ltr'>Atqui.</span> <span class='ocrx_word' id='word_1_234' title='bbox 720 2140 807 2173; x_wconf 86' lang='lat' dir='ltr'>Hoc</span> <span class='ocrx_word' id='word_1_235' title='bbox 828 2139 918 2173; x_wconf 77' lang='lat' dir='ltr'>dedi</span> <span class='ocrx_word' id='word_1_236' title='bbox 940 2152 986 2174; x_wconf 81' lang='lat' dir='ltr'>ex</span> <span class='ocrx_word' id='word_1_237' title='bbox 1009 2142 1242 2187; x_wconf 79' lang='lat' dir='ltr'>conjectura.</span> <span class='ocrx_word' id='word_1_238' title='bbox 1277 2143 1389 2180; x_wconf 83' lang='lat' dir='ltr'>Libri</span> <span class='ocrx_word' id='word_1_239' title='bbox 1412 2149 1516 2184; x_wconf 76' lang='lat' dir='ltr'>enim</span> 
     </span>
     <span class='ocr_line' id='line_1_30' title="bbox 158 2195 1404 2245; baseline 0.005 -14"><span class='ocrx_word' id='word_1_240' title='bbox 158 2208 296 2231; x_wconf 85' lang='lat' dir='ltr'>omnes</span> <span class='ocrx_word' id='word_1_241' title='bbox 321 2205 445 2245; x_wconf 79' lang='lat' dir='ltr'>atque,</span> <span class='ocrx_word' id='word_1_242' title='bbox 477 2196 598 2232; x_wconf 88' lang='lat' dir='ltr'>multi</span> <span class='ocrx_word' id='word_1_243' title='bbox 621 2207 747 2231; x_wconf 83' lang='lat' dir='ltr'>tamen</span> <span class='ocrx_word' id='word_1_244' title='bbox 768 2197 853 2245; x_wconf 85' lang='lat' dir='ltr'>post</span> <span class='ocrx_word' id='word_1_245' title='bbox 871 2195 1083 2232; x_wconf 81' lang='lat' dir='ltr'>maximam</span> <span class='ocrx_word' id='word_1_246' title='bbox 1104 2199 1404 2238; x_wconf 83' lang='lat' dir='ltr'>distinctionem.</span> 
     </span>
    </p>
   </div>
   <div class='ocr_carea' id='block_1_8' title="bbox 159 2329 1526 2553">
    <p class='ocr_par' dir='ltr' id='par_1_9' title="bbox 159 2329 1526 2553">
     <span class='ocr_line' id='line_1_31' title="bbox 159 2329 1522 2387; baseline 0.004 -23"><span class='ocrx_word' id='word_1_247' title='bbox 159 2329 294 2365; x_wconf 83' lang='lat' dir='ltr'>decere</span> <span class='ocrx_word' id='word_1_248' title='bbox 326 2342 461 2379; x_wconf 78' lang='lat' dir='ltr'>negat,</span> <span class='ocrx_word' id='word_1_249' title='bbox 503 2344 640 2367; x_wconf 77' lang='lat' dir='ltr'>eorum</span> <span class='ocrx_word' id='word_1_250' title='bbox 672 2329 812 2366; x_wconf 79' lang='lat' dir='ltr'>similia</span> <span class='ocrx_word' id='word_1_251' title='bbox 870 2331 1062 2380; x_wconf 76' lang='lat' dir='ltr'>praeferas</span> <span class='ocrx_word' id='word_1_252' title='bbox 1104 2333 1245 2370; x_wconf 72' lang='lat' dir='ltr'>leniter.</span> <span class='ocrx_word' id='word_1_253' title='bbox 1307 2336 1371 2372; x_wconf 80' lang='lat' dir='ltr'>Est</span> <span class='ocrx_word' id='word_1_254' title='bbox 1400 2351 1522 2387; x_wconf 74' lang='lat' dir='ltr'>genus</span> 
     </span>
     <span class='ocr_line' id='line_1_32' title="bbox 159 2387 1522 2438; baseline 0.003 -18"><span class='ocrx_word' id='word_1_255' title='bbox 159 2387 232 2434; x_wconf 85' lang='lat' dir='ltr'>qui.</span> <span class='ocrx_word' id='word_1_256' title='bbox 260 2400 339 2422; x_wconf 87' lang='lat' dir='ltr'>uno</span> <span class='ocrx_word' id='word_1_257' title='bbox 371 2388 491 2423; x_wconf 86' lang='lat' dir='ltr'>modo</span> <span class='ocrx_word' id='word_1_258' title='bbox 532 2389 726 2437; x_wconf 73' lang='lat' dir='ltr'>praesente</span> <span class='ocrx_word' id='word_1_259' title='bbox 761 2388 813 2423; x_wconf 74' lang='lat' dir='ltr'>fa·</span> <span class='ocrx_word' id='word_1_260' title='bbox 871 2388 1030 2423; x_wconf 77' lang='lat' dir='ltr'>dicendi</span> <span class='ocrx_word' id='word_1_261' title='bbox 1088 2389 1326 2438; x_wconf 80' lang='lat' dir='ltr'>negligentia</span> <span class='ocrx_word' id='word_1_262' title='bbox 1389 2408 1522 2431; x_wconf 69' lang='lat' dir='ltr'>corru-</span> 
     </span>
     <span class='ocr_line' id='line_1_33' title="bbox 161 2443 1526 2494; baseline 0.01 -18"><span class='ocrx_word' id='word_1_263' title='bbox 161 2443 257 2483; x_wconf 63' lang='grc' dir='ltr'><strong>υἱεῖ,</strong></span> <span class='ocrx_word' id='word_1_264' title='bbox 301 2444 491 2480; x_wconf 80' lang='lat' dir='ltr'>furiosum</span> <span class='ocrx_word' id='word_1_265' title='bbox 522 2459 641 2493; x_wconf 83' lang='lat' dir='ltr'>paene</span> <span class='ocrx_word' id='word_1_266' title='bbox 665 2445 813 2492; x_wconf 80' lang='lat' dir='ltr'>judicat</span> <span class='ocrx_word' id='word_1_267' title='bbox 869 2456 995 2492; x_wconf 81' lang='lat' dir='ltr'>ptum,</span> <span class='ocrx_word' id='word_1_268' title='bbox 1026 2446 1068 2480; x_wconf 86' lang='lat' dir='ltr'>in</span> <span class='ocrx_word' id='word_1_269' title='bbox 1097 2459 1176 2494; x_wconf 88' lang='lat' dir='ltr'>quo</span> <span class='ocrx_word' id='word_1_270' title='bbox 1202 2448 1346 2485; x_wconf 86' lang='lat' dir='ltr'>summa</span> <span class='ocrx_word' id='word_1_271' title='bbox 1366 2452 1415 2487; x_wconf 80' lang='lat' dir='ltr'>est</span> <span class='ocrx_word' id='word_1_272' title='bbox 1437 2453 1526 2490; x_wconf 83' lang='lat' dir='ltr'>levi-</span> 
     </span>
     <span class='ocr_line' id='line_1_34' title="bbox 163 2505 1522 2553; baseline 0.01 -20"><span class='ocrx_word' id='word_1_273' title='bbox 163 2512 209 2540; x_wconf 79' lang='lat'>1,</span> <span class='ocrx_word' id='word_1_274' title='bbox 242 2511 288 2541; x_wconf 83' lang='lat'>2,</span> <span class='ocrx_word' id='word_1_275' title='bbox 321 2510 399 2544; x_wconf 79' lang='lat'>51;</span> <span class='ocrx_word' id='word_1_276' title='bbox 439 2511 649 2550; x_wconf 84' lang='lat' dir='ltr'>utrumque</span> <span class='ocrx_word' id='word_1_277' title='bbox 684 2512 812 2537; x_wconf 83' lang='lat' dir='ltr'>tamen</span> <span class='ocrx_word' id='word_1_278' title='bbox 872 2509 950 2542; x_wconf 78' lang='lat' dir='ltr'>tas,</span> <span class='ocrx_word' id='word_1_279' title='bbox 1002 2515 1134 2537; x_wconf 73' lang='lat' dir='ltr'>rerum</span> <span class='ocrx_word' id='word_1_280' title='bbox 1171 2505 1345 2553; x_wconf 82' lang='lat' dir='ltr'>pondere</span> <span class='ocrx_word' id='word_1_281' title='bbox 1377 2522 1522 2551; x_wconf 83' lang='lat' dir='ltr'>carens,</span> 
     </span>
    </p>
   </div>
   <div class='ocr_carea' id='block_1_9' title="bbox 160 2558 1523 2721">
    <p class='ocr_par' dir='ltr' id='par_1_10' title="bbox 160 2558 1523 2721">
     <span class='ocr_line' id='line_1_35' title="bbox 160 2558 1523 2610; baseline 0.007 -20"><span class='ocrx_word' id='word_1_282' title='bbox 160 2567 263 2591; x_wconf 62' lang='grc' dir='ltr'>ποτε</span> <span class='ocrx_word' id='word_1_283' title='bbox 290 2568 326 2591; x_wconf 86' lang='lat' dir='ltr'>et</span> <span class='ocrx_word' id='word_1_284' title='bbox 347 2570 617 2606; x_wconf 78' lang='lat' dir='ltr'>congruenter.</span> <span class='ocrx_word' id='word_1_285' title='bbox 871 2558 979 2594; x_wconf 81' lang='lat' dir='ltr'>nulla</span> <span class='ocrx_word' id='word_1_286' title='bbox 1008 2559 1156 2594; x_wconf 65' lang='lat' dir='ltr'>lenitas„</span> <span class='ocrx_word' id='word_1_287' title='bbox 1188 2561 1234 2596; x_wconf 87' lang='lat' dir='ltr'>cf.</span> <span class='ocrx_word' id='word_1_288' title='bbox 1270 2565 1303 2609; x_wconf 81' lang='lat'>§.</span> <span class='ocrx_word' id='word_1_289' title='bbox 1339 2576 1401 2610; x_wconf 83' lang='lat'>17.</span> <span class='ocrx_word' id='word_1_290' title='bbox 1425 2580 1428 2582; x_wconf 51' lang='lat'>&gt;</span> <span class='ocrx_word' id='word_1_291' title='bbox 1451 2568 1523 2610; x_wconf 83' lang='lat' dir='ltr'>„in</span> 
     </span>
     <span class='ocr_line' id='line_1_36' title="bbox 219 2612 1274 2662; baseline 0.005 -14"><span class='ocrx_word' id='word_1_292' title='bbox 219 2612 362 2662; x_wconf 80' lang='lat' dir='ltr'>Persius</span> <span class='ocrx_word' id='word_1_293' title='bbox 384 2632 438 2640; x_wconf 90' lang='lat'><em>—</em></span> <span class='ocrx_word' id='word_1_294' title='bbox 463 2629 541 2649; x_wconf 89' lang='lat' dir='ltr'>cum</span> <span class='ocrx_word' id='word_1_295' title='bbox 581 2616 711 2651; x_wconf 76' lang='lat' dir='ltr'>leviter</span> <span class='ocrx_word' id='word_1_296' title='bbox 758 2615 814 2650; x_wconf 82' lang='lat' dir='ltr'>di·</span> <span class='ocrx_word' id='word_1_297' title='bbox 871 2616 1013 2656; x_wconf 74' lang='lat' dir='ltr'>„rebus</span> <span class='ocrx_word' id='word_1_298' title='bbox 1032 2636 1083 2642; x_wconf 91' lang='lat'>—-</span> <span class='ocrx_word' id='word_1_299' title='bbox 1101 2617 1274 2653; x_wconf 71' lang='lat' dir='ltr'>levitas.“</span> 
     </span>
     <span class='ocr_line' id='line_1_37' title="bbox 161 2670 1523 2721; baseline 0.009 -18"><span class='ocrx_word' id='word_1_300' title='bbox 161 2670 269 2704; x_wconf 76' lang='lat' dir='ltr'>cendi</span> <span class='ocrx_word' id='word_1_301' title='bbox 312 2684 438 2718; x_wconf 78' lang='lat' dir='ltr'>genus.</span> <span class='ocrx_word' id='word_1_302' title='bbox 504 2674 578 2708; x_wconf 84' lang='lat' dir='ltr'><strong>Sat.</strong></span> <span class='ocrx_word' id='word_1_303' title='bbox 610 2685 650 2714; x_wconf 84' lang='lat'>1,</span> <span class='ocrx_word' id='word_1_304' title='bbox 723 2673 812 2708; x_wconf 85' lang='lat'>106.</span> <span class='ocrx_word' id='word_1_305' title='bbox 932 2682 996 2708; x_wconf 83' lang='lat'>22.</span> <span class='ocrx_word' id='word_1_306' title='bbox 1029 2681 1069 2707; x_wconf 80' lang='lat' dir='ltr'>ut</span> <span class='ocrx_word' id='word_1_307' title='bbox 1089 2672 1208 2721; x_wconf 83' lang='lat' dir='ltr'>semel</span> <span class='ocrx_word' id='word_1_308' title='bbox 1227 2693 1284 2702; x_wconf 94' lang='lat'><strong>—</strong></span> <span class='ocrx_word' id='word_1_309' title='bbox 1309 2677 1443 2717; x_wconf 84' lang='lat' dir='ltr'>dicam.</span> <span class='ocrx_word' id='word_1_310' title='bbox 1474 2682 1523 2717; x_wconf 87' lang='lat' dir='ltr'>cf.</span> 
     </span>
    </p>
   </div>
   <div class='ocr_carea' id='block_1_10' title="bbox 164 2727 1382 2775">
    <p class='ocr_par' dir='ltr' id='par_1_11' title="bbox 164 2727 1382 2775">
     <span class='ocr_line' id='line_1_38' title="bbox 164 2727 1382 2775; baseline 0.003 -13"><span class='ocrx_word' id='word_1_311' title='bbox 164 2727 266 2762; x_wconf 85' lang='lat' dir='ltr'>Cave</span> <span class='ocrx_word' id='word_1_312' title='bbox 327 2738 455 2763; x_wconf 84' lang='lat' dir='ltr'>autem</span> <span class='ocrx_word' id='word_1_313' title='bbox 513 2741 603 2765; x_wconf 87' lang='lat' dir='ltr'>cum</span> <span class='ocrx_word' id='word_1_314' title='bbox 647 2730 813 2765; x_wconf 81' lang='lat' dir='ltr'>Gesnero</span> <span class='ocrx_word' id='word_1_315' title='bbox 878 2742 941 2771; x_wconf 84' lang='lat'>10,</span> <span class='ocrx_word' id='word_1_316' title='bbox 979 2744 1014 2771; x_wconf 89' lang='lat'>1,</span> <span class='ocrx_word' id='word_1_317' title='bbox 1050 2740 1113 2774; x_wconf 86' lang='lat'>17.</span> <span class='ocrx_word' id='word_1_318' title='bbox 1151 2744 1214 2774; x_wconf 84' lang='lat'>11,</span> <span class='ocrx_word' id='word_1_319' title='bbox 1250 2747 1285 2775; x_wconf 75' lang='grc' dir='ltr'>ι,</span> <span class='ocrx_word' id='word_1_320' title='bbox 1316 2734 1382 2771; x_wconf 86' lang='grc'>66.</span> 
     </span>
    </p>
   </div>
   <div class='ocr_carea' id='block_1_11' title="bbox 1530 795 1582 821">
    <p class='ocr_par' dir='ltr' id='par_1_12' title="bbox 1530 795 1582 821">
     <span class='ocr_line' id='line_1_39' title="bbox 1530 795 1582 821; baseline 0.019 -1"><span class='ocrx_word' id='word_1_321' title='bbox 1530 795 1582 821; x_wconf 85' lang='lat'>22</span> 
     </span>
    </p>
   </div>
  </div>
 </body>
</html>
