1779 3062
434 152 595 198 iNST.
636 153 916 200 ORATOR.
955 152 1076 198 LIB.
1115 152 1240 208 XII,
1278 167 1324 200 1.
1468 167 1563 211 ‘501

291 279 392 330 Ille
423 281 565 348 regit
598 280 744 328 dictis
775 284 998 340 animos,
1040 291 1092 329 et
1117 292 1334 345 pectora
1365 285 1564 341 mulcet.

212 412 392 484 Quid?
470 431 583 463 non
615 415 674 462 in
717 414 873 464 bellis
909 433 1126 482 quoque
1155 415 1299 464 idem
1332 417 1425 466 ille
1451 419 1563 478 vir,
1593 431 1641 472 28

209 508 374 557 quem
415 489 772 549 instituimus,
819 491 860 538 si
893 491 957 541 sit
995 494 1060 542 acl
1104 495 1374 559 proelium
1411 497 1565 546 miles

210 567 600 627 cohortandus,
641 585 705 617 ex
737 568 927 618 mediis
959 568 1240 635 sapientiae
1274 574 1563 638 praeceptis

209 647 508 696 orationem
547 646 752 694 trahet?
831 646 974 694 Nam
1010 647 1289 711 quomodo
1323 666 1561 715 pugnam

209 724 546 781 ineuntibus,
605 733 685 772 tot
725 722 884 772 simul
927 734 1097 773 metus
1132 725 1353 783 laboris,
1405 725 1562 774 dolo-

209 817 364 858 rum,
396 799 665 867 postremo
695 802 885 850 mortis
917 799 1080 865 ipsi-us
1113 802 1419 860 exciderint,
1457 801 1560 850 nisi

207 880 268 926 in
304 894 493 927 eorum
518 878 702 926 locum
730 879 921 943 pietas,
962 889 1015 925 et
1045 876 1336 936 fortitudo,
1374 889 1425 929 et
1459 878 1560 928 ho-

207 953 341 1004 nesti
363 952 603 1019 praesens
629 955 805 1020 imago
834 952 1158 1003 successerit?
1240 960 1386 1023 Quae
1419 967 1558 1004 certe
1589 969 1636 1007 29

206 1032 402 1080 melius
441 1029 777 1097 persuadebit
825 1033 969 1091 aliis,
1028 1033 1126 1098 qui
1162 1032 1314 1098 prius
1351 1031 1565 1098 persua-

205 1107 329 1157 serit
350 1106 462 1156 sibi.
544 1108 733 1157 Prodit
764 1111 909 1158 enim
944 1108 1022 1168 se,
1064 1109 1360 1174 quamlibet
1389 1109 1566 1159 custo-

206 1185 410 1243 diatur,
448 1183 745 1235 simulatio:
805 1204 902 1234 nec
936 1203 1178 1251 unquam
1216 1196 1357 1234 tanta
1396 1185 1564 1236 fuerit

206 1262 470 1328 loquendi
501 1260 747 1320 facultas,
788 1274 851 1312 ut
885 1282 997 1313 non
1028 1263 1220 1312 titubet
1252 1273 1410 1327 atque
1436 1264 1561 1312 hae-

204 1350 340 1406 reat,
382 1340 593 1406 quoties
629 1340 692 1389 ab
719 1341 902 1390 animo
924 1341 1086 1390 verba
1114 1336 1444 1395 dissentiunt,
1463 1341 1559 1390 Vir

203 1512 302 1555 esee)
347 1509 475 1546 Guelf.
519 1522 607 1546 cum
641 1509 747 1548 Voss'.
791 1518 828 1554 5.
873 1510 1012 1555 adjecit
1052 1507 1213 1557 reliqui.
1275 1509 1384 1544 dictis
1420 1511 1557 1546 amicos

202 1566 310 1604 Flor.

290 1652 356 1691 28.
408 1645 524 1695 simul
546 1659 686 1681 mecum
705 1659 784 1681 cum
803 1644 943 1680 laboris
965 1644 1099 1681 Turic.
1128 1643 1234 1680 Flor.
1488 1643 1556 1680 do-

199 1704 331 1740 lorum.
394 1704 456 1738 Sic
477 1703 610 1739 Tui-ic.
640 1702 745 1739 Flor.
774 1703 965 1737 Amb1·.>2.
998 1700 1131 1738 Guelf.
1155 1700 1274 1736 Goth.
1312 1703 1399 1746 (tac.
1425 1701 1556 1743 Gesn.)

201 1761 334 1808 Camp.
371 1773 458 1796 cum
489 1760 593 1796 Voff.
619 1768 656 1796 2.
679 1768 716 1802 5.
748 1760 890 1794 doloris
921 1757 1081 1805 reliqui.
1138 1754 1281 1804 honesti
1307 1759 1428 1805 patris
1454 1757 1554 1796 Jens.

202 1830 223 1852 e
247 1816 482 1866 compendio
501 1816 732 1863 scripturae,
765 1825 808 1850 ut
827 1825 930 1850 recte
952 1814 1061 1849 Gesn.
1095 1813 1169 1849 Sed
1192 1826 1239 1848 ne
1259 1813 1302 1850 in
1327 1814 1444 1851 Tarv.
1467 1813 1555 1862 qui·

203 1873 291 1910 dem
311 1872 490 1909 recurrit.
549 1871 780 1907 Inveniebat
807 1870 969 1919 Regius.

289 1984 354 2024 29.
389 1974 578 2024 loquendi.
648 1973 710 2008 Sic
742 1972 875 2007 Turic.
907 1971 1012 2008 flor.
1049 1969 1177 2008 Guelf.
1209 1971 1340 2020 Camp.
1373 1983 1405 2006 c.
1432 1970 1554 2007 Goth.

199 2033 305 2069 Alm.
339 2032 443 2068 Voff.
475 2040 513 2068 2.
545 2040 582 2073 5.
619 2029 716 2066 Obr.
748 2029 947 2077 eloquendi
971 2027 1129 2076 reliqui.
1191 2041 1266 2063 non
1295 2039 1368 2076 pro
1402 2036 1444 2062 ut
1475 2040 1554 2063 non

201 2089 337 2126 Turic.
361 2087 464 2123 Flor.
487 2087 621 2122 Ambr.
648 2098 683 2121 2.
718 2087 850 2133 Camp.
881 2099 974 2133 quae
995 2098 1067 2119 ηοη
1093 2085 1190 2120 Obr.
1253 2084 1384 2119 titubet
1415 2083 1552 2118 adhae-

201 2155 284 2183 reat
315 2146 455 2193 quoties
480 2143 583 2179 Flor.
607 2142 740 2177 Ambr.
769 2153 806 2177 2.
830 2141 959 2177 Guelf.
993 2154 1023 2176 c.
1046 2142 1150 2179 Voss.
1184 2154 1218 2176 ι.
1245 2151 1282 2185 3.
1316 2149 1341 2176 t.
1372 2154 1415 2175 ac
1447 2140 1482 2175 h.
1513 2138 1556 2189 φ’

177 2203 180 2206 ⁴
200 2203 360 2252 reliqui.
394 2199 642 2249 [Spaldingio
661 2194 809 2234 cei-tuin
837 2209 915 2233 erat
943 2197 1143 2233 eliminare
1163 2198 1349 2233 vitiosum
1372 2210 1426 2231 ac.
1487 2196 1554 2231 Ei.-

204 2261 291 2296 dem
313 2269 440 2294 tamen
461 2267 486 2292 t.
509 2257 731 2304 haereatque
753 2255 815 2290 edi
835 2254 990 2300 jubenti
1010 2268 1163 2290 morem
1185 2267 1264 2289 non
1288 2253 1392 2302 geffi.
1450 2253 1556 2292 Nam

204 2318 276 2364 qui
307 2325 343 2350 et
373 2326 453 2349 non
477 2313 606 2362 posuit
623 2312 707 2361 post
727 2321 856 2353 —et‚
889 2311 1015 2347 eidem
1049 2325 1118 2361 que
1150 2310 1358 2346 obtrudere
1389 2309 1554 2345 verebar

205 2371 291 2407 an'te
315 2385 449 2419 qu--.
511 2369 602 2404 Feci
620 2370 752 2417 itaque
777 2368 883 2416 quod
905 2381 1029 2403 unum
1050 2368 1233 2403 relictum
1257 2376 1346 2401 erat.
1361 2367 1552 2407 Burrum]

197 2427 269 2478 sub
291 2430 415 2464 animo
436 2425 562 2461 Guelf.
587 2426 679 2461 Exc.
703 2427 805 2460 Sant.
869 2425 968 2461 Mox
987 2437 1060 2474 pro
1085 2424 1150 2461 Vir
1170 2438 1203 2460 α.
1227 2437 1274 2458 m.
1297 2422 1401 2459 aliud
1419 2420 1552 2457 Turic-

206 2483 310 2522 Flor.
342 2486 399 2521 vir
420 2482 539 2518 bonus
559 2484 597 2516 in
616 2482 701 2518 aliis
722 2482 838 2519 aliud.

208 2642 390 2678 habemus.
445 2642 577 2678 Locus
604 2639 654 2675 est
683 2639 779 2677 Aen.
813 2653 850 2682 1,
966 2646 1034 2685 28.
1063 2652 1230 2689 pugnam
1252 2635 1474 2675 ineuntibus.
1500 2635 1549 2673 cf.

213 2706 304 2747 148.
911 2705 949 2738 2.
984 2697 1048 2739 ιδ.
1080 2704 1118 2742 8.
