1779 3062
255 196 350 246 154
575 186 649 232 Μ.
688 186 822 231 ΕΑΒ.
859 187 1277 247 QUINTILIANI

251 316 318 364 At
357 313 501 361 idem
536 311 644 370 ille,
685 312 782 376 qui
817 314 1035 378 excipit,
1076 311 1118 360 si
1150 311 1350 363 tardior
1381 316 1439 363 in
1475 314 1599 363 scri-

250 389 445 447 bendo,
485 399 576 437 aut
610 389 833 436 inertior
860 390 919 437 in
954 389 1197 454 legendo,
1237 376 1387 439 velut
1428 389 1597 440 offen}-

249 465 388 515 sator
417 465 606 529 fuerit,
654 465 928 514 inhibetur
965 465 1167 524 cursus,
1209 477 1367 531 atque
1405 470 1595 526 omnis,

251 561 386 608 quae
421 553 560 601 erat,
607 552 856 607 concepta
885 545 1077 591 mentis
1110 545 1524 606 intentiovmora*
1544 555 1595 593 et

174 643 224 669 ει
249 619 521 669 interdum
543 619 818 668 iracundia
837 621 1113 669 excutitur.
1169 624 1312 669 Tum
1333 621 1439 678 illa,
1461 638 1595 685 quae

247 698 491 746 altiorem
531 697 696 744 animi
737 706 945 745 motum
988 695 1314 760 sequuntur,
1354 714 1625 762 quaeque.

243 773 353 840 ipsa
389 774 628 822 animum
667 772 1071 838 quodammodo
1111 774 1401 832 concitant,
1459 791 1595 839 quo-

243 868 367 900 rum
407 849 480 898 est
528 854 716 912 jactare
759 867 1001 908 manum,
1074 861 1324 914 torquere
1366 852 1594 910 vultum,

243 927 403 977 simul
462 934 667 976 vertere
723 928 858 977 latus
914 937 966 975 et
1021 928 1237 975 interim
1298 928 1594 994 objurgare,

330 1082 395 1108 20.
440 1072 514 1112 ille,
542 1075 615 1122 qni.
656 1072 787 1108 Turic.
817 1071 920 1107 Flor.
952 1072 1042 1116 (hic
1073 1085 1091 1106 a
1124 1085 1181 1121 pr.
1206 1074 1285 1118 m.)
1316 1072 1503 1125 ornittunt
1532 1073 1594 1119 qui

242 1143 333 1166 cum
354 1128 458 1164 Alm.
660 1130 801 1163 tardi0r
821 1149 876 1155 —-
892 1147 946 1155 ·—-
966 1128 1137 1176 legendo.
1170 1130 1300 1164 Turio.
1330 1129 1415 1173 (hie
1435 1128 1594 1176 quidem

242 1200 329 1222 cum
361 1187 494 1233 Camp.
542 1185 657 1219 etiam
688 1185 795 1232 prius
836 1187 874 1218 in
916 1185 1082 1228 omittit)
1120 1184 1223 1219 Flor.
1264 1185 1347 1227 (hic
1377 1199 1397 1219 a
1430 1197 1487 1232 pr.
1520 1185 1591 1228 m.)

243 1252 269 1279 t.
294 1244 316 1277 ι’.
335 1241 368 1289 s.
391 1257 425 1276 a.
447 1243 617 1275 incertior
640 1250 676 1274 et
696 1241 901 1287 diligendo,
934 1254 1022 1275 cum
1041 1240 1144 1274 Alm.
1165 1241 1238 1274 nisi
1259 1242 1364 1288 quod
1387 1254 1434 1275 ex
1456 1240 1531 1274 hoc
1556 1249 1593 1274 et·

241 1312 322 1334 noxi
352 1299 530 1332 refertur.
563 1298 740 1331 Incertior
774 1296 887 1330 etiam
916 1295 1043 1332 Guelf.
1080 1308 1168 1331 cum
1193 1297 1308 1331 Bern.
1338 1309 1458 1343 marg.
1480 1294 1593 1332 Basil-

241 1366 279 1391 et
302 1355 445 1390 Vidov.
683 1350 897 1399 offensator.
949 1351 1080 1387 Turio.
1124 1351 1348 1401 offensatur,
1388 1367 1408 1387 a
1439 1353 1507 1387 sec.
1538 1365 1591 1387 m.

241 1410 456 1460 offensacus.
478 1409 582 1445 Flor.
607 1411 642 1453 (a
666 1423 723 1457 pr.
747 1411 820 1453 m.)
846 1407 1078 1456 offensatnm.
1305 1408 1436 1456 fuerit.
1457 1408 1590 1444 Turic-

240 1468 344 1503 Flor.
377 1470 414 1510 (a
433 1481 491 1516 pr.
517 1481 567 1501 m.
592 1465 774 1513 uterque)
806 1465 933 1500 Guelf.
960 1463 1042 1512 fuit
1073 1478 1160 1499 curn
1181 1466 1288 1502 Voff.
1319 1480 1352 1500 1.
1395 1464 1593 1513 Displicet

240 1535 404 1572 recepta.
438 1524 542 1570 Quid
573 1523 675 1557 enim
708 1521 757 1556 est
783 1521 885 1556 illud
917 1521 1049 1569 putidi
1076 1520 1326 1559 discriminis,
1357 1522 1499 1557 tardior
1527 1528 1593 1555 aut

240 1582 425 1615 inertior?
453 1581 504 1614 Et
526 1593 642 1627 quare
664 1579 769 1625 legat
791 1578 823 1612 is
847 1578 911 1612 cui
940 1576 1139 1611 dictatur?
1176 1579 1286 1617 Puto,
1320 1590 1407 1612 cum
1431 1577 1590 1623 jubetur

240 1649 261 1670 a
283 1636 462 1671 dictante.
494 1636 568 1671 Sed
588 1635 639 1670 sic
659 1647 738 1669 non
759 1634 879 1669 scriba
905 1634 1030 1673 miser,
1061 1646 1200 1667 vorum
1230 1633 1308 1681 ipse
1328 1634 1399 1669 fibi
1421 1632 1589 1681 impedi-

239 1703 371 1727 mento
397 1692 457 1733 est,
489 1692 558 1739 qui
581 1691 737 1740 cogitat.
799 1690 958 1724 lusuave
991 1689 1106 1724 etiam
1135 1689 1343 1736 asyndeton
1370 1701 1454 1724 ante
1474 1690 1586 1724 velut.

238 1749 444 1797 Refingam
478 1749 546 1782 ista
576 1748 682 1782 hunc
705 1747 746 1781 iu
779 1746 964 1781 modum:
996 1747 1043 1780 A.
1066 1747 1089 1779 i.
1115 1747 1138 1779 ι’.
1164 1759 1197 1794 q.
1222 1759 1252 1779 e.
1279 1745 1317 1794 si
1345 1743 1591 1794 tardiorscri-

239 1806 360 1840 hendo
386 1805 481 1847 (slve
508 1803 612 1853 ins.)
636 1812 700 1838 aut
724 1805 904 1842 incertior,
936 1811 971 1837 ec
991 1802 1146 1836 delendo
1172 1800 1493 1851 velut-offensator
1509 1801 1590 1848 fuit:

241 1863 337 1907 (sive
358 1861 506 1909 fuerit).
563 1859 682 1896 Nihil
711 1859 888 1908 profecto
921 1857 1084 1893 similius
1109 1870 1209 1905 equo
1239 1857 1457 1908 offensatori
1487 1858 1589 1904 (ejus

239 1918 343 1954 enim
383 1918 591 1966 proprium
632 1916 708 1952 1100
741 1914 979 1950 vocabulum
1022 1915 1210 1955 arbitror,
1273 1928 1494 1963 quanquam
1521 1913 1589 1949 hic

236 1975 361 2010 solum
394 1973 580 2014 oblatum,
614 1986 731 2021 quare
765 1972 942 2007 additum
973 1971 1102 2015 velut),
1134 1984 1249 2018 quam
1279 1971 1442 2007 delendo
1472 1971 1505 2006 [0
1527 1971 1587 2005 in·

238 2031 466 2080 tei-pellam.
499 2031 569 2078 qui
597 2030 738 2065 scribit.
800 2027 1042 2077 Oscitatorem
1074 2029 1309 2073 conjectanti
1337 2028 1460 2063 Badio
1495 2039 1587 2062 con-

238 2088 483 2124 donabimus.
528 2087 574 2122 cf.
613 2099 682 2126 10,
717 2096 764 2129 7,
801 2098 862 2120 10.
921 2093 1076 2127 11,¹5,
1114 2093 1203 2126 150.
1455 2081 1584 2131 cursus.

234 2145 368 2181 Turio.
400 2145 437 2188 (a
459 2145 526 2178 [ec.
552 2143 625 2188 m.)
657 2157 744 2178 cura
767 2143 855 2185 ejus.
1090 2150 1280 2186 concepta.
1312 2142 1400 2175 Hoc
1420 2139 1600 2185 conjecit*

233 2201 389 2249 Regius,
402 2199 502 2234 male
514 2199 758 2247 improbatus
768 2197 903 2234 Badio.
914 2197 1030 2233 Libri
1046 2196 1206 2244 quid‘em
1226 2209 1358 2232 omnes
1376 2204 1585 2243 conceptae.

323 2270 388 2294 21.
438 2257 620 2292 altiorem.
672 2256 736 2290 Sic
773 2253 900 2289 Guelf.
935 2266 1023 2288 cum
1059 2251 1209 2299 Gryph.
1241 2252 1421 2300 (1536.)
1454 2250 1583 2287 Coljn.

232 2315 380 2353 Vidov.
411 2325 533 2360 marg.
566 2312 675 2347 Baffl.
700 2311 796 2347 Obr.
832 2312 1018 2357 aptiorem
1040 2309 1170 2343 Tui-ic.
1202 2308 1305 2344 Flor.
1328 2310 1459 2356 Camp.
1497 2320 1587 2342 cum

235 2373 351 2406 Bern.
381 2371 427 2406 cf.
455 2381 516 2409 10,
554 2381 587 2409 x,
623 2369 686 2411 65.
729 2365 890 2414 Reliqui
919 2368 1153 2414 apertiorem.
1195 2366 1295 2400 iNffox
1320 2365 1452 2400 Turio.
1481 2363 1587 2399 Flor-

236 2437 375 2463 motum
399 2426 545 2465 animis,
577 2424 643 2460 hic
665 2423 791 2460 deleto
816 2436 834 2456 a
855 2423 923 2458 sec.
946 2436 997 2458 m.
1019 2424 1055 2457 S.
1273 2422 1426 2457 vultum.
1450 2422 1584 2455 Turic.

236 2484 340 2519 Flor.
370 2487 408 2528 (a
440 2496 498 2531 pr.
529 2495 581 2517 m.
616 2481 796 2528 uterque)
841 2480 1021 2514 volutum.
1299 2476 1414 2526 simul
1446 2486 1588 2512 vertere

237 2541 335 2575 latus
361 2549 397 2576 et
418 2540 575 2588 interim.
607 2537 739 2573 Turio.
765 2535 860 2586 sinti
880 2536 999 2570 elatus
1023 2536 1070 2574 i.‚
1105 2549 1125 2569 a
1143 2535 1212 2570 sec.
1234 2547 1288 2570 m.
1309 2533 1425 2582 sincie
1446 2533 1543 2568 latus
1560 2534 1584 2568 ι’.

298 2664 440 2699 tardior
453 2660 721 2711 -offensator
751 2660 882 2709 fuerit.
1002 2669 1065 2695 21.
1090 2657 1268 2705 simul—
1281 2658 1487 2705 objurgare.
1505 2655 1589 2692 vid.

234 2721 318 2758 vid.
340 2732 421 2757 not.
447 2721 532 2756 crit.
942 2727 1023 2753 not.
1043 2716 1128 2751 crit.
1162 2715 1267 2762 Quae
1287 2715 1356 2756 hie,
1370 2714 1444 2749 niti
1463 2713 1588 2750 solum
