<?xml version="1.0" encoding="UTF-8"?>
<!DOCTYPE html PUBLIC "-//W3C//DTD XHTML 1.0 Transitional//EN"
    "http://www.w3.org/TR/xhtml1/DTD/xhtml1-transitional.dtd">
<html xmlns="http://www.w3.org/1999/xhtml" xml:lang="en" lang="en">
 <head>
  <title>
</title>
<meta http-equiv="Content-Type" content="text/html;charset=utf-8" />
  <meta name='ocr-system' content='tesseract 3.04.00' />
  <meta name='ocr-capabilities' content='ocr_page ocr_carea ocr_par ocr_line ocrx_word'/>
</head>
<body>
  <div class='ocr_page' id='page_1' title='image "./deinstitutioneor04quinuoft_0362.png"; bbox 0 0 1779 3062; ppageno 0'>
   <div class='ocr_carea' id='block_1_1' title="bbox 267 147 1279 210">
    <p class='ocr_par' dir='ltr' id='par_1_1' title="bbox 267 147 1279 210">
     <span class='ocr_line' id='line_1_1' title="bbox 267 147 1279 210; baseline 0.003 -17"><span class='ocrx_word' id='word_1_1' title='bbox 267 147 366 205; x_wconf 77' lang='lat'>336</span> <span class='ocrx_word' id='word_1_2' title='bbox 579 147 655 193; x_wconf 89' lang='grc' dir='ltr'>Μ.</span> <span class='ocrx_word' id='word_1_3' title='bbox 690 149 826 195; x_wconf 83' lang='lat' dir='ltr'><strong>FAB.</strong></span> <span class='ocrx_word' id='word_1_4' title='bbox 867 150 1279 210; x_wconf 81' lang='lat' dir='ltr'><strong>QUINTILIANI</strong></span> 
     </span>
    </p>
   </div>
   <div class='ocr_carea' id='block_1_2' title="bbox 197 270 1601 570">
    <p class='ocr_par' dir='ltr' id='par_1_2' title="bbox 197 270 1601 570">
     <span class='ocr_line' id='line_1_2' title="bbox 267 270 1596 341; baseline 0.002 -18"><span class='ocrx_word' id='word_1_5' title='bbox 267 274 482 323; x_wconf 89' lang='lat' dir='ltr'>maciter</span> <span class='ocrx_word' id='word_1_6' title='bbox 501 270 797 331; x_wconf 81' lang='lat' dir='ltr'>consentio,</span> <span class='ocrx_word' id='word_1_7' title='bbox 834 277 1027 341; x_wconf 85' lang='lat' dir='ltr'>primas</span> <span class='ocrx_word' id='word_1_8' title='bbox 1052 288 1220 341; x_wconf 79' lang='lat' dir='ltr'>partes</span> <span class='ocrx_word' id='word_1_9' title='bbox 1248 275 1345 326; x_wconf 82' lang='lat' dir='ltr'>effe</span> <span class='ocrx_word' id='word_1_10' title='bbox 1368 286 1596 326; x_wconf 86' lang='lat' dir='ltr'>naturae.</span> 
     </span>
     <span class='ocr_line' id='line_1_3' title="bbox 197 350 1601 418; baseline 0.001 -18"><span class='ocrx_word' id='word_1_11' title='bbox 197 367 246 393; x_wconf 83' lang='lat'>²2</span> <span class='ocrx_word' id='word_1_12' title='bbox 268 352 410 400; x_wconf 90' lang='lat' dir='ltr'>Nam</span> <span class='ocrx_word' id='word_1_13' title='bbox 432 361 569 398; x_wconf 88' lang='lat' dir='ltr'>certe</span> <span class='ocrx_word' id='word_1_14' title='bbox 592 350 727 398; x_wconf 87' lang='lat' dir='ltr'>bene</span> <span class='ocrx_word' id='word_1_15' title='bbox 749 354 1100 417; x_wconf 84' lang='lat' dir='ltr'>pronunciare</span> <span class='ocrx_word' id='word_1_16' title='bbox 1121 371 1230 401; x_wconf 87' lang='lat' dir='ltr'>non</span> <span class='ocrx_word' id='word_1_17' title='bbox 1252 355 1471 418; x_wconf 86' lang='lat' dir='ltr'>poterit,</span> <span class='ocrx_word' id='word_1_18' title='bbox 1509 355 1601 402; x_wconf 86' lang='lat' dir='ltr'>cui</span> 
     </span>
     <span class='ocr_line' id='line_1_4' title="bbox 262 426 1598 494; baseline 0.003 -19"><span class='ocrx_word' id='word_1_19' title='bbox 262 437 351 476; x_wconf 90' lang='lat' dir='ltr'>aut</span> <span class='ocrx_word' id='word_1_20' title='bbox 372 428 431 475; x_wconf 93' lang='lat' dir='ltr'>in</span> <span class='ocrx_word' id='word_1_21' title='bbox 453 426 656 492; x_wconf 79' lang='lat' dir='ltr'>scriptis</span> <span class='ocrx_word' id='word_1_22' title='bbox 677 430 945 487; x_wconf 83' lang='lat' dir='ltr'>memoria,</span> <span class='ocrx_word' id='word_1_23' title='bbox 970 441 1058 477; x_wconf 88' lang='lat' dir='ltr'>aut</span> <span class='ocrx_word' id='word_1_24' title='bbox 1078 431 1134 477; x_wconf 90' lang='lat' dir='ltr'>in</span> <span class='ocrx_word' id='word_1_25' title='bbox 1159 431 1243 487; x_wconf 84' lang='lat' dir='ltr'>iis,</span> <span class='ocrx_word' id='word_1_26' title='bbox 1269 448 1401 494; x_wconf 87' lang='lat' dir='ltr'>quae</span> <span class='ocrx_word' id='word_1_27' title='bbox 1421 429 1598 480; x_wconf 83' lang='lat' dir='ltr'>subito</span> 
     </span>
     <span class='ocr_line' id='line_1_5' title="bbox 262 503 1598 570; baseline 0.002 -18"><span class='ocrx_word' id='word_1_28' title='bbox 262 503 486 552; x_wconf 88' lang='lat' dir='ltr'>dicenda</span> <span class='ocrx_word' id='word_1_29' title='bbox 517 514 686 561; x_wconf 90' lang='lat' dir='ltr'>erunt,</span> <span class='ocrx_word' id='word_1_30' title='bbox 726 503 944 554; x_wconf 81' lang='lat' dir='ltr'>facilitas</span> <span class='ocrx_word' id='word_1_31' title='bbox 973 517 1178 570; x_wconf 88' lang='lat' dir='ltr'>promta</span> <span class='ocrx_word' id='word_1_32' title='bbox 1204 505 1459 554; x_wconf 85' lang='lat' dir='ltr'>defuerit:</span> <span class='ocrx_word' id='word_1_33' title='bbox 1499 524 1598 555; x_wconf 89' lang='lat' dir='ltr'>nec</span> 
     </span>
    </p>
   </div>
   <div class='ocr_carea' id='block_1_3' title="bbox 191 579 1596 631">
    <p class='ocr_par' dir='ltr' id='par_1_3' title="bbox 191 579 1596 631">
     <span class='ocr_line' id='line_1_6' title="bbox 191 579 1596 631; baseline 0.002 -3"><span class='ocrx_word' id='word_1_34' title='bbox 191 607 194 612; x_wconf 93' lang='lat'>·</span> <span class='ocrx_word' id='word_1_35' title='bbox 259 579 303 628; x_wconf 79' lang='lat' dir='ltr'>[i</span> <span class='ocrx_word' id='word_1_36' title='bbox 335 581 744 629; x_wconf 85' lang='lat' dir='ltr'>inemendabilia</span> <span class='ocrx_word' id='word_1_37' title='bbox 784 582 889 630; x_wconf 83' lang='lat' dir='ltr'>oris</span> <span class='ocrx_word' id='word_1_38' title='bbox 928 582 1266 630; x_wconf 83' lang='lat' dir='ltr'>incommoda</span> <span class='ocrx_word' id='word_1_39' title='bbox 1303 582 1596 631; x_wconf 85' lang='lat' dir='ltr'>obstabunt.</span> 
     </span>
    </p>
   </div>
   <div class='ocr_carea' id='block_1_4' title="bbox 185 734 1173 792">
    <p class='ocr_par' dir='ltr' id='par_1_4' title="bbox 185 734 1173 792">
     <span class='ocr_line' id='line_1_7' title="bbox 185 734 1173 792; baseline 0.003 -11"><span class='ocrx_word' id='word_1_40' title='bbox 185 739 241 781; x_wconf 78' lang='lat'>&#39;²3</span> <span class='ocrx_word' id='word_1_41' title='bbox 262 735 438 792; x_wconf 87' lang='lat' dir='ltr'>mitas,</span> <span class='ocrx_word' id='word_1_42' title='bbox 485 744 546 783; x_wconf 90' lang='lat' dir='ltr'>ut</span> <span class='ocrx_word' id='word_1_43' title='bbox 588 734 736 783; x_wconf 90' lang='lat' dir='ltr'>nulla</span> <span class='ocrx_word' id='word_1_44' title='bbox 778 745 884 782; x_wconf 90' lang='lat' dir='ltr'>arte</span> <span class='ocrx_word' id='word_1_45' title='bbox 918 736 1173 784; x_wconf 81' lang='lat' dir='ltr'>vincatur.</span> 
     </span>
    </p>
   </div>
   <div class='ocr_carea' id='block_1_5' title="bbox 256 656 1601 1259">
    <p class='ocr_par' dir='ltr' id='par_1_5' title="bbox 256 656 1601 1259">
     <span class='ocr_line' id='line_1_8' title="bbox 262 656 1599 723; baseline 0.001 -17"><span class='ocrx_word' id='word_1_46' title='bbox 262 658 516 723; x_wconf 80' lang='lat' dir='ltr'>Corporis</span> <span class='ocrx_word' id='word_1_47' title='bbox 551 659 705 705; x_wconf 90' lang='lat' dir='ltr'>etiam</span> <span class='ocrx_word' id='word_1_48' title='bbox 737 657 905 722; x_wconf 84' lang='lat' dir='ltr'>potest</span> <span class='ocrx_word' id='word_1_49' title='bbox 936 656 1031 705; x_wconf 84' lang='lat' dir='ltr'>effe</span> <span class='ocrx_word' id='word_1_50' title='bbox 1062 659 1235 723; x_wconf 83' lang='lat' dir='ltr'>aliqua</span> <span class='ocrx_word' id='word_1_51' title='bbox 1263 669 1401 706; x_wconf 88' lang='lat' dir='ltr'>tanta</span> <span class='ocrx_word' id='word_1_52' title='bbox 1422 656 1599 707; x_wconf 86' lang='lat' dir='ltr'>defor-</span> 
     </span>
     <span class='ocr_line' id='line_1_9' title="bbox 1254 734 1599 785; baseline 0.003 -1"><span class='ocrx_word' id='word_1_53' title='bbox 1254 734 1355 784; x_wconf 84' lang='lat' dir='ltr'>Sed</span> <span class='ocrx_word' id='word_1_54' title='bbox 1389 752 1456 783; x_wconf 91' lang='lat' dir='ltr'>ne</span> <span class='ocrx_word' id='word_1_55' title='bbox 1491 752 1599 785; x_wconf 84' lang='lat' dir='ltr'>vox</span> 
     </span>
     <span class='ocr_line' id='line_1_10' title="bbox 259 811 1600 877; baseline 0.001 -18"><span class='ocrx_word' id='word_1_56' title='bbox 259 811 482 877; x_wconf 85' lang='lat' dir='ltr'>quidem</span> <span class='ocrx_word' id='word_1_57' title='bbox 518 812 666 860; x_wconf 84' lang='lat' dir='ltr'>exilis</span> <span class='ocrx_word' id='word_1_58' title='bbox 695 813 954 860; x_wconf 85' lang='lat' dir='ltr'>actionem</span> <span class='ocrx_word' id='word_1_59' title='bbox 991 812 1182 860; x_wconf 84' lang='lat' dir='ltr'>habere</span> <span class='ocrx_word' id='word_1_60' title='bbox 1217 813 1471 876; x_wconf 87' lang='lat' dir='ltr'>optimam</span> <span class='ocrx_word' id='word_1_61' title='bbox 1503 829 1600 877; x_wconf 87' lang='lat' dir='ltr'>po-</span> 
     </span>
     <span class='ocr_line' id='line_1_11' title="bbox 259 886 1598 953; baseline 0.001 -17"><span class='ocrx_word' id='word_1_62' title='bbox 259 887 368 936; x_wconf 86' lang='lat' dir='ltr'>test.</span> <span class='ocrx_word' id='word_1_63' title='bbox 449 890 593 936; x_wconf 88' lang='lat' dir='ltr'>Bona</span> <span class='ocrx_word' id='word_1_64' title='bbox 637 888 777 935; x_wconf 89' lang='lat' dir='ltr'>enim</span> <span class='ocrx_word' id='word_1_65' title='bbox 811 886 1074 953; x_wconf 81' lang='lat' dir='ltr'>firmaque</span> <span class='ocrx_word' id='word_1_66' title='bbox 1118 899 1177 936; x_wconf 91' lang='lat' dir='ltr'>ut</span> <span class='ocrx_word' id='word_1_67' title='bbox 1219 889 1474 937; x_wconf 81' lang='lat' dir='ltr'>volumus</span> <span class='ocrx_word' id='word_1_68' title='bbox 1519 890 1598 938; x_wconf 89' lang='lat' dir='ltr'>uti</span> 
     </span>
     <span class='ocr_line' id='line_1_12' title="bbox 259 964 1601 1022; baseline 0.001 -9"><span class='ocrx_word' id='word_1_69' title='bbox 259 966 413 1013; x_wconf 87' lang='lat' dir='ltr'>licet:</span> <span class='ocrx_word' id='word_1_70' title='bbox 452 965 586 1012; x_wconf 84' lang='lat' dir='ltr'>mala</span> <span class='ocrx_word' id='word_1_71' title='bbox 608 965 694 1012; x_wconf 86' lang='lat' dir='ltr'>vel</span> <span class='ocrx_word' id='word_1_72' title='bbox 719 964 983 1012; x_wconf 89' lang='lat' dir='ltr'>imbecilla</span> <span class='ocrx_word' id='word_1_73' title='bbox 1009 976 1061 1012; x_wconf 90' lang='lat' dir='ltr'>et</span> <span class='ocrx_word' id='word_1_74' title='bbox 1084 965 1290 1012; x_wconf 87' lang='lat' dir='ltr'>inhibet</span> <span class='ocrx_word' id='word_1_75' title='bbox 1313 966 1496 1022; x_wconf 88' lang='lat' dir='ltr'>multa,</span> <span class='ocrx_word' id='word_1_76' title='bbox 1536 977 1601 1014; x_wconf 87' lang='lat' dir='ltr'>ut</span> 
     </span>
     <span class='ocr_line' id='line_1_13' title="bbox 257 1040 1599 1106; baseline 0.001 -17"><span class='ocrx_word' id='word_1_77' title='bbox 257 1040 529 1106; x_wconf 79' lang='lat' dir='ltr'>insurgere</span> <span class='ocrx_word' id='word_1_78' title='bbox 567 1051 618 1089; x_wconf 88' lang='lat' dir='ltr'>et</span> <span class='ocrx_word' id='word_1_79' title='bbox 659 1041 971 1099; x_wconf 81' lang='lat' dir='ltr'>exclamare3</span> <span class='ocrx_word' id='word_1_80' title='bbox 1028 1052 1079 1090; x_wconf 91' lang='lat' dir='ltr'>et</span> <span class='ocrx_word' id='word_1_81' title='bbox 1113 1042 1288 1106; x_wconf 86' lang='lat' dir='ltr'>aliqua</span> <span class='ocrx_word' id='word_1_82' title='bbox 1321 1044 1486 1106; x_wconf 82' lang='lat' dir='ltr'>cogit,</span> <span class='ocrx_word' id='word_1_83' title='bbox 1538 1052 1599 1091; x_wconf 88' lang='lat' dir='ltr'>ut</span> 
     </span>
     <span class='ocr_line' id='line_1_14' title="bbox 256 1116 1594 1174; baseline 0.001 -8"><span class='ocrx_word' id='word_1_84' title='bbox 256 1120 604 1166; x_wconf 85' lang='lat' dir='ltr'>intermittere</span> <span class='ocrx_word' id='word_1_85' title='bbox 641 1128 693 1165; x_wconf 91' lang='lat' dir='ltr'>et</span> <span class='ocrx_word' id='word_1_86' title='bbox 733 1116 1036 1174; x_wconf 87' lang='lat' dir='ltr'>deflectere,</span> <span class='ocrx_word' id='word_1_87' title='bbox 1086 1128 1137 1165; x_wconf 89' lang='lat' dir='ltr'>et</span> <span class='ocrx_word' id='word_1_88' title='bbox 1166 1117 1299 1166; x_wconf 81' lang='lat' dir='ltr'>rasas</span> <span class='ocrx_word' id='word_1_89' title='bbox 1327 1117 1503 1167; x_wconf 86' lang='lat' dir='ltr'>fauces</span> <span class='ocrx_word' id='word_1_90' title='bbox 1537 1136 1594 1167; x_wconf 87' lang='lat' dir='ltr'>ac</span> 
     </span>
     <span class='ocr_line' id='line_1_15' title="bbox 256 1191 1595 1259; baseline 0.001 -16"><span class='ocrx_word' id='word_1_91' title='bbox 256 1196 392 1244; x_wconf 88' lang='lat' dir='ltr'>latus</span> <span class='ocrx_word' id='word_1_92' title='bbox 411 1193 687 1259; x_wconf 84' lang='lat' dir='ltr'>fatigatum</span> <span class='ocrx_word' id='word_1_93' title='bbox 708 1191 939 1241; x_wconf 86' lang='lat' dir='ltr'>deformi</span> <span class='ocrx_word' id='word_1_94' title='bbox 964 1195 1164 1244; x_wconf 89' lang='lat' dir='ltr'>cantico</span> <span class='ocrx_word' id='word_1_95' title='bbox 1189 1193 1422 1242; x_wconf 84' lang='lat' dir='ltr'>reficere.</span> <span class='ocrx_word' id='word_1_96' title='bbox 1491 1195 1595 1244; x_wconf 77' lang='lat' dir='ltr'>Sed</span> 
     </span>
    </p>
   </div>
   <div class='ocr_carea' id='block_1_6' title="bbox 259 1338 1593 1388">
    <p class='ocr_par' dir='ltr' id='par_1_6' title="bbox 259 1338 1593 1388">
     <span class='ocr_line' id='line_1_16' title="bbox 259 1338 1593 1388; baseline 0 -14"><span class='ocrx_word' id='word_1_97' title='bbox 259 1338 458 1388; x_wconf 83' lang='lat' dir='ltr'>consentio,</span> <span class='ocrx_word' id='word_1_98' title='bbox 488 1350 583 1373; x_wconf 79' lang='lat' dir='ltr'>mox</span> <span class='ocrx_word' id='word_1_99' title='bbox 608 1338 752 1373; x_wconf 87' lang='lat' dir='ltr'>iterum</span> <span class='ocrx_word' id='word_1_100' title='bbox 783 1338 886 1373; x_wconf 79' lang='lat' dir='ltr'>dans.</span> <span class='ocrx_word' id='word_1_101' title='bbox 915 1340 952 1372; x_wconf 79' lang='lat' dir='ltr'>in</span> <span class='ocrx_word' id='word_1_102' title='bbox 983 1349 1068 1373; x_wconf 85' lang='lat' dir='ltr'>ante</span> <span class='ocrx_word' id='word_1_103' title='bbox 1090 1338 1237 1388; x_wconf 81' lang='lat' dir='ltr'>scriptis</span> <span class='ocrx_word' id='word_1_104' title='bbox 1256 1339 1443 1374; x_wconf 75' lang='lat' dir='ltr'>omittunt</span> <span class='ocrx_word' id='word_1_105' title='bbox 1462 1339 1593 1375; x_wconf 77' lang='lat' dir='ltr'>Turic-</span> 
     </span>
    </p>
   </div>
   <div class='ocr_carea' id='block_1_7' title="bbox 258 1394 1075 1444">
    <p class='ocr_par' dir='ltr' id='par_1_7' title="bbox 258 1394 1075 1444">
     <span class='ocr_line' id='line_1_17' title="bbox 258 1394 1075 1444; baseline -0.001 -12"><span class='ocrx_word' id='word_1_106' title='bbox 258 1395 363 1432; x_wconf 79' lang='lat' dir='ltr'>Flor.</span> <span class='ocrx_word' id='word_1_107' title='bbox 385 1395 572 1444; x_wconf 73' lang='lat' dir='ltr'>defuerint</span> <span class='ocrx_word' id='word_1_108' title='bbox 589 1394 724 1432; x_wconf 87' lang='lat' dir='ltr'>Ambr.</span> <span class='ocrx_word' id='word_1_109' title='bbox 749 1404 784 1431; x_wconf 85' lang='lat'>2.</span> <span class='ocrx_word' id='word_1_110' title='bbox 812 1408 898 1429; x_wconf 88' lang='lat' dir='ltr'>cum</span> <span class='ocrx_word' id='word_1_111' title='bbox 911 1395 1013 1434; x_wconf 74' lang='lat' dir='ltr'>Voss&#39;.</span> <span class='ocrx_word' id='word_1_112' title='bbox 1041 1407 1075 1431; x_wconf 85' lang='lat'>1.</span> 
     </span>
    </p>
   </div>
   <div class='ocr_carea' id='block_1_8' title="bbox 254 1484 1594 1983">
    <p class='ocr_par' dir='ltr' id='par_1_8' title="bbox 254 1484 1594 1983">
     <span class='ocr_line' id='line_1_18' title="bbox 348 1484 1594 1535; baseline 0 -15"><span class='ocrx_word' id='word_1_113' title='bbox 348 1495 409 1529; x_wconf 78' lang='lat'>15.</span> <span class='ocrx_word' id='word_1_114' title='bbox 441 1487 558 1522; x_wconf 80' lang='lat' dir='ltr'>exilis.</span> <span class='ocrx_word' id='word_1_115' title='bbox 591 1485 653 1520; x_wconf 83' lang='lat' dir='ltr'>Sic</span> <span class='ocrx_word' id='word_1_116' title='bbox 674 1485 806 1519; x_wconf 85' lang='lat' dir='ltr'>Turic.</span> <span class='ocrx_word' id='word_1_117' title='bbox 828 1484 933 1519; x_wconf 83' lang='lat' dir='ltr'>Flor.</span> <span class='ocrx_word' id='word_1_118' title='bbox 981 1486 1041 1518; x_wconf 88' lang='lat' dir='ltr'>Ex</span> <span class='ocrx_word' id='word_1_119' title='bbox 1062 1484 1163 1520; x_wconf 80' lang='lat' dir='ltr'>Alm.</span> <span class='ocrx_word' id='word_1_120' title='bbox 1192 1485 1306 1521; x_wconf 79' lang='lat' dir='ltr'>exilii.</span> <span class='ocrx_word' id='word_1_121' title='bbox 1343 1484 1503 1533; x_wconf 86' lang='lat' dir='ltr'>Reliqui</span> <span class='ocrx_word' id='word_1_122' title='bbox 1523 1485 1594 1535; x_wconf 81' lang='lat' dir='ltr'>nifi</span> 
     </span>
     <span class='ocr_line' id='line_1_19' title="bbox 254 1539 1594 1578; baseline -0.001 0"><span class='ocrx_word' id='word_1_123' title='bbox 254 1544 430 1578; x_wconf 80' lang='lat' dir='ltr'>liberalis.</span> <span class='ocrx_word' id='word_1_124' title='bbox 472 1544 571 1577; x_wconf 64' lang='lat' dir='ltr'>Diox</span> <span class='ocrx_word' id='word_1_125' title='bbox 604 1541 734 1575; x_wconf 80' lang='lat' dir='ltr'>habere</span> <span class='ocrx_word' id='word_1_126' title='bbox 769 1540 917 1576; x_wconf 86' lang='lat' dir='ltr'>omittit</span> <span class='ocrx_word' id='word_1_127' title='bbox 951 1540 1083 1576; x_wconf 76' lang='lat' dir='ltr'>Turio.</span> <span class='ocrx_word' id='word_1_128' title='bbox 1115 1539 1208 1576; x_wconf 86' lang='lat' dir='ltr'>item</span> <span class='ocrx_word' id='word_1_129' title='bbox 1239 1550 1279 1575; x_wconf 80' lang='lat' dir='ltr'>ut</span> <span class='ocrx_word' id='word_1_130' title='bbox 1311 1553 1396 1577; x_wconf 80' lang='lat' dir='ltr'>ante</span> <span class='ocrx_word' id='word_1_131' title='bbox 1425 1543 1594 1577; x_wconf 83' lang='lat' dir='ltr'>volumus</span> 
     </span>
     <span class='ocr_line' id='line_1_20' title="bbox 256 1595 1591 1646; baseline -0.001 -12"><span class='ocrx_word' id='word_1_132' title='bbox 256 1601 445 1635; x_wconf 86' lang='lat' dir='ltr'>omittunt</span> <span class='ocrx_word' id='word_1_133' title='bbox 471 1598 603 1633; x_wconf 81' lang='lat' dir='ltr'>Turio.</span> <span class='ocrx_word' id='word_1_134' title='bbox 626 1599 758 1644; x_wconf 88' lang='lat' dir='ltr'>Camp.</span> <span class='ocrx_word' id='word_1_135' title='bbox 802 1599 876 1631; x_wconf 86' lang='lat' dir='ltr'>Pro</span> <span class='ocrx_word' id='word_1_136' title='bbox 897 1597 1033 1632; x_wconf 82' lang='lat' dir='ltr'>eodem</span> <span class='ocrx_word' id='word_1_137' title='bbox 1055 1596 1158 1632; x_wconf 85' lang='lat' dir='ltr'>Flor.</span> <span class='ocrx_word' id='word_1_138' title='bbox 1178 1595 1245 1644; x_wconf 78' lang='lat' dir='ltr'>sit.</span> <span class='ocrx_word' id='word_1_139' title='bbox 1478 1598 1591 1646; x_wconf 83' lang='lat' dir='ltr'>insur-</span> 
     </span>
     <span class='ocr_line' id='line_1_21' title="bbox 254 1651 1591 1704; baseline 0 -13"><span class='ocrx_word' id='word_1_140' title='bbox 254 1669 342 1704; x_wconf 79' lang='lat' dir='ltr'>gere</span> <span class='ocrx_word' id='word_1_141' title='bbox 372 1663 407 1688; x_wconf 84' lang='lat' dir='ltr'>et</span> <span class='ocrx_word' id='word_1_142' title='bbox 439 1654 654 1688; x_wconf 78' lang='lat' dir='ltr'>exclamare.</span> <span class='ocrx_word' id='word_1_143' title='bbox 697 1653 760 1687; x_wconf 82' lang='lat' dir='ltr'>Sic</span> <span class='ocrx_word' id='word_1_144' title='bbox 780 1651 891 1687; x_wconf 76' lang='lat' dir='ltr'>Bam.</span> <span class='ocrx_word' id='word_1_145' title='bbox 925 1655 948 1688; x_wconf 83' lang='lat' dir='ltr'>i.</span> <span class='ocrx_word' id='word_1_146' title='bbox 983 1663 1019 1687; x_wconf 80' lang='lat' dir='ltr'>et</span> <span class='ocrx_word' id='word_1_147' title='bbox 1048 1653 1204 1687; x_wconf 76' lang='lat' dir='ltr'>clamare</span> <span class='ocrx_word' id='word_1_148' title='bbox 1223 1652 1324 1689; x_wconf 87' lang='lat' dir='ltr'>Flor.</span> <span class='ocrx_word' id='word_1_149' title='bbox 1347 1655 1399 1700; x_wconf 83' lang='lat' dir='ltr'>¹(a</span> <span class='ocrx_word' id='word_1_150' title='bbox 1420 1667 1477 1702; x_wconf 80' lang='lat' dir='ltr'>pr.</span> <span class='ocrx_word' id='word_1_151' title='bbox 1497 1668 1547 1689; x_wconf 90' lang='lat' dir='ltr'>m.</span> <span class='ocrx_word' id='word_1_152' title='bbox 1560 1656 1591 1697; x_wconf 90' lang='lat'>).</span> 
     </span>
     <span class='ocr_line' id='line_1_22' title="bbox 254 1709 1592 1758; baseline -0.001 -11"><span class='ocrx_word' id='word_1_153' title='bbox 254 1711 415 1758; x_wconf 78' lang='lat' dir='ltr'>Reliqui</span> <span class='ocrx_word' id='word_1_154' title='bbox 437 1711 623 1745; x_wconf 88' lang='lat' dir='ltr'>omittunt</span> <span class='ocrx_word' id='word_1_155' title='bbox 639 1718 685 1745; x_wconf 80' lang='lat' dir='ltr'>et.</span> <span class='ocrx_word' id='word_1_156' title='bbox 917 1718 957 1743; x_wconf 83' lang='lat' dir='ltr'>ut</span> <span class='ocrx_word' id='word_1_157' title='bbox 977 1711 1224 1744; x_wconf 72' lang='lat' dir='ltr'>intermittere.</span> <span class='ocrx_word' id='word_1_158' title='bbox 1256 1710 1318 1744; x_wconf 86' lang='lat' dir='ltr'>Sic</span> <span class='ocrx_word' id='word_1_159' title='bbox 1340 1711 1470 1744; x_wconf 82' lang='lat' dir='ltr'>Turic.</span> <span class='ocrx_word' id='word_1_160' title='bbox 1488 1709 1592 1745; x_wconf 77' lang='lat' dir='ltr'>Flor-</span> 
     </span>
     <span class='ocr_line' id='line_1_23' title="bbox 255 1764 1593 1814; baseline -0.002 -11"><span class='ocrx_word' id='word_1_161' title='bbox 255 1780 345 1803; x_wconf 87' lang='lat' dir='ltr'>curn</span> <span class='ocrx_word' id='word_1_162' title='bbox 377 1766 478 1801; x_wconf 91' lang='lat' dir='ltr'>Alm.</span> <span class='ocrx_word' id='word_1_163' title='bbox 510 1775 549 1800; x_wconf 85' lang='lat' dir='ltr'>ut</span> <span class='ocrx_word' id='word_1_164' title='bbox 575 1766 634 1800; x_wconf 80' lang='lat' dir='ltr'>vel</span> <span class='ocrx_word' id='word_1_165' title='bbox 659 1764 736 1812; x_wconf 68' lang='lat' dir='ltr'>sihi</span> <span class='ocrx_word' id='word_1_166' title='bbox 765 1766 1002 1800; x_wconf 72' lang='lat' dir='ltr'>intermittere</span> <span class='ocrx_word' id='word_1_167' title='bbox 1023 1767 1155 1813; x_wconf 83' lang='lat' dir='ltr'>Camp.</span> <span class='ocrx_word' id='word_1_168' title='bbox 1189 1765 1349 1812; x_wconf 83' lang='lat' dir='ltr'>Reliqui</span> <span class='ocrx_word' id='word_1_169' title='bbox 1369 1775 1408 1800; x_wconf 84' lang='lat' dir='ltr'>ut</span> <span class='ocrx_word' id='word_1_170' title='bbox 1423 1765 1593 1814; x_wconf 85' lang='lat' dir='ltr'>summit-</span> 
     </span>
     <span class='ocr_line' id='line_1_24' title="bbox 256 1821 1592 1863; baseline 0 -6"><span class='ocrx_word' id='word_1_171' title='bbox 256 1833 341 1859; x_wconf 81' lang='lat' dir='ltr'>tere.</span> <span class='ocrx_word' id='word_1_172' title='bbox 375 1824 474 1856; x_wconf 83' lang='lat' dir='ltr'>Mox</span> <span class='ocrx_word' id='word_1_173' title='bbox 493 1831 527 1855; x_wconf 80' lang='lat' dir='ltr'>et</span> <span class='ocrx_word' id='word_1_174' title='bbox 550 1822 757 1857; x_wconf 84' lang='lat' dir='ltr'>nobiscum</span> <span class='ocrx_word' id='word_1_175' title='bbox 779 1821 868 1857; x_wconf 71' lang='lat' dir='ltr'>dant</span> <span class='ocrx_word' id='word_1_176' title='bbox 887 1821 1018 1855; x_wconf 83' lang='lat' dir='ltr'>Turio.</span> <span class='ocrx_word' id='word_1_177' title='bbox 1032 1821 1165 1856; x_wconf 80' lang='lat' dir='ltr'>Ambr.</span> <span class='ocrx_word' id='word_1_178' title='bbox 1180 1831 1215 1855; x_wconf 89' lang='lat'>2.</span> <span class='ocrx_word' id='word_1_179' title='bbox 1236 1821 1362 1856; x_wconf 87' lang='lat' dir='ltr'>Guelf.</span> <span class='ocrx_word' id='word_1_180' title='bbox 1385 1822 1489 1859; x_wconf 70' lang='lat' dir='ltr'>Voss&#39;.</span> <span class='ocrx_word' id='word_1_181' title='bbox 1510 1835 1539 1855; x_wconf 86' lang='grc' dir='ltr'>ι.</span> <span class='ocrx_word' id='word_1_182' title='bbox 1554 1830 1592 1863; x_wconf 82' lang='grc'>5.</span> 
     </span>
     <span class='ocr_line' id='line_1_25' title="bbox 255 1877 1588 1928; baseline -0.001 -14"><span class='ocrx_word' id='word_1_183' title='bbox 255 1879 417 1928; x_wconf 85' lang='lat' dir='ltr'>Reliqui</span> <span class='ocrx_word' id='word_1_184' title='bbox 439 1879 637 1913; x_wconf 87' lang='lat' dir='ltr'>omittunt.</span> <span class='ocrx_word' id='word_1_185' title='bbox 837 1877 950 1926; x_wconf 74' lang='lat' dir='ltr'>rasaS.</span> <span class='ocrx_word' id='word_1_186' title='bbox 984 1878 1115 1925; x_wconf 84' lang='lat' dir='ltr'>Camp.</span> <span class='ocrx_word' id='word_1_187' title='bbox 1135 1891 1262 1912; x_wconf 81' lang='lat' dir='ltr'>raucas</span> <span class='ocrx_word' id='word_1_188' title='bbox 1284 1890 1371 1912; x_wconf 83' lang='lat' dir='ltr'>curn</span> <span class='ocrx_word' id='word_1_189' title='bbox 1393 1877 1477 1913; x_wconf 85' lang='lat' dir='ltr'>edd.</span> <span class='ocrx_word' id='word_1_190' title='bbox 1501 1887 1588 1913; x_wconf 81' lang='lat' dir='ltr'>ante</span> 
     </span>
     <span class='ocr_line' id='line_1_26' title="bbox 258 1933 1359 1983; baseline -0.004 -11"><span class='ocrx_word' id='word_1_191' title='bbox 258 1936 356 1973; x_wconf 84' lang='lat' dir='ltr'>Obr.</span> <span class='ocrx_word' id='word_1_192' title='bbox 380 1935 453 1970; x_wconf 77' lang='lat' dir='ltr'>nisi</span> <span class='ocrx_word' id='word_1_193' title='bbox 472 1935 579 1982; x_wconf 85' lang='lat' dir='ltr'>quod</span> <span class='ocrx_word' id='word_1_194' title='bbox 598 1934 770 1969; x_wconf 82' lang='lat' dir='ltr'>nostrum</span> <span class='ocrx_word' id='word_1_195' title='bbox 794 1935 837 1971; x_wconf 88' lang='lat' dir='ltr'>in</span> <span class='ocrx_word' id='word_1_196' title='bbox 855 1947 974 1982; x_wconf 84' lang='lat' dir='ltr'>marg.</span> <span class='ocrx_word' id='word_1_197' title='bbox 994 1933 1163 1982; x_wconf 79' lang='lat' dir='ltr'>Gryphii</span> <span class='ocrx_word' id='word_1_198' title='bbox 1184 1933 1359 1983; x_wconf 68' lang='lat'><strong>(1544).</strong></span> 
     </span>
    </p>
   </div>
   <div class='ocr_carea' id='block_1_9' title="bbox 251 2055 1587 2107">
    <p class='ocr_par' dir='ltr' id='par_1_9' title="bbox 251 2055 1587 2107">
     <span class='ocr_line' id='line_1_27' title="bbox 251 2055 1587 2107; baseline -0.003 -11"><span class='ocrx_word' id='word_1_199' title='bbox 251 2074 367 2099; x_wconf 84' lang='lat' dir='ltr'>unam</span> <span class='ocrx_word' id='word_1_200' title='bbox 394 2071 533 2095; x_wconf 85' lang='lat' dir='ltr'>vocem</span> <span class='ocrx_word' id='word_1_201' title='bbox 554 2055 732 2094; x_wconf 71' lang='lat' dir='ltr'>coaluin‘e</span> <span class='ocrx_word' id='word_1_202' title='bbox 756 2069 893 2107; x_wconf 87' lang='lat' dir='ltr'>putan-</span> <span class='ocrx_word' id='word_1_203' title='bbox 948 2057 1231 2105; x_wconf 80' lang='lat' dir='ltr'>pronunciandi</span> <span class='ocrx_word' id='word_1_204' title='bbox 1251 2057 1423 2096; x_wconf 79' lang='lat' dir='ltr'>modum,</span> <span class='ocrx_word' id='word_1_205' title='bbox 1455 2057 1587 2093; x_wconf 83' lang='lat' dir='ltr'>consu-</span> 
     </span>
    </p>
   </div>
   <div class='ocr_carea' id='block_1_10' title="bbox 247 2112 894 2721">
    <p class='ocr_par' dir='ltr' id='par_1_10' title="bbox 254 2112 893 2272">
     <span class='ocr_line' id='line_1_28' title="bbox 255 2112 893 2154; baseline -0.008 0"><span class='ocrx_word' id='word_1_206' title='bbox 255 2119 323 2154; x_wconf 83' lang='lat' dir='ltr'>dac</span> <span class='ocrx_word' id='word_1_207' title='bbox 354 2117 438 2152; x_wconf 80' lang='lat' dir='ltr'>l&#39;unt</span> <span class='ocrx_word' id='word_1_208' title='bbox 469 2115 576 2154; x_wconf 79' lang='lat' dir='ltr'>duae,</span> <span class='ocrx_word' id='word_1_209' title='bbox 604 2112 714 2150; x_wconf 78' lang='lat' dir='ltr'>velut</span> <span class='ocrx_word' id='word_1_210' title='bbox 735 2129 807 2149; x_wconf 82' lang='lat' dir='ltr'>non</span> <span class='ocrx_word' id='word_1_211' title='bbox 835 2131 893 2150; x_wconf 87' lang='lat' dir='ltr'>ar-</span> 
     </span>
     <span class='ocr_line' id='line_1_29' title="bbox 254 2170 890 2221; baseline -0.006 -13"><span class='ocrx_word' id='word_1_212' title='bbox 254 2182 429 2221; x_wconf 68' lang='lat' dir='ltr'>roganter</span> <span class='ocrx_word' id='word_1_213' title='bbox 443 2172 552 2219; x_wconf 80' lang='lat' dir='ltr'>supra</span> <span class='ocrx_word' id='word_1_214' title='bbox 574 2176 613 2216; x_wconf 75' lang='lat'>4,</span> <span class='ocrx_word' id='word_1_215' title='bbox 630 2182 668 2215; x_wconf 85' lang='lat'>2,</span> <span class='ocrx_word' id='word_1_216' title='bbox 681 2170 745 2215; x_wconf 82' lang='grc'>86.</span> <span class='ocrx_word' id='word_1_217' title='bbox 768 2172 814 2206; x_wconf 82' lang='lat' dir='ltr'>cf.</span> <span class='ocrx_word' id='word_1_218' title='bbox 831 2181 890 2211; x_wconf 76' lang='lat'>12,</span> 
     </span>
     <span class='ocr_line' id='line_1_30' title="bbox 259 2242 387 2272; baseline 0 -7"><span class='ocrx_word' id='word_1_219' title='bbox 259 2244 294 2272; x_wconf 79' lang='grc' dir='ltr'>ι,</span> <span class='ocrx_word' id='word_1_220' title='bbox 322 2242 387 2266; x_wconf 86' lang='lat'>20·</span> 
     </span>
    </p>

    <p class='ocr_par' dir='ltr' id='par_1_11' title="bbox 247 2281 894 2721">
     <span class='ocr_line' id='line_1_31' title="bbox 318 2281 894 2332; baseline -0.009 -11"><span class='ocrx_word' id='word_1_221' title='bbox 318 2295 380 2329; x_wconf 80' lang='lat'>15.</span> <span class='ocrx_word' id='word_1_222' title='bbox 422 2281 525 2332; x_wconf 80' lang='lat' dir='ltr'>rasas</span> <span class='ocrx_word' id='word_1_223' title='bbox 544 2281 674 2330; x_wconf 77' lang='lat' dir='ltr'>fauces</span> <span class='ocrx_word' id='word_1_224' title='bbox 695 2303 746 2311; x_wconf 93' lang='grc'>-</span> <span class='ocrx_word' id='word_1_225' title='bbox 766 2281 894 2329; x_wconf 84' lang='lat' dir='ltr'>refice-</span> 
     </span>
     <span class='ocr_line' id='line_1_32' title="bbox 255 2338 893 2388; baseline -0.008 -11"><span class='ocrx_word' id='word_1_226' title='bbox 255 2358 306 2380; x_wconf 85' lang='lat' dir='ltr'>re.</span> <span class='ocrx_word' id='word_1_227' title='bbox 338 2344 384 2376; x_wconf 85' lang='lat' dir='ltr'>In</span> <span class='ocrx_word' id='word_1_228' title='bbox 413 2339 505 2388; x_wconf 83' lang='lat' dir='ltr'>rasis</span> <span class='ocrx_word' id='word_1_229' title='bbox 518 2338 703 2386; x_wconf 79' lang='lat' dir='ltr'>faucibuS,</span> <span class='ocrx_word' id='word_1_230' title='bbox 726 2351 821 2387; x_wconf 78' lang='lat' dir='ltr'>quae</span> <span class='ocrx_word' id='word_1_231' title='bbox 844 2339 893 2373; x_wconf 86' lang='lat' dir='ltr'>est</span> 
     </span>
     <span class='ocr_line' id='line_1_33' title="bbox 255 2396 893 2444; baseline -0.013 -8"><span class='ocrx_word' id='word_1_232' title='bbox 255 2398 433 2436; x_wconf 87' lang='lat' dir='ltr'>omnium</span> <span class='ocrx_word' id='word_1_233' title='bbox 456 2396 564 2430; x_wconf 87' lang='lat' dir='ltr'>MSS.</span> <span class='ocrx_word' id='word_1_234' title='bbox 587 2396 781 2444; x_wconf 82' lang='lat' dir='ltr'>scriptura,</span> <span class='ocrx_word' id='word_1_235' title='bbox 811 2407 893 2429; x_wconf 87' lang='lat' dir='ltr'>non</span> 
     </span>
     <span class='ocr_line' id='line_1_34' title="bbox 255 2449 892 2491; baseline -0.013 1"><span class='ocrx_word' id='word_1_236' title='bbox 255 2455 444 2491; x_wconf 82' lang='lat' dir='ltr'>debebant</span> <span class='ocrx_word' id='word_1_237' title='bbox 499 2452 656 2487; x_wconf 82' lang='lat' dir='ltr'>haerere</span> <span class='ocrx_word' id='word_1_238' title='bbox 704 2465 773 2487; x_wconf 84' lang='lat' dir='ltr'>nec</span> <span class='ocrx_word' id='word_1_239' title='bbox 819 2449 892 2484; x_wconf 81' lang='lat' dir='ltr'>alia</span> 
     </span>
     <span class='ocr_line' id='line_1_35' title="bbox 255 2507 894 2547; baseline -0.014 0"><span class='ocrx_word' id='word_1_240' title='bbox 255 2513 384 2547; x_wconf 79' lang='lat' dir='ltr'>omnia</span> <span class='ocrx_word' id='word_1_241' title='bbox 419 2519 562 2545; x_wconf 79' lang='lat' dir='ltr'>tentare</span> <span class='ocrx_word' id='word_1_242' title='bbox 596 2510 680 2546; x_wconf 85' lang='lat' dir='ltr'>VV.</span> <span class='ocrx_word' id='word_1_243' title='bbox 706 2509 797 2543; x_wconf 86' lang='lat' dir='ltr'>DD.</span> <span class='ocrx_word' id='word_1_244' title='bbox 832 2507 894 2539; x_wconf 72' lang='lat' dir='ltr'>de-</span> 
     </span>
     <span class='ocr_line' id='line_1_36' title="bbox 247 2567 891 2615; baseline -0.009 -12"><span class='ocrx_word' id='word_1_245' title='bbox 247 2567 374 2615; x_wconf 81' lang='lat' dir='ltr'>forme</span> <span class='ocrx_word' id='word_1_246' title='bbox 420 2568 600 2601; x_wconf 81' lang='lat' dir='ltr'>canticum</span> <span class='ocrx_word' id='word_1_247' title='bbox 649 2576 891 2612; x_wconf 84' lang='lat' dir='ltr'>nequaquam</span> 
     </span>
     <span class='ocr_line' id='line_1_37' title="bbox 254 2621 889 2670; baseline -0.008 -12"><span class='ocrx_word' id='word_1_248' title='bbox 254 2623 557 2670; x_wconf 80' lang='lat' dir='ltr'>vociferationem</span> <span class='ocrx_word' id='word_1_249' title='bbox 628 2621 889 2668; x_wconf 82' lang='lat' dir='ltr'>intelligemus</span> 
     </span>
     <span class='ocr_line' id='line_1_38' title="bbox 251 2676 888 2721; baseline -0.002 -6"><span class='ocrx_word' id='word_1_250' title='bbox 251 2690 340 2717; x_wconf 77' lang='lat' dir='ltr'>cum</span> <span class='ocrx_word' id='word_1_251' title='bbox 359 2680 541 2721; x_wconf 80' lang='lat' dir='ltr'>Gesnero,</span> <span class='ocrx_word' id='word_1_252' title='bbox 569 2691 706 2715; x_wconf 77' lang='lat' dir='ltr'>verum</span> <span class='ocrx_word' id='word_1_253' title='bbox 727 2676 888 2716; x_wconf 74' lang='lat' dir='ltr'>mollem</span> 
     </span>
    </p>
   </div>
   <div class='ocr_carea' id='block_1_11' title="bbox 945 2112 1588 2668">
    <p class='ocr_par' dir='ltr' id='par_1_12' title="bbox 945 2112 1588 2668">
     <span class='ocr_line' id='line_1_39' title="bbox 948 2112 1588 2152; baseline 0.002 -5"><span class='ocrx_word' id='word_1_254' title='bbox 948 2113 1089 2147; x_wconf 86' lang='lat' dir='ltr'>lentem</span> <span class='ocrx_word' id='word_1_255' title='bbox 1120 2112 1232 2146; x_wconf 84' lang='lat' dir='ltr'>illum</span> <span class='ocrx_word' id='word_1_256' title='bbox 1262 2114 1531 2152; x_wconf 80' lang='lat' dir='ltr'>consauciatis,</span> <span class='ocrx_word' id='word_1_257' title='bbox 1558 2113 1588 2149; x_wconf 85' lang='lat' dir='ltr'>i.</span> 
     </span>
     <span class='ocr_line' id='line_1_40' title="bbox 946 2168 1582 2217; baseline 0 -13"><span class='ocrx_word' id='word_1_258' title='bbox 946 2168 1057 2217; x_wconf 66' lang='lat' dir='ltr'>rasis,</span> <span class='ocrx_word' id='word_1_259' title='bbox 1088 2168 1273 2203; x_wconf 79' lang='lat' dir='ltr'>faucibus.</span> <span class='ocrx_word' id='word_1_260' title='bbox 1308 2170 1353 2203; x_wconf 84' lang='lat' dir='ltr'>cf.</span> <span class='ocrx_word' id='word_1_261' title='bbox 1373 2168 1405 2211; x_wconf 74' lang='lat'>§-</span> <span class='ocrx_word' id='word_1_262' title='bbox 1430 2177 1493 2203; x_wconf 84' lang='lat'>20.</span> <span class='ocrx_word' id='word_1_263' title='bbox 1518 2178 1582 2211; x_wconf 81' lang='lat'>23.</span> 
     </span>
     <span class='ocr_line' id='line_1_41' title="bbox 949 2224 1587 2272; baseline 0.002 -13"><span class='ocrx_word' id='word_1_264' title='bbox 949 2225 1114 2272; x_wconf 80' lang='lat' dir='ltr'>deforme</span> <span class='ocrx_word' id='word_1_265' title='bbox 1154 2224 1253 2259; x_wconf 84' lang='lat' dir='ltr'>illud</span> <span class='ocrx_word' id='word_1_266' title='bbox 1293 2225 1342 2260; x_wconf 83' lang='lat' dir='ltr'>est</span> <span class='ocrx_word' id='word_1_267' title='bbox 1376 2235 1412 2259; x_wconf 88' lang='lat' dir='ltr'>et</span> <span class='ocrx_word' id='word_1_268' title='bbox 1450 2238 1587 2272; x_wconf 83' lang='lat' dir='ltr'>parum</span> 
     </span>
     <span class='ocr_line' id='line_1_42' title="bbox 949 2281 1586 2328; baseline 0.002 -14"><span class='ocrx_word' id='word_1_269' title='bbox 949 2281 1075 2315; x_wconf 78' lang='lat' dir='ltr'>virile.</span> <span class='ocrx_word' id='word_1_270' title='bbox 1103 2281 1148 2315; x_wconf 88' lang='lat' dir='ltr'>cf.</span> <span class='ocrx_word' id='word_1_271' title='bbox 1181 2295 1193 2314; x_wconf 90' lang='lat'>1</span> <span class='ocrx_word' id='word_1_272' title='bbox 1211 2296 1241 2321; x_wconf 89' lang='lat'>1,</span> <span class='ocrx_word' id='word_1_273' title='bbox 1274 2295 1286 2314; x_wconf 79' lang='grc' dir='ltr'>ι</span> <span class='ocrx_word' id='word_1_274' title='bbox 1303 2307 1313 2321; x_wconf 81' lang='lat'><em>‚</em></span> <span class='ocrx_word' id='word_1_275' title='bbox 1339 2281 1402 2323; x_wconf 84' lang='lat'>56.</span> <span class='ocrx_word' id='word_1_276' title='bbox 1430 2291 1467 2314; x_wconf 87' lang='lat' dir='ltr'>et</span> <span class='ocrx_word' id='word_1_277' title='bbox 1488 2294 1586 2328; x_wconf 76' lang='lat' dir='ltr'>quae</span> 
     </span>
     <span class='ocr_line' id='line_1_43' title="bbox 948 2336 1585 2384; baseline 0 -13"><span class='ocrx_word' id='word_1_278' title='bbox 948 2337 1007 2372; x_wconf 84' lang='lat' dir='ltr'>ibi</span> <span class='ocrx_word' id='word_1_279' title='bbox 1037 2337 1341 2372; x_wconf 79' lang='lat' dir='ltr'>demonstrantur</span> <span class='ocrx_word' id='word_1_280' title='bbox 1370 2336 1465 2371; x_wconf 78' lang='lat' dir='ltr'>loca.</span> <span class='ocrx_word' id='word_1_281' title='bbox 1499 2336 1585 2384; x_wconf 84' lang='lat' dir='ltr'>foe-</span> 
     </span>
     <span class='ocr_line' id='line_1_44' title="bbox 948 2392 1583 2445; baseline 0 -19"><span class='ocrx_word' id='word_1_282' title='bbox 948 2394 1055 2433; x_wconf 79' lang='lat' dir='ltr'>dum,</span> <span class='ocrx_word' id='word_1_283' title='bbox 1096 2406 1171 2441; x_wconf 88' lang='lat' dir='ltr'>quo</span> <span class='ocrx_word' id='word_1_284' title='bbox 1203 2392 1393 2445; x_wconf 44' lang='lat' dir='ltr'>vocabulo</span> <span class='ocrx_word' id='word_1_285' title='bbox 1419 2392 1583 2440; x_wconf 82' lang='lat' dir='ltr'>appella-</span> 
     </span>
     <span class='ocr_line' id='line_1_45' title="bbox 948 2449 1585 2489; baseline 0.002 -6"><span class='ocrx_word' id='word_1_286' title='bbox 948 2459 1010 2484; x_wconf 89' lang='lat' dir='ltr'>tur</span> <span class='ocrx_word' id='word_1_287' title='bbox 1022 2450 1096 2484; x_wconf 90' lang='lat' dir='ltr'>hoc</span> <span class='ocrx_word' id='word_1_288' title='bbox 1114 2450 1288 2485; x_wconf 80' lang='lat' dir='ltr'>cantandi</span> <span class='ocrx_word' id='word_1_289' title='bbox 1300 2449 1455 2489; x_wconf 82' lang='lat' dir='ltr'>vinum,</span> <span class='ocrx_word' id='word_1_290' title='bbox 1478 2449 1585 2484; x_wconf 90' lang='lat' dir='ltr'>idem</span> 
     </span>
     <span class='ocr_line' id='line_1_46' title="bbox 950 2505 1583 2553; baseline 0.003 -15"><span class='ocrx_word' id='word_1_291' title='bbox 950 2505 1061 2553; x_wconf 79' lang='lat' dir='ltr'>plane</span> <span class='ocrx_word' id='word_1_292' title='bbox 1093 2508 1141 2540; x_wconf 85' lang='lat' dir='ltr'>est</span> <span class='ocrx_word' id='word_1_293' title='bbox 1171 2520 1212 2540; x_wconf 80' lang='lat' dir='ltr'>ac</span> <span class='ocrx_word' id='word_1_294' title='bbox 1241 2510 1413 2553; x_wconf 63' lang='lat' dir='ltr'>deforme.</span> <span class='ocrx_word' id='word_1_295' title='bbox 1485 2506 1583 2540; x_wconf 82' lang='lat' dir='ltr'>Satis</span> 
     </span>
     <span class='ocr_line' id='line_1_47' title="bbox 950 2560 1584 2609; baseline 0.003 -14"><span class='ocrx_word' id='word_1_296' title='bbox 950 2561 1044 2596; x_wconf 85' lang='lat' dir='ltr'>bene</span> <span class='ocrx_word' id='word_1_297' title='bbox 1068 2564 1299 2609; x_wconf 80' lang='lat' dir='ltr'>Gedoynus:</span> <span class='ocrx_word' id='word_1_298' title='bbox 1341 2588 1367 2604; x_wconf 72' lang='grc' dir='ltr'><strong>μ</strong></span> <span class='ocrx_word' id='word_1_299' title='bbox 1380 2575 1431 2599; x_wconf 80' lang='lat' dir='ltr'>un</span> <span class='ocrx_word' id='word_1_300' title='bbox 1451 2560 1584 2597; x_wconf 79' lang='lat' dir='ltr'>fauffet</span> 
     </span>
     <span class='ocr_line' id='line_1_48' title="bbox 945 2619 1269 2668; baseline 0.009 -16"><span class='ocrx_word' id='word_1_301' title='bbox 945 2619 1229 2668; x_wconf 56' lang='lat' dir='ltr'>„desagre&#39;ablffi</span> <span class='ocrx_word' id='word_1_302' title='bbox 1244 2624 1269 2640; x_wconf 79' lang='lat'>‘⁶</span> 
     </span>
    </p>
   </div>
  </div>
 </body>
</html>
