1779 3062
267 225 335 284 46
595 222 684 276 Μ.Δ
718 222 854 268 ΕΑΒ.
903 221 1322 284 QUINTILIANI

263 359 444 401 'tamen
477 351 653 416 operi,
705 349 792 398 cui
823 347 874 398 fe
908 366 1089 414 parem
1122 347 1359 398 credidit.
1439 347 1623 398 Admi-

265 428 449 477 rabilis
473 428 532 475 in
555 426 652 476 suo
675 442 864 491 genere
901 426 1223 483 Theocritus,
1253 424 1344 473 [ed
1366 424 1513 473 musa
1530 426 1623 473 illa

263 504 457 553 rustica
491 514 543 551 et
565 502 833 569 pastoralis
856 521 967 552 non
990 502 1172 552 forum
1194 502 1357 551 modo
1375 540 1391 565 ‚
1428 518 1620 550 verum
1631 513 1712 555 894

187 589 240 632 56
262 581 429 647 ipsam
454 582 614 629 etiam
635 578 1166 630 urbemreformidat.
1207 577 1410 627 Audire
1431 577 1622 650 videor

261 658 510 723 undique
575 669 916 723 congerentes
976 658 1194 705 nomina
1256 655 1622 721 plurimorum

260 736 556 801 poetarum.
646 733 827 803 Quid?
887 735 1131 783 Herculis
1176 743 1285 781 acta
1331 749 1444 781 11011
1484 732 1621 780 bene

258 809 583 884 Pisandros?
633 810 814 879 Quid?
866 812 1200 859 ZVicandrzzm
1233 808 1425 857 frustra
1457 807 1620 857 secuti

261 891 452 937 Macer
484 900 642 953 atque
682 887 979 956 Virgilius?
1016 887 1197 956 Quid?
1234 886 1619 950 Euphorionem

257 966 642 1015 transibimus?
705 981 866 1029 quem
918 962 1016 1012 nisi
1054 961 1311 1029 probaffet
1346 963 1618 1027 Virgilius,

256 1042 405 1091 idem
441 1035 721 1107 nunq'uam
758 1052 894 1089 certe
927 1040 1272 1090 conditorum
1309 1039 1616 1089 Chalcidico

173 1994 180 1997 -
244 1968 390 2004 :racleac
403 1995 413 2009 ‚

348 1209 395 1243 op
401 1197 462 1230 eri.

253 1251 394 1288 credidi
398 1260 422 1286 ε.

252 1307 446 1355 aequalem
491 1307 590 1344 Jens.
639 1319 726 1341 011111
767 1306 852 1341 edd.
896 1307 1054 1354 posterr.
1102 1316 1186 1340 ante
1226 1305 1312 1341 Ald.

522 1195 654 1229 Turio.
680 1193 783 1229 Flor.
808 1193 901 1239 (1110
924 1207 944 1228 a
965 1207 1022 1241 pr.
1047 1194 1128 1239 m.)
1159 1194 1293 1240 operis,

486 1251 612 1286 Guelf.
640 1251 831 1298 aequalem
853 1264 883 1284 e.
904 1264 1031 1298 parem
1061 1263 1148 1284 011111
1171 1250 1276 1286 Voff.
1309 1263 1341 1284 1.
1368 1250 1418 1292 5·⁴
1446 1263 1484 1295 p.
1508 1263 1535 1282 c.
1557 1248 1616 1283 vel

1487 1205 1576 1240 pare
1581 1206 1616 1226 m

1388 1305 1614 1340 Theocritus.

253 1364 387 1398 Turic.
421 1371 456 1396 te
477 1376 548 1396 cus.
587 1362 690 1398 Flos.
716 1371 823 1396 tectas,
865 1361 938 1396 Ille
963 1375 982 1395 a
1004 1362 1070 1396 sec.
1094 1375 1144 1396 m.
1180 1370 1313 1401 textus,
1344 1361 1410 1396 1110
1428 1360 1613 1396 nostrum.

251 1420 354 1455 Mox
382 1431 456 1468 pro
478 1418 547 1467 sed
583 1429 744 1466 uterque
773 1428 820 1453 et.

247 1476 365 1516 laris,
399 1489 420 1510 a
440 1475 507 1510 sec.
533 1488 593 1510 m.
622 1475 829 1523 popularis,
853 1486 892 1510 et
912 1476 960 1509 fic
983 1475 1114 1523 Camp.

338 1554 401 1597 56.
459 1552 690 1601 Pisandros?
743 1554 985 1588 Nicandrum.

246 1610 350 1648 Ah’n.
413 1609 575 1656 Reliqui
604 1610 776 1644 inserunt
806 1611 936 1661 Quid?
968 1608 1095 1644 Guelf.
1127 1609 1189 1644 dat
1220 1610 1489 1644 Menandrum.

245 1667 351 1704 Voff.
384 1675 419 1709 5.
451 1666 619 1700 refertur
649 1666 877 1701 Neandrum.

1053 1415 1262 1465 pastoralis.
1326 1418 1460 1453 Turic.
1492 1412 1614 1465 postu·

1174 1472 1373 1522 pasturalis
1391 1473 1496 1509 Flor.

1363 1552 1465 1587 Flor.
1522 1564 1612 1586 cum

1550 1609 1611 1642 Ex

1119 1666 1298 1712 Virgilius
1312 1668 1330 1699 ,9
1343 1685 1396 1691 -
1412 1665 1608 1712 Virgilius.

1066 1553 1128 1587 Sic
1172 1553 1305 1588 Turio.

247 1724 455 1770 Interjecta
475 1722 582 1756 hisce
606 1735 694 1756 cum
715 1721 835 1756 altero
856 1723 939 1771 ipso
964 1722 1123 1757 nomine
1145 1723 1332 1757 omittunt
1350 1721 1482 1757 Turic.
1501 1721 1607 1757 Flor.

303 1855 367 1899 56.
433 1853 641 1903 Pisandros.
729 1855 897 1896 Camiro,

246 1912 393 1961 oppido
415 1903 548 1946 Rhodi
578 1912 788 1951 oriundus,
820 1914 898 1947 He-

465 1969 565 2016 epici
608 1968 789 2003 carminis
834 1969 898 2003 de-

244 2025 389 2074 perditi
409 2035 552 2060 auctor.
586 2025 646 2059 De
671 2038 716 2060 eo
735 2024 826 2060 vide
838 2024 897 2059 lu-

245 2081 438 2117 culentam
467 2080 766 2129 disputationem
790 2082 895 2129 Hey·

243 2139 303 2173 nii
322 2139 364 2172 111
383 2139 475 2172 Exc.
505 2151 535 2172 1.
560 2139 606 2172 ad
628 2138 736 2185 Virg.
761 2137 829 2172 lib.
856 2147 891 2174 2.

303 2195 530 2229 Nicandrum
550 2215 605 2220 -—
624 2194 762 2228 ,Μαεεν
785 2203 895 2243 acque

248 2251 440 2299 Virgilius.
511 2251 573 2284 De
606 2250 744 2285 fillum-0
773 2250 819 2284 cf.
856 2250 891 2290 6,

242 2318 280 2351 3,
306 2308 367 2354 96.
402 2305 544 2354 quibus
568 2307 651 2341 add.
674 2308 707 2344 J.
722 2307 771 2341 H.
787 2306 889 2342 Voff.

241 2365 288 2398 ad
311 2362 459 2399 Tibull.
486 2363 603 2413 praef.
630 2377 667 2411 p.
693 2364 740 2398 X.
808 2363 891 2397 Vir-

239 2421 373 2471 gilium
433 2419 644 2469 expreffiffe
700 2420 891 2454 Nicandri

240 2489 393 2510 carmen
437 2476 529 2518 111110
568 2477 768 2516 discimus,
818 2489 889 2510 nec

238 2533 402 2567 memini
431 2535 499 2581 qui
533 2544 684 2582 praeter
715 2532 889 2567 nostrum

238 2590 389 2637 prodat.
480 2592 570 2625 Erat
629 2590 786 2637 quidem
845 2589 887 2624 in

237 2656 399 2693 promtu
431 2647 652 2693 Georgicon
685 2659 781 2694 opus
813 2646 885 2680 Ni-

238 2701 392 2741 candri,
439 2703 645 2750 saepissime
693 2701 793 2737 illud
838 2702 885 2736 ad

235 2768 361 2809 partes
393 2770 575 2794 vocatum
599 2760 644 2795 ab
668 2759 883 2799 Athenaeo,

684 2899 695 2918 s

959 1868 1036 1904 quo
1059 1856 1117 1890 uti
1139 1855 1263 1903 posset
1284 1854 1488 1903 Virgilius.
1532 1855 1607 1890 Sed

954 1912 1076 1947 velim
1108 1925 1154 1946 ex
1186 1911 1292 1946 hisce
1315 1912 1507 1959 deperditi
1529 1923 1607 1946 car-

954 1968 1073 2003 minis
1085 1967 1264 2015 reliquiis
1281 1967 1430 2016 aliquid
1444 1968 1604 2009 ostendi,

953 2025 995 2059 111
1019 2038 1097 2072 quo
1120 2025 1335 2059 imitantem
1359 2025 1605 2071 agnoscamus

951 2092 1105 2129 poetam
1125 2080 1322 2115 Latinum.
1378 2081 1604 2116 Macrobius

952 2139 992 2172 iu
1035 2136 1344 2172 Saturnaliorum
1383 2149 1499 2184 opere
1531 2137 1603 2171 Ni-

952 2194 1137 2228 candrum
1160 2192 1316 2240 quidem
1338 2205 1417 2227 non
1436 2193 1603 2228 recenset

950 2250 1051 2284 iuter
1072 2250 1238 2284 Graecos
1272 2261 1357 2288 eos,
1390 2261 1438 2283 ex
1459 2249 1600 2297 quibus

948 2306 1159 2353 profecerit
1215 2304 1420 2352 Virgilius.
1521 2305 1602 2340 Ubi

949 2375 1044 2396 vero
1090 2361 1307 2409 expressum
1357 2375 1376 2396 a
1423 2361 1599 2410 Virgilio

948 2418 1190 2453 Nicandrum
1235 2429 1479 2465 agnoverunt
1508 2419 1596 2457 VV.

946 2475 1042 2510 DD.
1083 2473 1270 2509 Theriaea
1313 2473 1492 2522 exemplo
1535 2473 1598 2508 illi

947 2530 1056 2565 fuiss'e
1095 2541 1272 2578 apparet:
1317 2531 1363 2566 cf.
1397 2532 1522 2578 Heyn.
1554 2531 1599 2566 in

946 2587 1154 2622 Prooemio
1174 2588 1219 2621 ad
1239 2586 1401 2635 Virgilii
1421 2588 1562 2635 Georg.

1001 2644 1285 2690 Euphorionem
1313 2664 1367 2671 --
1404 2641 1594 2692 probaffet

949 2700 1139 2747 Virgilius.
1172 2698 1250 2734 Eel.
1282 2713 1341 2739 10,
1365 2708 1428 2743 50.
1472 2701 1592 2734 Recte

941 2767 1076 2792 monet
1095 2758 1128 2794 J.
1153 2757 1204 2792 H.
1227 2756 1392 2797 Vossius,
1423 2754 1591 2792 aliorum
