1779 3062
263 126 361 174 344
585 120 660 164 M.
695 103 829 166 FAss'.
869 119 1283 180 QUINTILIANl

1475 174 1493 183 ε

220 302 230 309 ι
260 241 519 300 summm,
558 260 654 292 nec
687 242 890 309 semper
925 262 953 291 a
984 247 1321 294 contentione
1364 245 1593 295 condere

262 320 412 376 licet,
450 337 572 369 cum
609 322 852 385 pluribus
878 321 1087 382 judiciis
1123 320 1272 386 saepe
1304 322 1594 372 dicendum

189 412 239 447 25
263 394 339 443 sit.
419 397 505 444 Ne
535 397 777 446 ciborum
809 398 1023 462 quidem
1050 397 1120 445 est
1146 397 1327 445 eadem
1355 399 1595 448 observa-

258 473 352 521 tio.
446 473 577 521 Non
623 475 764 522 enim
810 485 911 521 tam
945 476 1096 523 molli
1134 484 1413 538 teneraque
1446 492 1593 533 voce,

263 566 416 613 quam
458 548 586 598 forti
625 567 681 598 ac
723 550 951 599 durabili
996 568 1131 615 opus
1177 549 1274 598 est:
1333 569 1455 599 cum
1507 553 1682 599 illi1002

263 642 474 683 omnes,
517 627 670 675 etiam
701 626 954 675 altiffimos
986 625 1168 682 sonos,
1207 628 1406 675 leniant
1440 638 1595 678 cantu

264 703 396 757 oris,
435 703 590 752 nobis
623 705 871 769 pleraque
905 701 1076 768 aspere
1106 701 1594 767 [int'concitateque

263 778 500 837 dicenda,
541 791 590 827 et
618 780 911 845 vigilandae
933 791 1127 836 noctes,
1169 790 1220 826 et
1247 778 1416 845 fuligo
1441 781 1595 829 lucu-

259 855 567 904 brationum
596 856 848 914 bibenda,
889 866 938 903 et
962 857 1017 903 in
1038 855 1216 903 sudata
1238 856 1377 904 veste
1400 857 1594 905 duran-

188 938 239 976 24
265 931 409 981 dum.
490 937 662 1001 Quare
694 950 880 982 vocem
908 932 1108 982 deliciis
1139 950 1249 981 non
1277 935 1593 993 molliamus,

225 1074 228 1077 Δ
259 1026 356 1058 nec
379 1009 649 1059 ifnbuatur
668 1027 726 1058 ea
754 1008 1149 1068 consuetudine,
1191 1027 1320 1074 quae
1341 1010 1593 1060 duratura

257 1163 322 1198 Est
341 1164 419 1199 ibi:
454 1177 576 1199 vocem
597 1164 800 1213 —sensim
824 1168 995 1204 excitant,
1027 1162 1369 1211 eandemque—ab
1394 1163 1593 1213 acuciffimo

254 1218 348 1267 sono
372 1221 539 1267 usquead
550 1219 793 1268 gravfflrnum
805 1219 938 1267 sonum
959 1219 1137 1265 recipiunt
1158 1229 1192 1253 ec
1208 1221 1310 1269 quasi
1323 1221 1594 1268 quodammodo

259 1275 449 1322 colligunt.
500 1277 593 1310 Inde
610 1275 858 1323 intelligitur,
882 1275 976 1323 quid
998 1276 1043 1309 sit
1062 1288 1224 1314 „vocem
1247 1283 1292 1310 a“
1325 1276 1392 1318 (id
1413 1277 1462 1310 est
1485 1274 1595 1323 post)

257 1332 535 1371 „contentione
561 1333 751 1367 condere.“
781 1333 843 1366 Est
864 1333 965 1366 enim
989 1331 1063 1365 hoc
1086 1331 1250 1367 verbum
1274 1333 1315 1367 in
1337 1332 1466 1367 Turic.
1491 1331 1597 1368 Flor-

255 1388 390 1422 Ambr.
418 1397 453 1422 2.
484 1399 526 1423 ut
556 1399 592 1423 et
618 1388 717 1423 Alm.
741 1389 845 1427 Voff.
871 1397 906 1432 5.
939 1388 1155 1423 contendere
1178 1388 1302 1424 Guelf.
1327 1401 1412 1423 cum
1436 1389 1532 1426 Jeus.
1558 1399 1598 1424 et

259 1444 344 1478 edd.
377 1444 531 1492 posterr.
561 1455 645 1480 ante
673 1445 759 1480 Ald.
791 1446 914 1479 cedere
935 1445 1066 1491 Camp.
1093 1457 1183 1489 cum·
1203 1445 1322 1480 Andr.
1347 1443 1596 1492 conquiescere

257 1499 344 1536 ΑΜ.
368 1514 386 1535 e
410 1501 626 1545 conjectura
637 1501 761 1548 Regii.
792 1500 948 1547 Reliqui
967 1501 1172 1542 concedere,
1193 1515 1360 1548 quorum
1380 1502 1465 1535 sunt
1478 1501 1596 1537 Goth.

256 1554 356 1592 Vall.
396 1558 483 1591 Hoc
507 1558 748 1591 Burmannus
771 1557 1065 1604 iuterpretatur,
1099 1556 1260 1592 domum
1284 1558 1339 1591 ire
1363 1556 1427 1592 vel
1448 1556 1595 1604 aliquo,

257 1611 330 1646 ubi
350 1612 651 1659 requiescamus3
683 1613 941 1660 praepostere:
977 1612 1179 1660 oportebat
1199 1614 1302 1647 enim
1323 1613 1487 1647 verbum
1510 1614 1595 1654 effe,

259 1667 368 1714 quod
384 1678 534 1714 regeret
554 1668 808 1703 accusativum
833 1683 973 1704 vocem.
1006 1667 1110 1702 Illud
1131 1668 1270 1708 levius,
1297 1668 1399 1716 quod
1418 1682 1489 1716 pro
1511 1670 1594 1703 imis

252 1721 356 1771 sonis
375 1723 509 1758 Ambr.
533 1735 568 1759 2.
600 1722 724 1759 Guel'f.
743 1727 834 1760 Exc.
853 1717 1002 1759 Sant'en.
1026 1722 1213 1772 inustionis
1233 1724 1298 1761 vel
1317 1723 1459 1773 immiſj'.
1496 1726 1596 1761 Mox

257 1791 331 1827 pro
353 1779 411 1813 Ne
432 1779 562 1814 Turio.
580 1778 682 1814 Flor.
707 1781 838 1829 Camp.
862 1795 926 1815 nec
945 1794 1030 1815 cum
1053 1781 1153 1816 Alm.

347 1854 412 1899 2¹⁴3.
441 1857 609 1892 dicenda.
641 1859 768 1894 Turic.
789 1858 890 1894 Flor.
916 1860 1120 1904 cumJens.
1145 1859 1301 1894 dicendi.
1341 1863 1416 1896 Pro
1438 1859 1599 1896 bibenda

257 1912 362 1949 Flor.
393 1910 429 1964 (a
460 1927 516 1961 pr.
549 1914 620 1959 m.)
653 1916 818 1950 vivenda.
880 1916 953 1950 Sed
984 1913 1156 1963 insudata
1186 1917 1455 1962 conjunctim,
1500 1928 1543 1952 ut
1578 1930 1598 1951 e

257 1969 361 2009 Voff.
384 1984 417 2006 1.
441 1970 596 2004 affertur
617 1981 653 2005 et
675 1971 724 2006 est
749 1972 791 2006 iu
816 1972 965 2019 aliquot
987 1972 1112 2011 editis,
1134 1986 1312 2007 meorum
1329 1974 1441 2011 MSS.
1453 1972 1599 2009 nullus.

347 2066 411 2103 24.
443 2074 536 2108 quae
568 2060 741 2095 duratura
760 2060 1004 2109 —firrnetur
1039 2060 1306 2110 consuetudine.
1340 2063 1472 2096 Turic.
1503 2062 1600 2110 (qui

261 2127 298 2152 et
328 2130 421 2151 mox
445 2130 514 2165 quo
545 2116 653 2163 diff.)
684 2117 787 2152 Flor.
825 2118 948 2153 Guelf.
983 2118 1170 2153 omittunt
1194 2130 1281 2151 cum
1310 2117 1412 2152 Alm.
1436 2129 1597 2167 propter

258 2171 618 2209 homoeoteleuton.
646 2173 780 2209 Ambr.
807 2184 843 2209 2.
874 2188 985 2224 quam
1015 2173 1266 2222 desideratura
1284 2171 1383 2224 sits.
1407 2173 1546 2222 e.--f.
1565 2187 1595 2211 c.

316 2307 480 2354 pluribus
502 2305 664 2351 judiciis.
696 2305 742 2340 cf.
774 2319 834 2346 11,
865 2322 898 2347 1,
957 2306 1165 2355 gligentiae
1199 2306 1277 2346 illi,
1337 2320 1411 2354 qua
1451 2306 1600 2343 laborat

261 2370 327 2408 73.
378 2364 447 2399 ubi
493 2365 579 2398 sunt
626 2364 900 2398 centumviralia
956 2363 1082 2399 noster
1103 2364 1143 2397 in
1169 2364 1352 2398 iterandis
1371 2363 1509 2398 iisdem
1527 2377 1599 2398 vo-

260 2420 401 2463 iudicia
419 2420 594 2468 duplicia.
960 2417 1117 2459 cabalis,
1141 2419 1251 2454 valde
1275 2431 1402 2455 tamen
1424 2420 1601 2455 offendor

958 2475 1030 2509 hac
1091 2477 1282 2523 geminata
1329 2474 1599 2523 consuetudine,

960 2544 1055 2578 quae
1092 2532 1249 2578 quidem
1282 2532 1411 2567 turbas
1441 2543 1599 2578 quoquo
1650 2533 1655 2539 '

321 2594 384 2630 24.
403 2603 466 2623 nec
483 2588 666 2623 imbuatur
684 2608 740 2615 —-
758 2587 900 2638 consue·
958 2600 1038 2622 non
1066 2588 1223 2635 exiguas
1245 2588 1363 2624 dedit.
1404 2587 1495 2622 vide
1515 2595 1598 2623 not.

263 2643 399 2680 tudine.
440 2646 627 2691 Quamvis
650 2644 810 2680 assuetus
836 2658 900 2681 ne·
960 2643 1044 2678 crit.

319 2507 384 2541 25.
416 2507 526 2534 cantu
546 2501 631 2534 oris.
656 2497 701 2534 cf.
721 2498 752 2542 ᾖ.
781 2507 841 2541 13.
