1820 3062
460 153 628 199 INST.
679 151 963 197 ORATOR.
1009 151 1133 195 LIB.
1181 151 1253 207 X,
1305 161 1347 195 1.

1517 159 1582 208 41

216 299 322 350 que
360 281 539 347 operis
584 275 842 345 ingressus
880 279 941 326 in
986 278 1299 344 paucissimis
1347 277 1587 328 verfibus

216 362 392 426 legem
444 358 883 424 prooemiorum,
954 373 1069 405 non
1091 356 1275 415 „diem
1343 355 1588 414 servavit,

217 437 310 486 sed
361 434 671 486 constituit?
731 434 878 482 Nam
914 433 1245 481 benevolum
1290 434 1590 483 auditorem

217 515 560 565 invocatione
579 514 851 568 Dearum,
891 527 1022 576 quas
1050 509 1346 576 praefidere
1375 511 1591 561 vatibus

219 591 484 641 creditum
526 588 627 648 est,
685 599 739 636 et
776 588 1045 636 intentum
1095 586 1367 652 propofita
1407 605 1592 637 rerum

217 668 615 735 magnitudine,
675 676 728 714 et
791 664 1024 714 docilem
1086 664 1294 714 summa
1351 666 1592 714 celeriter

220 743 600 813 comprehensa
642 741 782 793 facit.

871 745 1103 792 Narrare
1147 759 1278 791 vero
1318 744 1439 806 quis
1472 743 1590 791 bre·
1614 755 1634 785 ι’

219 826 345 874 vius
365 860 379 881 ,
437 839 598 887 quam
657 822 755 885 qui
799 831 1030 870 mortem
1083 821 1300 869 nuntiat
1347 821 1593 879 Patrocli,

220 902 344 967 quis
378 898 758 966 significantius
783 896 980 964 potest,
1019 915 1181 963 quam
1207 899 1304 962 qui
1329 898 1595 946 Curetum

220 978 646 1043 Aetolorumque
679 977 945 1043 praelium
977 976 1235 1042 exponit?
1277 979 1386 1029 Jam
1409 974 1595 1024 fimili-

221 1124 319 1171 (hic
341 1138 360 1160 a
380 1137 439 1174 pr.
464 1124 548 1168 m.)
581 1125 754 1173 utrisque.
813 1125 964 1161 Vocem
986 1122 1053 1158 hic
1074 1122 1225 1158 omittit
1243 1121 1337 1157 Bad.

482 1182 546 1217 Sic
576 1180 705 1216 Guelf.
737 1180 856 1216 Goth.
881 1180 988 1217 Vols.
1020 1189 1058 1224 5.
1107 1178 1208 1217 Vall.
1242 1179 1341 1217 Jens.
1385 1191 1476 1214 cum
1509 1177 1595 1214 edd.

223 1180 413 1232 ingreffus.

1471 1123 1597 1169 operis

221 1237 383 1288 posterr.
416 1250 502 1273 ante
532 1238 622 1274 Ald.
669 1250 748 1285 quo
783 1250 859 1272 ace.
892 1237 1001 1272 Bafil.
1047 1250 1081 1272 ο.
1106 1235 1144 1286 fi
1174 1238 1197 1270 i.
1227 1236 1360 1272 Turic.
1393 1235 1497 1271 flor.
1528 1234 1596 1270 hie

224 1295 387 1343 quidem
419 1309 439 1330 a
465 1296 535 1331 sec.
565 1308 685 1329 manu
717 1308 750 1329 0.
777 1293 841 1343 sui
873 1296 897 1328 i.
930 1304 968 1328 et
1004 1295 1053 1328 fic
1085 1294 1219 1341 Camp.
1252 1306 1340 1327 cum
1362 1292 1470 1329 Voss'.
1498 1307 1534 1327 1.
1558 1302 1595 1329 2.

227 1353 380 1396 (contra
411 1365 453 1387 ac
486 1352 628 1395 Goth.)
659 1350 748 1386 Ald.
772 1349 836 1399 sui
869 1352 1056 1399 utriusque
1081 1351 1204 1397 operis
1229 1346 1389 1397 ingr-effu
1414 1348 1508 1384 Bad.
1533 1346 1598 1398 sui

225 1421 262 1444 ο.
294 1406 454 1457 ingreffu
484 1408 636 1456 Gryph.
671 1420 760 1442 cum
784 1406 950 1455 reliquis
973 1419 1054 1441 exc.
1077 1405 1174 1441 Obr.
1201 1405 1272 1454 qui
1298 1405 1448 1440 omittit
1464 1403 1540 1453 sui.

315 1467 353 1499 in
382 1480 488 1511 pauc.
549 1465 613 1500 Sic
645 1463 732 1498 Mff.
767 1464 832 1511 (de
868 1462 987 1498 Goth.
1018 1473 1089 1497 tac.
1123 1463 1253 1508 Gesn.)
1284 1472 1323 1496 et
1358 1462 1481 1496 excufi
1512 1473 1599 1498 ante

224 1520 318 1558 Bad.
345 1521 414 1569 qui
437 1522 587 1557 omittit
610 1521 937 1569 praepositionem
963 1533 1052 1554 cum
1074 1517 1242 1566 reliquis
1267 1531 1347 1553 exc.
1366 1517 1477 1553 ssafil.
1501 1518 1600 1555 Obr.

309 1579 411 1613 Nam
432 1578 558 1614 benev.

226 1636 299 1684 qui
319 1635 494 1671 inserunt
516 1644 563 1671 et.

226 1688 389 1729 'creditur
413 1690 466 1729 rr—z.

323 1758 388 1800 49·
407 1748 700 1801 significantius.

232 1807 341 1847 tibus.

293 1919 473 1971 ingreffus
488 1941 545 1950 --
561 1918 761 1970 constituit.
792 1922 888 1956 For·

233 1980 324 2015 taffe
368 1978 573 2027 displiceat
609 1982 678 2023 (et
705 1988 890 2027 gravatur

232 2035 313 2072 hoc
349 2036 494 2072 Badius
537 2037 581 2071 in
620 2037 740 2080 nota)
781 2033 890 2084 quod

230 2095 394 2144 persona
411 2092 478 2127 hic
496 2093 718 2141 imponitur
742 2093 814 2142 ipfi
838 2092 891 2124 in·

232 2149 391 2200 greffui,
441 2150 512 2198 qui
535 2149 716 2199 servarit,
758 2144 891 2196 confli-

233 2203 365 2247 ιὶιενὶὲ,
407 2206 548 2242 deinde
581 2207 700 2243 etiam
744 2206 888 2248 „bene-

231 2264 428 2307 ;,volum‚
468 2265 688 2304 intentum,
719 2262 889 2299 docilem

232 2321 381 2371 „faciat
405 2322 669 2362 auditorem“‚
699 2319 891 2368 malitque

235 2378 381 2427 aliquis
429 2379 508 2414 hoc
547 2377 673 2414 tribui
711 2378 892 2412 Homero

234 2441 397 2484 {poetae3
448 2446 486 2471 et
515 2437 565 2471 fic
594 2436 679 2471 sane
710 2432 895 2483 procedit

236 2491 397 2541 vulgata
414 2492 614 2542 scriptura,
635 2505 750 2540 quam
764 2502 894 2526 tamen

237 2562 486 2599 nequaquam
523 2549 713 2599 praestant
743 2559 894 2584 veteres

237 2606 347 2643 libri.

293 2670 360 2712 49.
392 2671 612 2699 mortem—
624 2662 800 2698 Patrocli.
821 2660 894 2702 ‚,11.

239 2735 302 2763 ,,σ,
327 2733 392 2758 20.
454 2719 660 2770 Specimen
690 2718 896 2756 brevitatis

757 1634 949 1670 creditum.

619 1577 682 1613 Sic
703 1577 837 1612 Turic.
858 1575 964 1612 Flor.
990 1575 1075 1620 (hic
1097 1589 1116 1609 a
1134 1588 1194 1623 pr.
1213 1579 1284 1619 in.)
1318 1576 1452 1622 Camp.
1491 1574 1599 1610 Reli-

1011 1633 1146 1668 Turic.
1171 1631 1276 1667 Flor.
1300 1629 1388 1676 <hic
1408 1644 1428 1665 a
1446 1644 1505 1680 pr.
1526 1633 1600 1677 m.)

760 1748 896 1785 Turio.
914 1746 1020 1784 Flor.
1052 1746 1139 1794 (hic
1163 1760 1182 1781 a
1204 1759 1263 1795 pr.
1283 1747 1356 1792 m.)
1380 1743 1602 1796 significan-

948 1919 1073 1962 „haec
1111 1917 1233 1955 verba
1276 1916 1410 1954 laudat
1446 1917 1602 1954 Plinius

948 1989 1137 2026 „quoque
1163 1975 1284 2024 Epist.
1321 1981 1366 2018 4,
1406 1989 1451 2010 11
1471 2000 1481 2015 ,
1511 1981 1603 2013 12.“

950 2033 1109 2070 Gesner.
1173 2034 1347 2068 Curetum
1367 2031 1604 2067 Aetolorum-

951 2105 1019 2140 que
1047 2090 1232 2140 praelium
1265 2086 1314 2136 efi
1354 2088 1401 2125 Il.
1434 2103 1466 2129 ι,
1507 2096 1602 2132 550.

952 2160 989 2184 et
1010 2160 1106 2183 mox
1127 2148 1269 2183 Priami
1290 2145 1445 2194 rogatio
1460 2159 1496 2185 ω,
1510 2145 1605 2190 436.

1021 2204 1288 2254 cgnzficantz'us.
1321 2202 1370 2240 cf.
1399 2215 1414 2236 1
1431 2228 1442 2243 ,
1468 2212 1512 2245 7,
1538 2211 1604 2245 52.

952 2272 1026 2303 12,
1061 2274 1135 2303 10,
1170 2270 1236 2296 21.
1304 2257 1607 2307 Francogallum

951 2318 1314 2369 Capperonnerium
1369 2315 1436 2351 hic
1487 2314 1609 2361 ἐμφα·

950 2377 1146 2424 τικώτερου
1172 2375 1284 2410 suum
1314 2372 1494 2422 ingerere
1522 2373 1609 2409 sane

951 2446 1034 2470 non
1056 2433 1195 2468 miror.

1009 2491 1098 2525 Jam
1139 2486 1409 2540 similitudines
1453 2505 1510 2515 —
1556 2489 1610 2523 ita

952 2547 1091 2586 multa,
1124 2555 1176 2581 ut.
1232 2546 1344 2579 Hanc
1364 2544 1610 2586 structuram,

955 2617 1073 2654 quam
1125 2613 1259 2638 contra
1314 2613 1449 2638 omnes
1486 2600 1614 2638 libros

953 2671 1108 2697 mutare
1148 2658 1279 2696 conati
1309 2658 1397 2694 sunt
1431 2658 1615 2699 editores,

957 2717 1144 2767 equidem
1177 2715 1302 2754 verbo
1339 2713 1454 2754 finito
1487 2728 1617 2753 carere
