1779 3062
171 679 222 715 ¹7

248 166 345 217 598
406 127 411 132 ⁵
569 155 1269 218 M.FAB.·QU1NT1L1AN1

249 282 403 332 diciis
432 279 550 349 post
583 283 884 344 interjectos
920 281 1032 332 dies
1072 281 1293 341 dantur,
1343 281 1599 350 permise-

249 361 385 410 rint:
463 369 514 407 at
557 377 680 409 cum
727 360 974 425 protinus
1020 358 1452 426 respondendum
1495 360 1595 420 est,-

253 435 435 485 omnia
473 438 646 502 parari
683 454 796 486 non
833 433 1073 502 poffunt;
1152 435 1284 486 adeo
1327 448 1389 486 ut
1430 439 1596 503 paulo

250 513 432 564 minus
463 515 693 578 promtis
720 515 877 562 etiarn
909 523 1095 563 noceat
1125 511 1389 580 scripfisse,
1429 513 1471 562 si
1497 515 1598 563 alia

252 605 318 638 ex
347 587 586 648 diverso,
637 607 798 656 quam
837 592 1040 659 opinati
1073 586 1300 650 fuerint,
1353 608 1598 640 occurre-

251 666 375 717 rint.
454 669 620 716 Inviti
646 669 792 717 enim
826 667 1082 718 recedunt
1114 684 1140 714 a
1171 668 1507 734 praeparatis,
1546 664 1599 716 et

254 753 364 794 tota
400 744 606 794 actione
638 743 953 813 respiciunt,
992 745 1410 811 requiruntque‚
1460 760 1690 804 numuogq

251 922 316 960 Sic
337 924 470 975 Camp.
491 923 619 962 Guelf.
643 925 762 962 Goth.
785 924 884 965 Jens.
913 928 1011 971 (tac.
1042 921 1177 976 Gesn.)
1209 935 1246 961 et
1267 923 1353 960 edd.
1379 934 1467 961 ante
1486 924 1601 961 Leid.

251 982 324 1029 qui
356 983 531 1030 primus,
570 983 698 1018 nescio
730 995 778 1020 an
805 983 911 1025 casu,
941 983 1022 1029 jud.
1045 982 1149 1031 publ.
1172 995 1340 1030 eumque
1369 982 1487 1017 secuti
1512 982 1600 1016 sunt

248 1037 482 1086 posteriores
503 1050 648 1076 omnes.
707 1039 781 1075 Sed
802 1039 936 1074 Turio.
951 1039 1056 1077 Flor.
1075 1037 1261 1087 supplices
1276 1039 1423 1083 judicis,
1448 1050 1479 1072 c.
1495 1037 1597 1074 Alm.

249 1093 325 1129 nist
349 1093 455 1141 quod
479 1107 526 1130 ex
545 1095 625 1131 hoc
645 1096 810 1141 judiciis.
873 1096 973 1131 Tum
996 1092 1079 1144 post
1102 1109 1179 1131 om.
1205 1094 1333 1130 Guelf.
1436 1103 1502 1130 auc
1524 1104 1603 1129 tum

251 1149 382 1185 Guelf.
445 1160 511 1187 auc
531 1166 609 1186 cum
627 1151 732 1189 Voff.
766 1167 802 1187 ι.
826 1161 863 1196 3.
976 1153 1076 1187 Mox
1095 1165 1217 1199 marg.
1238 1150 1350 1186 Bafil.
1374 1150 1492 1186 habet
1517 1151 1601 1186 ideo

251 1216 290 1242 et
309 1215 433 1242 narret
458 1220 531 1255 pro
553 1216 695 1244 noceat.
738 1208 798 1244 An
820 1208 899 1243 fuit
920 1209 1004 1243 ideo
1025 1209 1139 1254 paulo
1162 1222 1208 1243 m.
1231 1221 1267 1256 p.
1293 1222 1322 1242 ez
1350 1209 1488 1243 nocet?
1527 1207 1603 1242 Sed

250 1261 410 1311 vulgata
437 1263 608 1310 praestat.
714 1263 753 1312 si
777 1277 853 1299 om.
876 1265 1006 1299 Turic.
1028 1264 1134 1300 Flos.
1363 1262 1522 1311 fuerint,
1547 1277 1606 1299 oc·

250 1320 439 1354 currerint.
474 1319 537 1354 Sic
559 1319 691 1355 Turio.
713 1320 818 1357 Flor.
842 1319 970 1356 Guelf.
993 1320 1110 1356 Goth.
1140 1333 1171 1356 c.
1196 1319 1303 1355 Voss'.
1332 1332 1365 1354 ι.
1393 1332 1428 1356 2.
1452 1329 1490 1364 5.
1513 1320 1606 1362 (nisi

252 1376 361 1423 quod
393 1387 426 1409 1.
454 1374 573 1413 habet
596 1378 797 1421 occurrint)
829 1377 926 1416 Jens.
954 1386 991 1412 et
1014 1377 1099 1412 edd.
1132 1377 1229 1426 post.
1259 1387 1344 1411 ante
1370 1376 1466 1415 Bad.
1518 1375 1607 1424 fue-

250 1433 337 1471 rint,
357 1442 589 1468 occurrerunt
612 1434 747 1482 Camp.
774 1432 942 1482 fuerunt,
965 1436 1186 1469 occurrerint
1208 1433 1301 1469 Bad.
1321 1433 1433 1469 Bam.
1449 1434 1601 1483 Gryph-

250 1487 356 1523 Roll.
390 1489 552 1537 Capper.
588 1500 626 1524 et
655 1490 724 1525 alii
756 1504 815 1540 ap.
838 1493 978 1541 Burm.
1033 1489 1202 1538 fuerant,
1235 1492 1454 1526 occurrerint
1478 1493 1630 1530 Stoer.⁴

252 1544 420 1580 Chouet.
444 1546 547 1582 Gibs.
569 1546 667 1583 Obr.
689 1548 824 1584 Burm.
846 1548 955 1583 Gesn.
982 1547 1069 1596 Rip.
1096 1546 1264 1595 fuerant,
1297 1558 1482 1583 occurrent
1503 1546 1606 1593 solus

252 1600 366 1637 Leid.
425 1602 548 1638 Vides
573 1616 592 1637 e
612 1603 762 1651 scriptia
783 1603 847 1644 iis,
881 1604 950 1652 qui
974 1603 1205 1651 diligentius
1227 1605 1438 1639 memorari
1469 1603 1605 1646 solent,

251 1656 376 1692 solum
408 1657 510 1693 Alm.
537 1658 603 1693 hic
630 1658 756 1700 fileri3
819 1673 899 1708 quo
932 1670 1058 1695 tamen
1087 1660 1314 1707 neutiquam
1344 1659 1528 1701 adducor,
1560 1671 1606 1697 ut

249 1711 358 1749 hunc
384 1713 473 1749 dare
498 1716 717 1750 Burmanni
738 1715 965 1765 scripturam
991 1716 1156 1751 credam.
1217 1712 1604 1765 Plusquamperfeeto

251 1780 352 1805 certe
375 1770 459 1819 post
477 1769 546 1806 illa
573 1769 737 1819 poffunt,
768 1781 912 1813 noceat,
943 1772 1053 1808 locus
1073 1771 1209 1808 nullus
1240 1771 1312 1806 effe
1336 1773 1470 1820 potest.
1530 1776 1605 1809 Re-

248 1826 361 1875 posui
372 1827 505 1875 itaque
526 1826 758 1864 constantem
779 1829 960 1865 codicum
980 1829 1209 1877 [cripturam
1229 1827 1467 1877 eandemque
1479 1843 1606 1879 gram—

252 1882 415 1919 maticae
445 1883 591 1919 rationi
613 1896 727 1932 quam
758 1886 928 1921 maxime
956 1885 1269 1923 consentaneam,
1299 1897 1438 1933 parum
1468 1899 1606 1922 curans

253 1938 412 1976 delicias
444 1953 604 1981 eorum,
634 1941 704 1990 qui
736 1942 945 1992 repetitam
975 1941 1294 1979 terminationem
1326 1943 1402 1978 rinc
1423 1943 1608 1980 videntur

254 2007 336 2031 non
361 1996 499 2033 tuliss’e.
823 2003 825 2005 ’

376 2063 438 2098 17.
497 2063 589 2091 nota
616 2057 762 2092 actione
793 2054 924 2093 Guelf.
956 2054 1076 2094 Goth.
1108 2066 1141 2093 e.
1163 2055 1269 2095 Voss'.
1303 2069 1339 2093 ι.
1362 2066 1401 2093 2·
1426 2065 1465 2100 3.
1489 2029 1605 2095 ⁵loen.

256 2214 322 2242 ea,
356 2214 451 2249 quae
483 2203 530 2239 ad
562 2203 776 2240 accuratius
807 2203 904 2240 haee
961 2203 1114 2239 actione
1151 2201 1274 2238 multa
1311 2202 1357 2239 ab
1389 2203 1605 2241 adversario

254 2256 510 2305 intelligenda
544 2260 705 2300 faciant,
738 2261 783 2297 ab
815 2260 903 2296 aliis
960 2259 1109 2308 prolata
1141 2258 1278 2300 effent‚
1311 2273 1409 2308 quae
1438 2260 1606 2309 diligen·

255 2313 299 2349 in
321 2313 494 2350 medium
516 2317 778 2366 proferantur,
809 2317 904 2351 haec
963 2317 1103 2352 tiorem
1126 2315 1401 2352 refutationem
1432 2318 1607 2366 require-

254 2371 417 2408 interim
447 2371 646 2410 sufficiant.
706 2376 751 2408 In
775 2373 904 2421 priva·
961 2383 1069 2413 1·ent;
1129 2372 1180 2408 ob
1209 2372 1269 2407 rei
1297 2373 1525 2422 gravitatem
1546 2374 1606 2421 ju*-

256 2427 310 2462 εἰς
331 2426 489 2475 judiciis
504 2428 617 2465 semel
637 2430 763 2478 prima
785 2429 903 2465 actio·
962 2428 1135 2477 diciique
1157 2428 1512 2477 dignitatem,nova
1524 2430 1608 2479 post

256 2495 306 2518 ne
330 2484 378 2519 ad
403 2483 598 2521 docendos
625 2485 778 2533 judices
809 2485 904 2532 justa
961 2484 1115 2532 aliquot
1135 2485 1216 2520 dies
1235 2487 1335 2522 actio
1356 2485 1528 2528 dabatur,
1562 2487 1607 2522 in

259 2539 434 2575 oratione
457 2540 659 2588 agebatur:
705 2552 826 2578 cetera
851 2540 904 2577 al·
962 2553 1038 2589 qua
1058 2541 1104 2577 ab
1127 2553 1290 2590 utraque
1320 2554 1425 2592 parte
1447 2556 1603 2591 praepa·
1627 2534 1633 2540 ’

257 2596 471 2631 tei-catione
493 2595 571 2633 fere
595 2597 903 2635 absolvebantur.
960 2597 1053 2633 ratis
1083 2598 1229 2636 iterum
1265 2599 1509 2637 orationibus
1529 2597 1604 2647 „agi

258 2652 305 2686 In
327 2650 497 2699 publicis
516 2653 677 2701 judiciis
688 2655 813 2702 major
832 2654 904 2690 sol·
959 2665 1123 2705 poterat.

257 2705 453 2745 lemnius.
511 2710 655 2758 ⁴Quare
703 2711 735 2748 fi
781 2711 908 2762 prima
