1779 3062
303 191 400 238 320
621 180 696 228 M.
735 162 871 228 ΕΑΒ.
909 182 1327 245 QU1NT1L1AN1

1767 171 1770 258 ἔ

1560 277 1562 279 ’
1768 265 1771 304 !

301 306 609 356 firmentur:
637 324 945 372 quanquam
962 308 1130 359 solent
1151 311 1255 360 hoc
1283 310 1396 377 ipso
1416 313 1645 361 maxime
1768 310 1772 395 ’ἰ

301 386 546 441 haerere,
598 384 748 448 quod
780 385 1100 436 exciderunt.
1191 389 1334 436 Illud
1362 375 1666 439 ediscendo=
1769 400 1772 455 1

299 461 687 524 scribendoque
737 476 1019 512 commune
1053 463 1152 522 est,
1218 468 1431 531 utrique
1473 468 1646 531 pluri·
1769 458 1773 605 ι

297 557 448 588 mum
473 537 714 588 conferre
741 539 936 587 bonam
969 539 1350 599 valetudinem,
1380 541 1644 607 digestum

301 617 510 673 cibum,
547 617 784 663 animum
823 619 1232 682 cogitationibus
1256 618 1370 667 aliis
1394 619 1640 666 liberum.
1769 608 1773 747 ἱ

225 699 277 742 36
300 697 499 741 Verum
524 703 574 739 et
597 693 656 739 in
681 693 762 749 iis,
781 710 916 757 quae
942 693 1257 759 scripsimus,
1287 696 1644 760 complecten-

297 769 379 819 dis
405 770 640 818 multum
663 770 853 826 valent,
896 781 946 817 et
967 772 1023 818 in
1053 773 1138 828 iis,
1172 788 1305 836 quae
1330 774 1640 837 cogitamus,
1769 751 1773 871 Ι

296 846 634 896 continendis
655 863 822 910 prope
846 845 983 895 solae
1007 849 1260 913 (excepta,
1295 866 1430 913 quae
1453 860 1641 914 poten·
1770 874 1773 920 ξ

294 923 483 994 tissima
495 921 582 979 est,
623 924 1019 989 exercitatione)
1043 921 1230 995 divisio
1257 936 1308 973 et
1325 923 1639 996 compositio.

295 1002 436 1049 Nam
470 1000 566 1065 qui
596 1009 734 1047 recte
759 999 1024 1057 diviserit,
1061 1019 1340 1065 nunquam
1363 1006 1560 1069 poterit
1579 1004 1640 1051 in

218 1091 270 1129 57
294 1092 472 1125 rerum
505 1075 694 1124 ordine
729 1094 913 1125 errare.
1007 1079 1161 1127 Certa
1196 1078 1315 1127 sunt
1352 1081 1493 1127 enim
1526 1097 1639 1128 non

292 1153 466 1204 solum
492 1154 550 1200 in
579 1152 882 1217 digerendis
912 1154 1331 1218 quaestionibus,
1370 1155 1460 1205 sed
1483 1158 1638 1204 etiam

289 1233 348 1279 in
376 1229 723 1293 exequendis,
764 1228 805 1276 si
827 1230 992 1279 modo
1017 1242 1156 1278 recte
1185 1231 1429 1290 dicimus,
1463 1235 1640 1298 ¹prima

291 1325 348 1354 ac.
385 1304 642 1361 secunda,
685 1315 735 1352 et
769 1306 1045 1372 deinceps:
1080 1307 1433 1374 cohaeretque
1462 1311 1638 1367 omnis

289 1401 473 1433 rerum
502 1383 802 1447 copulatio,
842 1394 904 1431 ut
938 1386 988 1432 ei
1020 1384 1160 1433 nihil
1191 1402 1368 1451 neque
1403 1385 1642 1435 subtrahi

289 1530 390 1577 (qui
418 1538 456 1563 et
484 1526 618 1575 creba)
649 1522 780 1575 Cainp.
813 1540 900 1562 cum
934 1527 1058 1563 Stoer.
1089 1529 1255 1565 Chouet.
1278 1526 1390 1565 Leid.
1413 1529 1516 1565 Roll.
1542 1530 1639 1566 Obr.

288 1587 493 1620 intentione
523 1585 627 1619 Vols.
669 1599 702 1619 ι.
760 1582 919 1631 Reliqui
960 1586 1221 1625 reiteratione,
1268 1586 1496 1622 defendente
1539 1586 1640 1622 male

286 1641 462 1678 Gibsono
477 1639 671 1688 exemplo,
695 1640 801 1687 quod
823 1640 872 1673 est
887 1650 923 1680 2,
937 1646 976 1686 4,
995 1650 1054 1682 25.
1081 1642 1127 1676 cf.
1144 1641 1400 1690 Oudendorp.
1421 1644 1467 1677 ad
1479 1645 1638 1680 Sueton.

287 1697 424 1734 Claud.
445 1709 474 1730 c.
507 1706 570 1739 17.
596 1706 691 1731 extr.
722 1696 846 1730 Modo
871 1697 1000 1730 Turic.
1017 1696 1214 1745 scribendo
1238 1699 1314 1733 sine
1335 1712 1414 1746 que.

370 1754 434 1797 36.
474 1752 611 1787 Verum
641 1762 675 1787 et
701 1755 738 1786 in
762 1754 816 1786 iis.
855 1753 918 1786 Sic
943 1753 1075 1790 Ambr.
1101 1764 1135 1788 2.
1178 1755 1311 1802 Camp.
1350 1755 1394 1789 V.
1428 1757 1538 1790 etiam
1561 1757 1584 1791 ἱ.
1609 1757 1633 1792 ι’.

286 1810 405 1847 Goth.
435 1809 532 1847 Jens.
568 1811 666 1852 (tac.
692 1809 827 1850 Gesn.)
861 1821 948 1842 curn
972 1809 1073 1845 Voss'.
1095 1819 1130 1845 2.
1155 1821 1191 1845 et
1214 1811 1298 1845 edd.
1325 1821 1410 1846 ante
1430 1811 1541 1846 Basil.
1566 1812 1637 1859 qui

286 1868 330 1903 V.
357 1867 422 1901 his.
455 1862 583 1900 Guelfi
619 1864 663 1900 V.
689 1875 723 1899 et
747 1864 814 1898 his.
839 1865 1001 1912 Reliqui
1017 1866 1061 1900 V.
1084 1875 1120 1900 et
1140 1869 1177 1900 in
1200 1868 1266 1902 his.
1446 1867 1556 1916 solae
1577 1887 1634 1896 -—

281 1924 553 1959 exercitatione.
589 1922 721 1959 Turio.
755 1919 859 1956 Flos.
889 1922 967 1966 (sed
1002 1921 1069 1957 hic
1090 1923 1168 1958 sine
1190 1937 1319 1973 praep.
1340 1926 1401 1968 ex)
1428 1923 1515 1972 sola
1540 1938 1635 1974 quae

279 1989 360 2028 poc.
386 1977 436 2026 est
455 1987 492 2014 el:
516 1991 560 2013 ex
582 1980 854 2012 exercitatione.
879 1978 1013 2014 Ambr.
1030 1990 1065 2013 2.
1098 1980 1227 2016 Guelf.
1241 1983 1373 2030 Camp.
1392 1982 1633 2029 (quanquam

280 2036 347 2071 hie
368 2048 448 2070 non
465 2035 584 2069 habet
606 2038 660 2078 et)
670 2033 759 2082 sola
779 2043 931 2083 excepta
951 2047 983 2081 q.
1003 2049 1039 2082 p.
1064 2033 1112 2082 est
1136 2047 1173 2072 et
1190 2051 1218 2072 e.
1242 2050 1329 2072 eum
1349 2037 1447 2074 Voss.
1461 2046 1497 2079 3.
1520 2039 1634 2075 Bern.

281 2094 405 2127 Error
428 2092 470 2126 in
485 2089 574 2139 sola
595 2101 707 2126 natus
731 2105 749 2126 e
775 2091 954 2137 sequente
971 2092 1003 2124 E
1026 2091 1067 2126 in
1091 2102 1253 2141 excepta,
1275 2107 1402 2141 neque
1426 2104 1505 2128 erat
1527 2095 1635 2142 quod

280 2149 332 2184 iis
367 2149 442 2183 hoc
473 2158 744 2182 annumeraret
777 2147 963 2194 exemplis
994 2149 1262 2199 Bprmzumus,
1307 2149 1354 2184 de
1387 2149 1530 2197 quibus
1554 2151 1636 2198 agit

283 2206 331 2240 ad
357 2215 403 2247 7,
430 2210 473 2247 4,
497 2211 564 2246 51.
596 2202 786 2253 potissima
808 2204 926 2238 Goth.
951 2205 1050 2240 Jens.
1078 2206 1166 2250 (tac.
1191 2206 1324 2252 Gesn.)
1345 2218 1431 2240 cum
1457 2205 1541 2240 edd.
1562 2219 1633 2254 po-

281 2256 386 2297 sterr.
421 2271 506 2295 ante
535 2259 702 2294 Chouet.
735 2273 815 2295 exc.
843 2259 927 2295 Ald.
982 2261 1098 2306 Quod
1119 2260 1221 2295 Alm.
1245 2262 1413 2308 ejusdem
1437 2262 1633 2298 accusatur

280 2318 513 2366 scripturae,
553 2315 816 2351 confusionem
838 2315 1077 2363 interpretor
1098 2317 1202 2353 Voss.
1229 2327 1265 2354 2.
1289 2331 1434 2366 ponere
1459 2317 1631 2355 volentis

280 2371 351 2423 (cf.
379 2378 412 2421 §.
435 2374 534 2416 33).
587 2372 660 2406 Sed
698 2372 728 2415 ᾗ.
754 2380 818 2415 4ο.
848 2373 932 2417 poti
962 2385 1074 2406 ινηιιηι
1105 2375 1238 2422 Camp.
1262 2388 1350 2409 eum
1374 2374 1494 2409 Andr.
1518 2375 1628 2411 Bam.

281 2442 321 2466 et
341 2430 492 2478 aliquot
503 2431 636 2464 Burm-
660 2428 765 2463 Dein
778 2427 882 2466 Vols.
906 2439 938 2461 ι.
960 2429 997 2462 in
1017 2431 1232 2475 praemittit
1252 2432 1343 2467 voci
1356 2433 1631 2468 exercitatione.

366 2507 432 2542 57.
467 2499 501 2532 ei
525 2496 630 2531 nihil.
659 2497 792 2531 Turio.
813 2494 916 2531 Flor.
932 2494 1017 2540 (hie
1038 2510 1057 2530 a
1076 2510 1134 2544 pr.
1157 2500 1230 2544 m.)
1252 2507 1288 2534 et
1310 2513 1346 2534 η.
1369 2498 1416 2534 cf.
1429 2505 1466 2542 5,
1487 2511 1549 2539 ιο,
1563 2499 1628 2547 96.

339 2620 403 2655 57.
434 2608 471 2659 si
501 2608 612 2645 modo
646 2618 739 2645 recte
761 2608 922 2643 dicimus.
983 2610 1107 2646 nimio
1140 2610 1341 2659 splendore
1372 2623 1503 2645 :rerum
1533 2609 1627 2658 ipsa-

281 2665 474 2702 Nififorte
486 2667 719 2701 ornamentis
733 2677 807 2701 tam
821 2666 926 2700 amb·
985 2679 1073 2701 rum
1117 2679 1343 2716 compagem
1375 2677 1412 2703 et
1441 2666 1626 2704 articulos

280 2722 393 2759 itiose
427 2723 700 2773 indulgemus,
734 2733 777 2759 ut
793 2736 931 2758 eorum
990 2723 1248 2762 obscuremus.
