1779 3062
254 74 264 103 A

217 165 317 221 688
479 169 486 194 .·
550 161 627 209 Μ.
658 162 795 209 ΕΑΒ.
830 161 1253 224 QUINTILIANI

215 291 276 339 in
313 287 564 338 not-itiam
600 304 821 346 eorum,
861 285 903 337 si
944 290 1042 355 qui
1078 288 1219 338 sorte
1253 290 1570 357 cognoscere

215 362 531 424 voluissent,
575 363 863 431 protulisse.
945 369 1120 431 Atque
1158 367 1218 416 id
1256 369 1377 419 viro
1417 370 1568 420 bono

162 463 188 501 9
216 442 336 493 satis
378 441 479 507 est,
537 440 770 493 docuisse
807 443 959 510 quod
996 442 1161 493 sciret.
1245 447 1451 497 Vereor
1492 457 1569 500 ta-

214 538 358 579 men,
399 537 469 570 ne
509 530 601 569 aut
641 537 830 585 magna
867 522 1103 571 nimium
1128 520 1315 590 videar
1343 525 1570 589 exigere,

215 600 316 666 qui
355 596 590 647 eundern
627 598 811 647 virum
845 598 1055 649 bonum
1095 596 1219 658 effe,
1261 610 1316 649 et
1351 600 1569 650 dicendi

162 686 167 692 '
214 677 452 744 peritum
490 675 682 734 velim;
741 685 832 725 aut
869 677 1061 735 multa,
1103 677 1202 741 qui
1223 688 1327 726 -tot
1361 678 1566 727 artibus

214 755 277 804 in
306 753 536 822 pueritia
577 751 864 812 discendis,
904 770 1121 803 morum
1159 771 1378 820 quoque
1416 772 1569 822 prae-

216 843 396 900 cepta,
447 842 501 880 et
530 828 804 880 scientiam
842 833 974 893 juris
1016 832 1221 891 civilis,
1260 842 1468 898 praeter
1507 849 1568 881 ea

213 927 353 976 quae
393 909 461 959 de
500 909 807 974 eloquentia
844 908 1215 968 tradebantur,
1256 909 1565 971 adjecerim:

213 990 422 1054 quique
461 986 592 1035 haec
633 986 783 1051 operi
809 984 990 1037 nostro
1025 984 1304 1036 necessaria
1326 985 1425 1036 effe
1456 1003 1567 1036 cre-

213 1065 483 1123 diderint,
547 1063 697 1114 velut
745 1079 954 1113 moram
1001 1065 1082 1112 rei
1142 1062 1661 1130 perhorrescant,uo9

329 1252 569 1304 protulss'ent
596 1252 702 1289 Flor.
739 1252 867 1289 Guelf.
1103 1255 1204 1305 quod
1225 1253 1352 1305 sciret.
1398 1256 1462 1291 Sic
1492 1255 1571 1290 Tu-

214 1313 285 1348 ric.
320 1311 451 1348 Guelf.
484 1313 617 1360 Camp.
643 1309 779 1359 scieret
809 1323 857 1345 ex
886 1308 987 1348 Alm.
1014 1309 1144 1360 scierit
1172 1311 1342 1360 reliqui,
1378 1311 1486 1362 quod
1513 1311 1571 1349 -le-

209 1369 403 1418 gitimum
433 1381 515 1404 non
546 1368 676 1405 credo.
735 1367 824 1403 Alia
856 1369 961 1404 enim
991 1369 1093 1404 ratio
1133 1368 1181 1403 est
1210 1367 1326 1404 verbi
1347 1367 1498 1418 scierim
1526 1369 1571 1407 in

211 1425 558 1476 praecedentibus,
590 1425 663 1462 ubi
691 1426 816 1460 sermo
847 1425 986 1461 finitus
1017 1436 1097 1461 erat
1124 1425 1275 1466 „docui
1308 1437 1345 1462 et
1376 1439 1475 1475 quae
1505 1441 1571 1462 an—

208 1492 301 1526 „rea
331 1482 440 1524 scivi,
474 1494 511 1519 et
540 1482 871 1532 quae—potui‘'.
924 1483 1002 1518 Hic
1034 1493 1163 1518 autem
1193 1483 1318 1519 sermo
1346 1482 1486 1520 finitus
1518 1484 1568 1519 est

209 1540 379 1583 „docuit
410 1539 518 1588 quod
549 1540 734 1576 sciebat.“

326 1620 365 1656 9.
399 1609 499 1642 exire
519 1606 625 1642 Flor.
658 1606 914 1656 superscripto
946 1621 965 1643 e
993 1606 1088 1643 solo.
1149 1621 1242 1656 quae
1265 1608 1419 1645 eundem
1442 1609 1562 1645 Goth.

208 1670 301 1711 (tae.
334 1664 466 1706 Geta.)
499 1661 568 1713 effe
599 1664 746 1697 dicendi
778 1664 911 1712 Camp.
972 1673 1039 1700 auc
1071 1666 1217 1699 iecerim
1246 1663 1351 1699 Flor.
1501 1668 1567 1715 qui

209 1735 306 1774 quae
337 1722 424 1755 haec
455 1722 560 1769 operi
592 1719 719 1755 Guelf.
754 1721 886 1768 quique
915 1722 1019 1769 operi
1038 1721 1138 1759 Jens.
1164 1721 1280 1755 Tarv.
1314 1735 1479 1771 quaeque
1502 1735 1564 1771 op.

207 1779 299 1819 Ald.
331 1777 428 1814 Bad.
458 1775 570 1812 Basil.
602 1775 754 1824 Gryph,
1037 1776 1268 1812 crediderint.
1315 1777 1378 1812 Sic
1408 1778 1567 1826 liquido

208 1835 347 1874 Turio.
406 1833 629 1869 Ediderunt
658 1843 788 1868 autem
823 1830 876 1867 ita
908 1831 1004 1868 Obr.
1035 1833 1124 1881 Bip.
1157 1833 1375 1868 crediderim
1405 1834 1563 1882 reliqui.

441 1891 541 1926 velut
571 1903 713 1924 morum
743 1892 798 1924 rei
828 1889 962 1925 Turic.
992 1889 1071 1934 (sed
1091 1891 1160 1925 suo
1181 1902 1291 1925 more
1311 1891 1439 1935 velud)
1460 1890 1565 1928 Flor.

208 1966 246 1989 v.
290 1961 375 1986 mox
406 1950 462 1983 rei
505 1960 553 1982 ex
582 1945 684 1981 Alm.
718 1946 849 1981 littera
878 1958 903 1980 :c
931 1957 1019 1981 nata
1050 1959 1097 1982 ex
1126 1945 1247 1981 simili
1277 1947 1565 1984 terminationis

202 2021 291 2045 *rum
321 2003 572 2054 compendio.
617 2016 652 2037 v.
681 2003 829 2052 pondus
859 2018 887 2039 r.
918 2002 1066 2052 reliqui
1095 2013 1247 2052 praeter
1279 2003 1375 2039 Obr.
1407 2005 1477 2053 qui
1499 2005 1567 2041 de·

210 2066 272 2101 dit
301 2063 402 2099 velut:
432 2074 616 2105 remoram
645 2060 810 2110 per-horr.
841 2060 896 2096 ita
927 2060 1004 2094 sine
1035 2059 1159 2096 dubio
1191 2072 1210 2095 e
1234 2061 1456 2106 conjectura
1477 2074 1564 2097 eor-

211 2123 343 2171 1igens
376 2118 537 2154 eandem
566 2117 608 2152 in
641 2119 734 2164 Arg.
767 2117 968 2152 inventam
1000 2116 1239 2165 scripturam,
1273 2128 1389 2164 quam
1421 2117 1562 2153 vetusti

210 2178 330 2216 nostri
361 2175 569 2216 exhibent,
621 2186 816 2223 quamque
849 2186 922 2210 nos
951 2172 1168 2224 [implicitis
1198 2171 1326 2208 multo
1358 2175 1562 2211 emendare

206 2340 256 2376 de
286 2337 377 2375 clar.
404 2335 506 2373 rhet.
535 2346 618 2370 non
646 2332 789 2383 procul
811 2333 858 2370 ab
915 2331 1149 2383 ragraphum
1168 2330 1322 2367 facilius
1349 2338 1477 2364 mente
1502 2340 1562 2365 ca·

206 2396 349 2437 initi0;
382 2396 467 2431 Sen.
493 2394 682 2429 controv.
707 2392 737 2426 Ῑ.
763 2393 858 2427 Pro·
914 2391 998 2440 pias
1037 2391 1090 2424 ita
1123 2389 1247 2423 sensus
1272 2385 1558 2423 contrahendo:

209 2465 310 2489 oem.
912 2448 1101 2489 „Vereon
1137 2458 1186 2481 ne
1215 2444 1386 2480 nimium
1423 2442 1559 2478 videar

266 2517 304 2554 8.
329 2507 464 2559 Atque.
490 2506 578 2548 „An
600 2505 734 2553 atqui?
760 2503 855 2542 Vid.
910 2504 1109 2551 ,‚exigere‚
1142 2502 1290 2550 quique
1318 2499 1412 2534 haec
1435 2499 1558 2534 neces·

207 2571 274 2613 „4,
299 2577 336 2607 2,
366 2577 429 2600 ιο.
451 2574 533 2599 not.
560 2562 676 2598 crit.“
696 2563 852 2597 Smin).
911 2559 1031 2602 „saria
1051 2558 1301 2599 crediderint,
1322 2555 1559 2605 desperent.“

266 2622 362 2671 quod
383 2620 507 2670 fiiret.
543 2633 582 2655 v.
603 2628 684 2653 not.
708 2618 795 2653 crit.
968 2630 1105 2651 moram
1127 2617 1190 2649 rei.
1239 2614 1302 2649 Sic
1322 2625 1425 2648 mora
1446 2610 1558 2661 palri-

265 2691 302 2726 9.
343 2687 408 2714 aut
427 2677 562 2711 multa.
621 2677 768 2723 Repete
798 2676 853 2708 ni·
909 2686 963 2709 vo
986 2672 1204 2721 significatu
1226 2669 1403 2719 genitivo
1426 2667 1557 2716 jungi-

205 2736 333 2774 mium.
361 2735 503 2772 Totam
520 2742 653 2771 autem
669 2730 770 2767 hane
784 2743 851 2782 pa·
910 2740 976 2768 tur
986 2729 1093 2767 haud
1102 2740 1201 2765 raro.
1219 2727 1300 2765 Cic.
1311 2726 1422 2766 Verr.
1438 2731 1474 2771 5,
1489 2723 1556 2772 64.
