1779 3062
381 135 546 180 INST.
589 135 870 181 ORATOR.
910 137 1033 181 LIB.
1069 136 1140 192 X,
1179 149 1226 180 2.
1393 146 1488 190 155

121 273 210 312 tur
232 261 368 321 data,
407 261 473 311 ad
506 262 790 317 victoriam
826 260 1092 327 spectent:
1140 263 1275 329 quid
1299 272 1484 328 agatur

118 341 423 405 prooemio,
465 357 600 405 quae
625 339 758 387 ratio
786 349 838 386 et
861 338 1022 402 quam
1042 343 1185 389 varia
1210 340 1478 403 narrandi,

123 434 258 481 quae
294 419 378 466 vis
414 416 680 483 probandi
717 433 773 463 ac
818 414 1127 475 refellendi,
1186 428 1381 484 quanta
1419 419 1481 467 in

24 507 108 548 '929
124 491 399 544 affectibus
443 496 617 544 onmis
658 495 865 558 generis
919 496 1206 544 movendis
1249 495 1479 554 scientia,

119 589 390 637 quamque
418 573 533 621 laus
564 570 673 637 ipsa
706 571 983 636 popularis
1031 573 1274 622 utilitatis
1314 574 1480 637 gratia

117 647 348 707 affumta,
364 666 498 715 quae
519 660 636 698 tum
660 647 732 696 est
753 648 1132 713 pulcherrima,
1156 667 1278 698 cum
1308 649 1479 714 sequi-

115 737 231 785 tur,
270 745 383 777 non
427 745 550 776 cum
586 724 858 774 arceffitur.
938 730 1079 775 Haec
1111 726 1149 774 fi
1182 727 1482 792 pervideri-

113 821 252 862 mus,
291 816 410 853 tum
434 822 560 853 vere
594 804 940 852 imitabimur.
1015 805 1124 871 Qui
1158 821 1289 854 vero
1317 805 1477 852 etiam
1501 819 1554 861 23

113 884 330 948 propria
353 883 437 931 his
464 882 603 931 bona
629 882 902 941 adjecerit,
945 892 1005 930 ut
1035 880 1301 947 suppleat,
1339 898 1476 946 quae

113 958 355 1018 deerant,
399 959 770 1016 circumcidat,
807 957 844 1006 fi
870 959 1004 1024 quid
1043 959 1390 1017 redundabit,
1427 961 1474 1008 is

110 1039 237 1097 erit,
318 1054 480 1101 quem
527 1038 860 1101 quaerimus,
940 1035 1209 1102 perfectus
1263 1048 1470 1087 orator:

111 1132 275 1182 quem
303 1133 448 1165 nunc
478 1113 838 1164 consummari
859 1114 1185 1185 potissimum
1212 1125 1470 1185 oporteat,
1522 1150 1532 1157 «

187 1270 372 1321 spectent.
415 1270 548 1307 Turio.
585 1271 745 1321 spectat.
1024 1281 1171 1320 agatur.
1215 1271 1334 1308 Goth.
1378 1273 1468 1315 (tac.

111 1329 239 1372 Gesn.)
271 1338 399 1377 agant.
605 1328 798 1376 affectibus
825 1331 954 1365 omnis.
988 1329 1121 1365 Turio.
1144 1327 1247 1364 Flor.
1270 1331 1315 1373 (a-
1331 1341 1388 1376 pr.
1413 1342 1467 1363 m.

109 1392 291 1434 uterque)
332 1386 475 1420 actibus
504 1386 684 1422 omnibus.
717 1386 789 1421 Ille
821 1386 881 1421 nil
910 1387 981 1421 nist
1019 1387 1139 1420 omnis
1179 1385 1355 1433 corrigit.
1405 1386 1468 1419 Ex

107 1443 212 1480 Alm.
249 1443 401 1478 actibus.
677 1444 880 1478 movendis.
933 1443 1067 1478 Turio.
1107 1443 1239 1490 Camp.
1282 1442 1466 1477 movendi.

106 1500 213 1537 Voff.
237 1509 273 1542 5.
306 1500 503 1534 movenda.
739 1513 917 1548 quamque
944 1519 998 1526 —
1031 1500 1169 1546 gratia.
1202 1497 1335 1534 Turic.
1359 1497 1468 1532 flor,

105 1556 193 1604 (hic
213 1570 233 1590 a
254 1568 313 1604 pr.
333 1557 407 1600 m.)
446 1556 636 1591 omittunt
661 1569 749 1591 cum
770 1555 874 1591 Alm.
905 1558 980 1590 Pro
1003 1569 1182 1604 quatitque
1207 1554 1334 1590 Guelf.
1357 1567 1469 1603 quam

106 1614 215 1662 quod.
247 1613 346 1650 Jens.
380 1622 593 1661 quantaque
619 1625 708 1648 cum
733 1613 818 1648 edd.
843 1613 1003 1661 posterr.
1024 1622 1109 1646 ante
1142 1612 1250 1647 Gefn.
1277 1612 1468 1647 Nostrum

104 1670 226 1706 Goth.
249 1670 381 1717 Camp.
400 1671 514 1704 Bern.
545 1683 680 1717 margo
701 1668 808 1705 Bafil.
833 1682 871 1706 et
891 1669 1003 1704 suasit
1026 1668 1185 1716 Regius.
1390 1676 1468 1701 tum

103 1724 167 1775 est.
193 1726 326 1762 Turio.
352 1740 430 1760 cum
449 1740 479 1761 e.
503 1727 600 1764 Jens.
621 1727 736 1762 Tarv.
760 1735 882 1762 tamen
903 1740 932 1762 e.
995 1726 1094 1760 lWox
1115 1724 1243 1760 Guelf.
1276 1736 1362 1765 ante
1385 1722 1465 1773 seq.

112 1783 262 1819 omittit
294 1796 385 1817 cum.
610 1785 712 1818 Haec
727 1782 776 1833 fi.
809 1783 943 1818 Turio.
964 1781 1068 1817 Flor.
1089 1781 1261 1817 inferunt
1287 1796 1378 1819 cum.

191 1839 469 1887 perviderimus.
524 1839 652 1874 Guelf.
706 1840 988 1888 providerimus.
1029 1837 1149 1874 Goth.
1201 1840 1290 1883 (tac.
1334 1838 1467 1885 Gesn.)

103 1896 386 1948 pervidebimus.
413 1895 516 1931 Voff.
531 1906 567 1930 2.
589 1897 876 1943 praeviderimus
898 1895 964 1941 (cf.
981 1897 1012 1942 ᾗ.
1028 1901 1092 1938 24.
1113 1894 1207 1930 item
1234 1908 1296 1936 10,
1317 1904 1354 1938 5,
1382 1897 1464 1939 ²8·)

104 1967 197 1989 cum
221 1952 320 1990 Jens.
358 1961 394 1986 et
430 1951 514 1986 edd.
548 1952 706 2000 posterr.
740 1965 826 1989 ante
853 1956 975 1988 Stoer.
1009 1959 1090 1987 exe.
1113 1950 1223 1987 Bafil.
1258 1964 1334 1988 acc.
1360 1952 1465 1989 Gibs.

105 2010 203 2046 Obr.
236 2008 397 2057 Capper.
428 2008 616 2043 Nostrum
664 2009 728 2044 dat
760 2020 797 2046 et
829 2009 928 2046 Vall.
1205 2022 1290 2044 vere
1327 2008 1462 2044 Turie.

102 2066 208 2108 Hor.
233 2065 317 2108 (hic
339 2078 358 2098 a
375 2078 433 2112 pr.
457 2063 530 2109 m.)
553 2065 741 2102 omittunt
763 2080 851 2103 cum
871 2065 975 2102 Alm.

187 2129 252 2167 28.
283 2120 518 2161 redundabit,
543 2123 585 2158 is.
625 2122 757 2159 Turio.
790 2123 895 2160 Flor.
929 2122 1015 2166 (hic
1036 2136 1056 2157 a
1077 2135 1135 2172 pr.
1158 2123 1232 2166 m.)
1263 2119 1463 2157 omittunt.

43 2189 54 2191 ⁴
100 2178 205 2216 Alm.
227 2177 450 2213 redundabit
472 2178 652 2214 omitte-re
675 2179 831 2216 dicitur.
890 2181 925 2215 A
950 2180 1083 2229 Campi
1107 2179 1219 2236 abest·
1231 2181 1270 2214 is.

185 2238 269 2285 poti
298 2248 422 2270 imum.
456 2235 590 2284 Camp.
630 2235 940 2288 perfectiffimum.
1175 2244 1361 2285 oporteat.
1399 2234 1464 2270 Sic

161 2350 212 2386 ad
233 2350 427 2386 victoriam
443 2346 625 2397 spectent.
651 2350 696 2386 cf.
712 2360 750 2392 2,
809 2349 874 2385 Est
895 2349 1045 2399 fragor,
1079 2348 1204 2398 qualis
1232 2349 1466 2386 Ciceronem

104 2417 150 2452 4,
182 2416 248 2451 32.
277 2413 328 2453 5,
362 2416 434 2445 12,
469 2414 535 2441 22.
565 2406 662 2442 item
688 2418 749 2448 12,
810 2408 1042 2455 sequebatur
1064 2414 1099 2452 8,
1134 2415 1171 2450 5,
1203 2415 1241 2450 5.
1273 2406 1347 2442 ubi
1367 2409 1401 2454 ᾖ.
1425 2414 1462 2442 2.

106 2476 155 2499 10
168 2490 177 2504 ,
208 2469 276 2510 48.
599 2475 606 2490 ¹
813 2464 863 2499 est
882 2465 1007 2513 ipsum
1026 2463 1214 2499 nostrum.

157 2521 240 2556 laus
251 2519 508 2568 —popularis
517 2538 569 2546 —-
582 2535 603 2555 a
598 2518 750 2569 ffumta.

100 2576 309 2626 Quidquid
348 2588 514 2611 coronae
553 2576 664 2612 datur
704 2577 751 2612 ad
871 2583 936 2622 28.
998 2577 1164 2612 deerant.
1226 2575 1323 2612 Non
1362 2572 1464 2609 male

97 2634 275 2684 plausum
305 2632 528 2682 petendum.
591 2634 652 2668 Sic
689 2644 750 2674 12,
809 2634 995 2670 Francius
1029 2633 1158 2669 suadet
1191 2631 1465 2682 reponendum

103 2703 174 2732 ιο,
207 2699 273 2734 72.
310 2689 393 2726 laus
438 2690 543 2739 vulgi
592 2689 750 2726 dicitur.
810 2691 975 2727 deerunt.
