1789 3068
282 176 375 212 xvr
704 160 1164 211 PRAEFATIO.

393 312 466 348 12.
507 306 553 352 5,
594 312 635 343 1.
670 301 803 341 animi
814 301 1114 364 praestantia,
1135 316 1277 358 quam.
1313 298 1534 343 verissima
1562 298 1628 343 vi·

285 393 416 433 detur
438 388 692 432 Heindorfii
715 389 958 432 observatio
984 391 1168 433 scribere
1188 407 1307 448 quem
1325 390 1531 442 jubentis.

397 503 472 540 12,
499 493 546 539 6,
568 490 610 535 6.
635 493 1172 549 tenerisque—nitentem.
1199 494 1291 549 Ipse
1316 489 1435 534 nunc
1453 503 1628 536 transeo

281 582 333 626 in
353 581 653 639 improbatam
671 580 783 622 mihi
809 593 935 624 antea
956 583 1230 631 sententiam,
1253 581 1630 640 participiumque

280 675 486 719 nitentem
509 687 532 714 a
553 673 688 714 verbo
712 674 795 714 niti
811 683 980 728 repeto.
1049 675 1222 714 Nititur
1244 672 1371 731 'enirn
1392 684 1543 715 revera
1562 677 1630 726 ju·

281 762 424 812 venia
452 763 526 805 sed
555 765 708 806 teneris
742 763 888 805 adhuc
920 762 1093 812 viribus,
1126 778 1237 821 quae
1272 778 1364 805 non
1392 763 1476 805 [int
1504 761 1629 821 operi

279 857 414 914 paulo
434 851 628 911 graviori
646 853 919 896 suffecturae.

389 979 462 1016 12,
485 980 532 1021 9,
560 981 635 1010 20.
659 967 782 1023 idque
804 967 863 1029 ‘ss
883 969 1021 1008 tutius
1034 966 1155 1029 fiilo.
1222 965 1360 1009 Plane
1390 964 1629 1008 dormitavi

279 1060 330 1103 in
349 1061 571 1105 hocloco,
599 1071 732 1113 quem
760 1055 821 1098 ita
853 1055 974 1112 cepi,
1008 1052 1125 1113 quasi
1157 1057 1212 1097 de
1240 1055 1508 1112 cogitatione
1520 1057 1631 1120 stilo

276 1149 469 1206 juvanda
488 1150 743 1204 loqueretur
764 1147 849 1203 Qu.
922 1148 1011 1187 Sed
1035 1146 1252 1188 ablativus
1271 1147 1380 1209 sc'ilo
1413 1148 1578 1204 pendet
1604 1161 1630 1188 a

277 1238 596 1297 comparativo.
666 1239 765 1277 Hoc
784 1247 933 1277 autem
955 1235 1066 1278 dicit
1086 1236 1282 1292 scriptor,
1307 1251 1419 1294 quae
1440 1236 1628 1292 cogitata

277 1343 453 1375 tantum
485 1330 585 1374 fint,
626 1325 798 1367 facilius
820 1326 965 1380 postea
987 1335 1030 1366 et
1045 1324 1191 1368 omitti
1218 1337 1263 1368 et
1284 1327 1371 1368 alio
1389 1323 1627 1375 transferri,

278 1436 414 1481 quam
434 1431 547 1476 quae
572 1415 665 1457 stilo
688 1426 955 1472 praeparata.

386 1542 461 1578 12,
488 1543 562 1577 io.
602 1539 673 1570 12.
712 1538 784 1579 13.
814 1528 1056 1571 molliorem.
1087 1528 1258 1591 Postea.
1312 1528 1628 1574 Continuanda

275 1624 386 1666 haec
410 1630 536 1662 erant
556 1617 704 1660 media
726 1627 898 1658 tantum
923 1616 1204 1660 distinctione
1226 1618 1494 1677 interposita.

385 1746 461 1782 12,
493 1747 567 1789 ιο,
594 1738 667 1783 14.
700 1731 802 1771 Non
821 1740 941 1771 recte
963 1732 1035 1771 vel
1060 1729 1265 1787 exiguam
1295 1733 1349 1774 de
1370 1733 1506 1774 verbo
1528 1737 1626 1774 coni

276 1828 499 1883 cupierant
520 1819 846 1863 dubitationem
867 1821 1059 1876 expresfi.
1132 1822 1251 1863 Nam
1281 1821 1357 1880 qui
1380 1824 1624 1877 concupivit

277 1918 401 1961 idem
420 1915 551 1968 cupit,
573 1910 649 1969 qui
670 1913 940 1964 concupierat:
962 1909 1083 1952 idem
1110 1913 1321 1967 cupiebat.
1357 1911 1620 1955 Inchoativa

277 2009 419 2053 forma
442 1996 766 2062 concupifitebat
785 1998 932 2043 minus
956 1999 1031 2042 hic
1053 2002 1153 2044 effet
1171 2001 1346 2047 idonea.

386 2133 462 2176 12,
491 2132 564 2164 20,
590 2122 665 2166 25.
700 2114 803 2169 quia
824 2115 1045 2174 Izaneejus
1064 2123 1198 2155 terrae
1209 2109 1357 2174 fidem
1380 2115 1623 2158 Menander

277 2211 423 2254 eludit.
476 2207 623 2263 Ipsum
645 2202 879 2244 Menandri
914 2205 1065 2245 locum
1091 2202 1308 2245 indicavit
1334 2203 1447 2245 mihi
1476 2204 1623 2246 erudi·

276 2301 461 2344 tisfimus
485 2296 607 2338 idem
627 2305 755 2350 atque
775 2292 1045 2334 suavissimus
1067 2294 1209 2341 senex,
1230 2296 1264 2335 J.
1287 2295 1339 2337 G.
1357 2293 1617 2344 Schneider,

276 2391 541 2448 prostantem
561 2384 676 2426 inter
697 2384 941 2439 fragmenta
960 2397 1013 2444 ex
1033 2387 1126 2438 ejus
1146 2383 1357 2443 Γεωργῷ,
1381 2385 1620 2445 [ςῐναηιηιέ

278 2495 365 2541 que
386 2494 409 2521 a
430 2479 550 2522 Stob.
571 2477 708 2517 Serm.
737 2481 814 2526 55.

408 2584 563 2648 Ἀγρὸν
606 2581 908 2645 εὐσεβέστερον
940 2585 1146 2646 ’γεωργεῖν
1179 2579 1334 2630 οὐδένα

409 2675 564 2742 Οἶμαι.
635 2676 756 2741 φέρει
778 2674 864 2739 γὰρ
889 2671 973 2724 ὅσα
993 2675 1110 2729 θεοῖς
1139 2671 1252 2736 ἄνθη
1275 2673 1411 2734 καλὰ,
1450 2730 1453 2732 ,
1486 2729 1489 2731 ,
