1779 3062
404 119 570 165 1NsT.
607 119 888 164 ORATOR.
925 120 1047 167 Lm.
1084 121 1156 178 X,
1197 130 1240 165 1.
1412 131 1506 179 109

150 247 459 315 cognitione
484 245 652 298 utilis.
733 246 795 292 In
815 245 1093 310 Epicureis
1114 246 1250 296 levis
1275 245 1512 313 quidem,

147 327 239 377 sed
278 342 392 375 non
421 321 754 385 injucundus
786 333 962 370 tamen
996 334 1183 372 auctor
1219 324 1292 372 est
1319 326 1511 375 Catius.

149 409 228 456 Ex
270 401 532 452 industria
576 401 819 448 Senecam
859 401 918 447 in
970 402 1119 448 omni
1167 418 1359 466 genere
1398 404 1604 457 elo-125

151 482 403 550 quentiae
439 477 656 536 distuli,
719 486 940 544 propter
976 477 1248 543 vulgatam
1288 478 1420 530 falso
1450 479 1517 530 de

153 669 333 699 auctore,
391 658 462 706 qui
492 657 570 693 hoc
604 656 764 691 nomine
799 655 930 692 fuerit.
1020 656 1254 691 Recensetur
1296 670 1399 692 nunc
1434 659 1519 694 sane

120 736 124 739 -
153 717 313 753 Plancus
332 716 374 750 in
397 717 624 750 Stoicorum
649 713 859 761 Catalogo,
894 725 1009 761 quem
1032 712 1237 748 adornavit
1258 713 1457 750 Fabricius
1475 715 1518 750 in

153 772 260 809 Bibl.
293 772 436 807 Graeca
464 769 556 808 Vol.
581 779 617 813 5.
660 784 697 819 p.
723 776 815 813 572.
858 770 922 804 cui
953 768 1043 805 loco
1079 769 1236 816 subjicit
1263 772 1518 807 Heumannus

154 840 312 870 notam,
351 827 673 863 demonstrantem
703 827 783 862 Cic.
815 825 952 861 Famil.
992 839 1062 867 10,
1115 836 1174 861 12.
1226 827 1329 861 unde
1362 829 1518 864 Stoicus

155 886 383 934 agnoscatur
402 884 578 919 Plancus.
612 883 728 932 Quod
754 894 796 918 ut
817 883 921 917 mihi
941 883 984 918 in
1006 883 1084 918 hoc
1103 882 1265 919 homine
1284 883 1519 932 persuadeat,

155 941 329 978 multum
350 941 473 980 abest;
502 940 633 976 minus
657 951 785 975 tamen
807 941 987 981 adducar,
1009 951 1052 975 ut
1079 953 1166 975 eum
1191 939 1341 988 aliquid
1364 940 1410 975 de
1431 941 1520 989 phi-

155 998 335 1047 losophia
356 997 498 1034 litteris
520 997 711 1032 mandaffe
736 998 901 1033 credam.
960 998 1007 1032 In
1033 997 1115 1037 alia
1128 997 1259 1032 onmia
1279 997 1362 1032 abit
1383 998 1522 1033 Gesne-

157 1069 224 1092 rus
254 1055 297 1090 in
328 1055 463 1090 Indice
498 1053 731 1102 Quintilian.
779 1054 947 1089 eundem
995 1053 1102 1089 hunc
1144 1052 1330 1089 Plancum
1368 1054 1523 1090 censens

157 1123 273 1161 atque
295 1125 396 1153 eum,
430 1112 542 1158 cujus
564 1111 713 1147 mentio
736 1111 786 1146 est
808 1125 855 1146 ex
876 1111 1066 1147 Cicerone
1093 1110 1114 1146 6
1129 1137 1138 1151 ,
1171 1119 1208 1154 5,
1240 1116 1330 1155 44.;
1363 1113 1421 1156 (et
1444 1111 1524 1146 hoc

158 1170 318 1217 repetiit
355 1167 536 1204 Ernefius
585 1168 627 1202 in
656 1167 768 1203 Fabr.
799 1170 844 1203 B.
874 1169 941 1215 L.)
981 1181 1070 1202 nam
1102 1181 1151 1203 ne
1183 1178 1332 1202 certum
1361 1168 1524 1216 quidem

160 1226 245 1272 ejus
263 1239 420 1261 nomen.
482 1227 528 1259 In
550 1225 623 1259 hac
643 1225 851 1260 memorati
867 1224 932 1259 hie
962 1224 1161 1272 scriptoris
1185 1224 1456 1272 ignoratione,
1489 1224 1524 1260 is

160 1282 321 1317 videtur
339 1281 428 1317 loco
451 1280 710 1321 consulturus,
743 1281 814 1329 qui
838 1281 878 1316 P.
911 1279 1081 1329 aliquem
1112 1280 1283 1328 Faustum
1317 1280 1528 1317 ostenderit

163 1341 390 1374 Stoicorum
421 1338 650 1386 dogmatum
684 1337 923 1385 scriptorem.
984 1336 1084 1371 Inest
1114 1338 1216 1371 enim
1244 1337 1322 1371 hoc
1354 1337 1526 1372 maxime

162 1395 338 1430 nominis
389 1396 431 1430 in
480 1393 727 1429 vetustifflma
769 1393 966 1441 scriptura.
1019 1393 1077 1429 Cf.
1117 1393 1270 1441 Lipsius
1323 1394 1369 1428 ad
1401 1394 1526 1430 Tacit.

163 1453 264 1488 Anu.
294 1461 330 1495 5,
356 1458 421 1496 43.
449 1465 468 1486 e
492 1450 557 1486 IW.
582 1450 689 1486 Folio
713 1450 920 1498 exculpens
944 1450 1009 1486 Μ.
1031 1450 1213 1485 Lollium.
1248 1451 1359 1492 [Non
1383 1449 1527 1486 inutile

165 1512 293 1544 tamen'
316 1508 390 1544 erit
415 1508 629 1547 observare,
654 1506 884 1542 Rubellium
915 1506 1032 1541 illum
1052 1504 1246 1546 Plautum,
1281 1507 1350 1554 qui
1362 1506 1529 1554 Augusti

164 1565 322 1614 stirpem
356 1563 570 1611 attingebat
603 1574 639 1598 et
667 1563 734 1598 sub
767 1564 928 1598 Nerone
955 1562 1099 1611 periit,
1131 1565 1282 1597 Stoicae
1316 1563 1433 1598 sectae
1463 1562 1528 1597 ad-

165 1621 315 1657 dietum
361 1632 398 1656 et
429 1619 606 1656 Musonii
646 1619 881 1655 familiarem
924 1619 1062 1660 fuiffe,
1125 1629 1170 1654 ut
1213 1619 1327 1655 docet
1369 1619 1530 1655 Tacitus

168 1670 268 1714 ¹Ann.
300 1684 362 1722 14,
397 1685 460 1722 57.
496 1685 558 1725 59.
592 1677 786 1718 Bormum]

254 1759 484 1806 cognitione.
528 1755 647 1792 Goth.
672 1757 771 1794 Jenf.
802 1756 888 1801 (tac.
920 1755 1050 1802 Gesn.)
1082 1757 1292 1804 cognitioni
1321 1769 1411 1792 cum
1441 1756 1528 1803 edgi-

166 1814 326 1863 posterr.
360 1825 446 1849 ante
471 1816 595 1849 Stoer.
630 1825 711 1848 exc.
730 1812 838 1848 Bafil.
876 1825 952 1848 acc.
972 1813 1148 1848 Rollino.
1210 1813 1335 1848 Potest
1363 1812 1529 1861 placere,

167 1871 230 1907 sed
256 1871 377 1907 obstat
400 1869 693 1918 quodammodo
717 1872 750 1917 ᾗ.
778 1876 867 1914 ι28.
899 1869 1049 1911 „multa
1072 1883 1204 1906 rerum
1225 1870 1445 1918 cognitio.“

254 1949 460 1997 Epicureis.
493 1949 627 1985 Turio.
657 1947 762 1985 Flor.
789 1949 924 1997 Camp.
960 1950 1060 1987 Jens.
1093 1951 1182 1992 (tac.
1216 1949 1348 1994 Gesn.)
1376 1951 1533 1996 epicuris

170 2019 260 2043 cum
283 2006 369 2041 edd.
391 2016 478 2040 ante
499 2006 593 2041 Bad.
788 2006 1016 2051 injucundus.
1048 2007 1182 2041 Turic.
1207 2005 1311 2041 Flor.
1335 2007 1373 2050 (a
1395 2019 1454 2055 pr.
1477 2020 1530 2042 m.

171 2066 355 2112 uterque)
397 2064 616 2107 injucundis.
880 2071 1009 2097 auctor
1040 2060 1090 2110 est
1121 2065 1260 2099 Catius.
1297 2062 1374 2097 Ex.
1423 2063 1531 2099 Flor.

169 2131 206 2156 a.
229 2135 259 2156 e.
285 2122 434 2155 cautius.
468 2119 544 2155 Ex.
576 2132 664 2155 eum
693 2119 802 2156 Bafil.
862 2120 937 2154 Sed
962 2119 1093 2157 Gueli.
1122 2121 1319 2155 Auctorem
1351 2132 1406 2155 ex.
1444 2133 1533 2155 cum

167 2177 274 2215 Vols.
296 2185 333 2220 3.
364 2176 438 2212 Sed
461 2176 580 2212 Goth.
604 2178 694 2222 (tac.
717 2176 848 2222 Gesn.)
874 2177 1004 2212 Catius
1026 2173 1086 2224 esc.
1126 2176 1201 2211 Ex.
1227 2176 1364 2210 omisso
1390 2186 1531 2212 auctor.

170 2234 304 2282 Camp.
326 2248 361 2269 a.
389 2234 517 2269 Cacius
540 2230 591 2281 est
610 2246 666 2270 ex.
708 2233 813 2272 Voss'.
842 2247 874 2269 ι.
917 2248 953 2270 a.
977 2243 1014 2269 et
1034 2235 1146 2279 cujus.
1179 2232 1254 2267 Ex.
1279 2232 1376 2270 Jens.
1407 2233 1534 2268 ducto-

168 2305 245 2326 rem
268 2304 312 2326 ex
335 2302 425 2326 cum
445 2291 563 2326 Tarv.

233 2377 325 2413 ²25·
376 2369 612 2418 eloquentiae
647 2370 790 2407 distuli.
847 2369 936 2406 ΑΜ.
969 2367 1081 2406 Bam,
1124 2370 1299 2406 inserunt
1336 2368 1534 2419 veisatum,

228 2507 452 2555 cognitione.
487 2505 534 2542 cf.
555 2516 638 2543 not.
660 2507 748 2543 crit.
882 2506 988 2547 „lius
1026 2508 1131 2549 Fam.
1172 2513 1242 2551 15,
1293 2505 1342 2542 16
1376 2516 1413 2542 et
1447 2510 1538 2555 19.“

882 2564 1083 2599 Gesnerus.

228 2622 366 2656 Catius.
397 2619 509 2662 ,‚1He,
541 2620 650 2667 cujus
674 2620 822 2669 spectra
942 2629 1032 2664 125.
1100 2622 1278 2655 Senecam
1308 2640 1361 2647 —-
1393 2620 1538 2659 distuli.

164 2674 340 2723 ,,(εἴὸωλα
371 2678 552 2726 Epicuri)
592 2678 693 2713 ridet
725 2677 819 2713 Tul·
878 2676 1059 2717 „Distuli
1081 2677 1127 2713 de
1141 2680 1282 2713 Seneca
1306 2675 1433 2726 loqui,
1447 2690 1537 2713 cum
