1779 3062
404 153 569 198 INST.
616 151 896 197 ORATOR.
944 153 1065 196 LIB.
1114 153 1186 208 X,
1236 165 1279 197 1.
1453 162 1516 207 87

157 279 293 327 mihi
314 276 484 327 sermo
508 275 617 341 ipse
641 278 917 325 Romanus
938 295 1046 327 non
1073 280 1307 344 recipere
1333 276 1516 326 videa-

158 366 247 404 tut·
299 356 448 402 illam
496 352 619 401 solis
671 351 954 401 concessam
1010 356 1194 404 Atticis
1246 371 1512 411 venerem,

157 431 373 496 quando
411 448 524 478 eam
562 446 629 477 ne
661 430 847 477 Graeci
869 430 1086 492 quidem
1113 433 1169 479 in
1194 433 1298 481 alio
1319 447 1510 497 genere

155 509 369 573 linguae
402 507 746 556 obtinuerint.
836 509 1053 570 Togatis
1087 509 1294 556 excellit
1329 505 1511 576 Afra-

154 589 291 642 nius,
348 585 658 647 utinamque
702 600 815 630 non
850 582 1166 647 inquinasset
1200 594 1512 649 argumenta

152 679 446 728 puerorum
472 659 643 710 foedis
668 660 953 716 amoribus,
992 677 1166 709 mores
1186 659 1309 710 suos
1334 658 1507 709 fastus.

150 743 219 787 At
248 756 362 788 non
393 736 610 787 historia
643 733 874 784 cefferim
910 738 1148 795 Graecis,
1207 754 1304 786 nec
1341 752 1596 803 οῙΨο-ιῡι

240 903 402 953 quando.
472 903 605 938 Turio.
637 903 770 949 Camp.
803 903 990 949 quoniam.
1057 901 1161 939 Flor.
1195 915 1319 952 quum.
1389 902 1510 938 Goth.

148 960 247 999 Jens.
283 961 379 1005 (tac.
412 960 552 1006 Gesu.)
583 972 664 993 cum
691 972 780 993 cum
813 959 898 993 edd.
934 970 1020 993 ante
1051 959 1139 993 Ald.
1211 961 1271 993 An
1302 959 1379 994 fuit
1411 959 1509 993 anti-

149 1017 283 1065 quitus
307 1018 480 1065 quoniam
512 1017 587 1051 fine
611 1017 724 1050 eam?
958 1015 1194 1050 obtinuerint.
1257 1015 1385 1051 Guelf.
1413 1015 1509 1050 obti-

147 1082 316 1108 nuerunt.
375 1071 524 1106 Placet:
556 1072 617 1107 sed
646 1071 760 1108 solus.
821 1071 931 1106 Idem
961 1072 1113 1119 linguae
1135 1073 1303 1110 omittit,
1334 1085 1407 1119 pro
1429 1083 1509 1120 quo

114 1168 116 1170 v
143 1129 249 1165 Flor.
284 1130 437 1175 linguae
465 1142 568 1177 quae.
803 1127 994 1175 Afranius.
1057 1129 1190 1164 Turic.
1219 1127 1418 1175 africanus.

232 1188 455 1233 utinamque.
515 1185 648 1222 Turio.
678 1185 783 1221 flor.
815 1185 911 1233 (hic
942 1199 960 1219 a
996 1198 1054 1233 pr.
1084 1185 1168 1231 m.)
1198 1187 1350 1220 utinam.
1383 1185 1430 1220 cf.
1468 1184 1505 1226 6,

147 1250 252 1286 5,5.
285 1254 332 1289 9,
356 1251 400 1284 3,
429 1255 462 1278 1.

235 1367 326 1389 101.
362 1367 437 1388 non
464 1349 627 1400 lustoria.
699 1355 761 1390 Sic
791 1354 924 1389 Turio.
955 1353 1059 1388 Flor.
1093 1351 1222 1389 Guelf.
1255 1354 1374 1390 Goth.
1403 1354 1504 1393 Jens.

146 1412 244 1456 (tac.
275 1411 407 1454 Gesn.)
442 1411 574 1456 Camp.
608 1410 722 1445 anx‘.
754 1411 1006 1459 Transposuit
1039 1410 1204 1457 Regius,
1246 1424 1362 1458 quem
1385 1412 1505 1447 secuti

142 1467 380 1503 :recentiores
417 1479 562 1501 omnes.
620 1466 806 1502 Nostrum
836 1468 962 1501 acrius
994 1466 1109 1500 estin
1134 1468 1362 1514 negatione,
1392 1468 1505 1503 velut

143 1523 245 1559 illud
267 1522 431 1570 Virgilii
451 1522 593 1568 Θεοῖς.
630 1528 673 1564 4,
707 1531 801 1566 530.
831 1525 884 1557 At
901 1536 975 1557 non
1000 1526 1164 1570 Cyrene,
1199 1536 1417 1570 quanquam
1443 1525 1503 1559 ibi

144 1578 238 1614 defit
257 1578 436 1613 verbum.
580 1576 749 1627 ceffcrim.
810 1579 912 1614 Ahn.
940 1577 1107 1618 omittit;
1137 1591 1208 1613 nee
1229 1579 1341 1613 aliter
1366 1581 1500 1616 Turio.

142 1646 333 1684 quantum
359 1645 571 1679 *notantem
614 1636 724 1683 capio
765 1635 947 1670 Ulricum
989 1636 1036 1672 V.
1077 1634 1119 1669 C.
1191 1636 1265 1670 Sed
1298 1636 1500 1671 manifesto

141 1691 283 1741 cefferit
313 1690 416 1727 Flor.
450 1691 527 1736 (cf.
559 1693 652 1736 97.)
683 1705 772 1728 cum
804 1691 968 1739 reliquis
1003 1691 1199 1726 omnibus.
1261 1693 1347 1727 Nos
1379 1692 1500 1739 primi

141 1747 391 1797 expreffimus
427 1747 742 1791 emendationem
762 1748 980 1783 Burmanni
1009 1759 1080 1788 „ut
1104 1749 1172 1782 fint
1190 1748 1365 1794 jactantis
1386 1748 1499 1784 Fabii

139 1805 308 1846 ,‚verba‚
343 1804 414 1852 qui
435 1814 541 1838 antea
562 1803 674 1839 faffus
701 1815 800 1845 erat,
832 1805 1040 1839 claudicare
1061 1807 1257 1839 Romanos
1278 1805 1320 1838 in
1339 1817 1496 1840 comoe-

136 1861 241 1902 ,‚dia.
273 1871 310 1895 et
329 1860 406 1894 hoc
427 1860 612 1894 convenit
634 1861 805 1908 sequenti
824 1866 989 1896 verear.“
1048 1863 1189 1896 Rectus
1210 1860 1311 1895 casus
1331 1857 1495 1907 historia,

140 1917 212 1965 qui
234 1917 282 1951 est
303 1916 345 1950 iu
368 1914 537 1962 vulgata,
565 1926 601 1950 et
622 1916 863 1965 improprius
885 1918 935 1952 est
959 1929 995 1953 et
1016 1917 1184 1965 languet.
1228 1916 1330 1954 Vide
1354 1927 1494 1958 tamen,

139 1972 187 2007 'an
214 1971 486 2020 reponendum
505 1972 625 2006 fuerit
647 1970 859 2021 cefferimus.
892 1974 938 2010 cf.
961 1975 1025 2019 36.
1057 1974 1152 2009 item
1180 1984 1242 2013 10,
1271 1982 1308 2017 7,
1328 1983 1393 2020 29.
1424 1973 1496 2010 ubi

139 2028 269 2064 Guelf.
284 2027 438 2077 fecerim
455 2040 529 2076 pro
544 2027 756 2076 fecerimus.

201 2185 289 2209 100.
327 2171 575 2215 obtinuerint,
625 2186 663 2210 v.
703 2184 788 2213 not.
846 2174 997 2224 aliquid
1027 2174 1170 2210 virtuti
1204 2175 1492 2211 concedentem.

137 2229 226 2267 crit.
843 2233 954 2267 Idem
976 2233 1147 2281 optimus
1162 2231 1347 2267 Gesnerus
1370 2241 1407 2266 et
1425 2230 1492 2265 hic

842 2289 936 2324 fecit
955 2298 1004 2328 et,
1036 2301 1114 2336 quo
1140 2287 1298 2336 ablegat,
1321 2287 1368 2322 ad
1387 2286 1489 2322 Plin.
1526 2311 1529 2313 >

193 2355 310 2377 moros
329 2340 418 2390 suos
431 2341 566 2392 fuffus.
628 2343 685 2379 Cf.
705 2344 784 2379 Au·
839 2346 957 2393 Epist.
991 2352 1035 2389 4,
1064 2353 1127 2387 27,
1152 2349 1201 2386 4.,
1233 2344 1312 2378 acri
1339 2355 1410 2378 nec
1431 2344 1491 2378 in·

137 2399 216 2434 son.
247 2400 381 2446 Epigr.
412 2410 485 2443 72,
510 2406 548 2446 4.
607 2402 784 2448 Agnosco
843 2402 1004 2436 facunda
1028 2400 1201 2436 oratione
1223 2401 1418 2447 exagitans
1429 2399 1490 2434 ni-

137 2454 204 2489 hic
231 2454 338 2502 frugi
362 2454 562 2491 hominem
584 2457 785 2492 rhetorem
842 2459 960 2493 miam
982 2455 1215 2503 hujusmodi
1235 2456 1407 2491 sordium
1424 2469 1490 2503 pa·

137 2511 334 2550 nostrum,
364 2524 435 2546 nee
468 2513 562 2548 adeo
594 2526 656 2547 me
690 2512 785 2547 deli-
843 2514 1031 2549 tientiam.
1092 2511 1240 2547 Similis
1273 2511 1376 2561 apud
1397 2512 1490 2547 Boi-

139 2567 220 2601 ciae
251 2568 342 2601 artis
371 2568 548 2616 capiunt,
579 2580 649 2610 ut,
678 2569 785 2616 quod
841 2569 992 2604 lavium
1033 2568 1210 2603 Renierii
1243 2567 1489 2616 reprehenfio

139 2622 259 2658 hodie
282 2622 403 2659 solent
427 2623 625 2672 plerique,
656 2624 787 2673 indig-
843 2626 885 2660 in
905 2627 950 2661 A.
973 2628 1012 2660 P.
1034 2624 1061 2660 l.
1085 2634 1123 2660 2.
1152 2644 1209 2652 —·
1247 2625 1309 2659 De
1328 2623 1491 2672 Afram‘o

140 2692 209 2714 ner
250 2679 444 2715 testantem
482 2681 604 2716 sensus
635 2682 721 2717 [uos
751 2692 790 2718 et
845 2682 892 2718 cf.
913 2681 1088 2730 Rurgers.
1111 2682 1202 2722 Var.
1224 2682 1346 2717 Lectr.
1373 2686 1409 2725 4,
1427 2691 1488 2728 19.
