1789 3068
220 191 283 224 Π
428 206 445 214 -
645 178 1103 226 PRAEFATIO.

219 326 366 382 parte
385 330 548 380 pono,
587 316 660 364 ita
687 318 868 366 virum
887 313 1127 384 pernoffe
1152 325 1307 380 atque
1331 318 1388 366 in
1410 319 1555 386 inge-

219 404 301 452 nii
325 402 731 469 studiorumque
754 408 865 466 ejus
895 405 1137 452 habitum
1173 403 1449 454 insinuasse
1472 425 1558 456 me

220 490 458 548 videbar,
486 502 563 549 ut,
582 509 744 555 quam
763 493 857 540 ille
876 495 940 562 (in
963 492 1283 556 expoliendo
1308 490 1557 560 scriptore

220 579 365 626 viam
387 577 659 637 institiffet,
678 597 793 628 eam
817 597 914 644 ego
931 580 1171 646 persequi
1191 580 1399 630 facilius
1421 599 1562 633 com-

218 664 542 731 modiusque
558 665 751 732 poffem
766 687 780 726 ;
803 680 869 726 et,
884 668 1077 734 quidni
1092 670 1398 734 proloquar,
1414 669 1563 734 quod

220 765 406 821 pectus
424 755 606 816 jubet?
628 755 775 819 quod
798 767 938 805 certo
960 756 1198 814 sciebam,
1223 755 1399 822 ipsum
1414 757 1565 815 mihi,

219 841 264 892 si
290 842 462 892 fatum
490 841 839 911 praesagisset,
888 856 1058 911 partes
1093 845 1206 895 suas
1241 844 1563 894 traditurum

222 928 389 981 fuisse.

344 1019 704 1086 opinabamur
728 1036 925 1079 omnes,
952 1023 1150 1085 quibus
1179 1039 1302 1070 cum
1327 1019 1566 1086 Spaldin-

226 1108 316 1173 gio
341 1109 523 1155 vivere
547 1110 849 1173 contigerat,
889 1110 1044 1158 telam
1066 1128 1188 1159 eum
1215 1112 1370 1176 plane
1396 1119 1567 1176 perte·-

223 1192 387 1244 xuiffe
413 1206 616 1259 praeter
629 1197 869 1260 exiguam
888 1200 1106 1246 extremi
1125 1199 1419 1248 voluminis
1450 1213 1568 1263 par-

224 1292 347 1330 tem.
410 1286 476 1330 Et
502 1292 833 1346 pertexuerat
853 1282 988 1341 sane,
1010 1283 1051 1331 si
1072 1284 1332 1334 summam
1355 1287 1433 1333 rei
1454 1284 1568 1349 spe-

227 1380 347 1418 ctes.
425 1369 883 1418 Commentarium
916 1381 969 1418 et
999 1373 1241 1421 criticum
1266 1383 1316 1420 et
1343 1373 1569 1437 exegeti-

226 1473 353 1508 cum
376 1457 706 1505 elaboratum
729 1459 945 1522 reliquit
968 1475 1138 1523 usque
1160 1459 1226 1507 acl
1246 1460 1370 1508 libri
1391 1463 1505 1521 Xll.¹
1524 1476 1569 1513 c,

228 1559 278 1603 5.
305 1549 346 1606 §.
374 1559 421 1605 7.
465 1548 637 1612 Quem
663 1543 794 1592 dum
824 1548 1114 1594 accuratius
1135 1545 1383 1610 inspicio,
1415 1545 1569 1594 facile

225 1632 492 1689 intellexi,
542 1631 789 1680 nondum
839 1633 996 1680 talem
1041 1633 1103 1680 ab
1139 1635 1366 1682 auctoris
1404 1651 1568 1683 manu

226 1716 418 1777 exiisse,
433 1719 644 1783 qualem
663 1720 754 1766 ille
771 1718 1048 1769 emissurus
1064 1722 1121 1768 in
1145 1720 1421 1785 publicum
1437 1718 1567 1769 fuis-

235 1807 322 1857 set.
403 1808 614 1875 Quippe
635 1817 686 1854 et
705 1804 909 1872 singula
931 1809 1103 1872 prima
1132 1807 1342 1856 fuderat
1367 1825 1571 1866 manus,

234 1907 316 1945 tot
339 1896 552 1944 mutatis
573 1894 894 1960 additisque,
929 1905 992 1944 ut
1013 1894 1113 1943 nisi
1133 1896 1471 1961 diligentiore
1491 1913 1572 1944 ca-

231 1985 375 2033 lamo
397 1993 597 2031 exarata
621 1983 929 2050 typothetae
958 1982 1094 2031 tradi
1126 2001 1238 2032 non
1266 1982 1482 2050 possent,
1517 1993 1570 2031 et

230 2074 424 2123 multas
441 2069 920 2120 animadversiones
938 2081 1000 2120 ut
1020 2071 1288 2121 inchoatas
1306 2082 1357 2119 et
1373 2073 1569 2136 imper-

232 2161 391 2209 fectas
423 2168 694 2209 notaverat
718 2158 1054 2224 Spaldingius
1083 2157 1219 2226 ipse,
1260 2176 1372 2208 non
1400 2175 1566 2224 pauca

232 2250 464 2312 denique
500 2257 700 2296 textum
734 2257 785 2296 et
816 2257 1123 2313 apparatum
1148 2247 1390 2296 criticum
1421 2263 1566 2295 com-

228 2338 434 2403 paranti
474 2334 817 2384 occurrebant
851 2334 1140 2396 ejusmodi,
1197 2351 1332 2400 quae
1367 2334 1564 2382 iterum

227 2423 456 2472 scribens
487 2420 796 2472 emendasset
825 2423 911 2471 vir
931 2424 1175 2472 omnium
1194 2438 1389 2490 prope,
1428 2438 1564 2486 quos

226 2513 502 2569 novimus,
542 2508 957 2559 accuratissimus.
1023 2515 1162 2559 Haec
1186 2512 1349 2577 igitur
1375 2507 1564 2558 descri-

226 2599 407 2656 bendi,
446 2597 760 2664 perficiendi
778 2596 1206 2663 emendandique
1229 2616 1443 2665 operam
1465 2614 1563 2663 ego

226 2687 572 2754 susceperam,
611 2697 687 2746 et,
725 2703 835 2752 quo
854 2686 914 2734 in
937 2702 1097 2755 opere
1128 2688 1445 2754 primarium
1469 2686 1565 2735 ille
