1779 3062
280 201 378 257 546
603 200 679 247 M.
711 200 849 247 FAB.
885 191 1305 265 QmN‘rmANl
1339 214 1341 218 ’

278 324 394 373 bito
460 322 637 374 fronte
703 326 962 386 conficta,
1031 326 1377 394 'imtniss'aque
1437 331 1622 390 barba,

228 441 229 444 ,
277 400 452 449 veluti
499 400 839 469 despexilsent
880 407 1105 455 oratoria
1149 418 1453 473 praecepta,
1489 419 1713 475 pau-1063

274 476 393 552 lum
423 478 628 543 aliqu-id.
655 480 905 531 sederunt
927 483 996 531 111
1013 481 1207 531 scholis
1234 483 1620 550 philosophan—

269 555 426 612 1111111,
467 565 529 603 ut
566 556 761 606 deinde
790 561 849 608 in
882 560 1102 625 publico
1134 557 1320 617 tiristes,
1345 560 1496 610 domi
1511 560 1620 625 dis-

272 629 452 690 soluti,
484 644 749 700 captarent
777 637 980 685 auctori
983 647 1143 685 tatem
1176 646 1452 686 contemtu
1485 647 1620 686 cete-

272 725 473 757 rorum.
570 710 912 780 Philosophia
955 713 1100 761 enim
1141 706 1385 763 simulari
1425 713 1618 780 potest,

268 785 577 868 eloquent-ia
596 805 717 839 non
747 788 928 854 potest.

271 952 398 1000 nisque
425 955 488 1002 qui
509 953 543 1002 s.
581 925 731 1003 canipa
746 954 935 1002 confincca
965 954 1070 992 Flor.
1099 957 1155 1000 (et
1185 954 1238 990 ita
1270 954 1405 991 Turic.
1437 947 1549 995 Flor„
1577 947 1613 1002 §ss

272 1011 335 1051 7.)
403 1010 689 1059 philosophanti»
715 1020 757 1054 ut
785 1013 917 1048 Turic.
945 1011 1049 1047 Flor.
1082 1025 1113 1047 c.
1143 1011 1250 1048 Alm.v
1277 1009 1424 1058 reliqui
1452 1009 1617 1060 philoso-

267 1064 427 1113 phorum
468 1076 521 1102 uc.
578 1068 766 1103 Nostrum
797 1081 816 1103 e
847 1070 949 1116 conj.
990 1068 1207 1103 Burmanni
1237 1066 1453 1103 certiffima.
1511 1068 1616 1103 Nam

266 1122 325 1156 sui
358 1124 545 1171 temporis
577 1123 694 1164 „istos
727 1124 798 1172 qui
826 1124 1055 1172 philosophi
1086 1128 1302 1159 vocantur“
1331 1122 1371 1169 (1
1387 1135 1418 1161 ι,
1455 1137 1490 1164 1,
1525 1123 1616 1168 35.)

265 1177 573 1226 philosophantes
612 1192 754 1215 vocare
793 1180 966 1215 nostrum
999 1180 1182 1221 decebat,
1247 1191 1327 1214 non
1359 1178 1613 1227 philosophos,

267 1246 346 1280 quo
378 1234 537 1269 nomine
569 1236 752 1283 antiquos
780 1235 873 1272 illos
905 1246 1075 1276 tantum,
1127 1235 1273 1270 tametsi
1310 1235 1354 1269 in
1394 1233 1468 1271 hos
1499 1236 1615 1271 etiam

263 1290 440 1337 iniquus,
467 1289 660 1338 appellat3
693 1292 740 1326 cf.
778 1301 841 1332 12,
872 1303 909 1332 2,
941 1302 980 1335 7·.
1042 1293 1106 1327 Sic
1135 1289 1393 1341 philosophari
1420 1304 1492 1343 per
1521 1304 1614 1326 con·

263 1356 456 1393 temptum
498 1361 578 1382 cum.
611 1347 802 1383 Graeculis
835 1347 1038 1396 usurpavit
1073 1348 1210 1383 rhetor
1251 1345 1322 1381 ille
1362 1346 1406 1380 in
1438 1341 1614 1383 oratione

258 1402 346 1450 post
375 1401 504 1438 Redit.
535 1404 579 1438 in
610 1406 736 1439 Senat.
777 1413 838 1448 15.
876 1405 947 1440 ubi
975 1405 1210 1441 Caesoninus
1242 1401 1467 1438 calventius
1496 1394 1610 1452 plane

258 1458 413 1496 iisdem,
440 1472 539 1507 quos
571 1460 636 1495 hic
665 1461 859 1501 videmus,
901 1461 1104 1498 coloribus
1136 1459 1326 1509 pingitur.
1387 1468 1427 1495 ut
1465 1459 1610 1509 demum·

258 1516 299 1549 in
330 1516 465 1563 Camp.
508 1513 679 1564 tristeque
706 1517 828 1552 doniti
858 1518 993 1553 Turio.
1023 1517 1127 1552 Flor.
1184 1513 1352 1564 diffolafi
1380 1516 1514 1557 Turio,
1553 1516 1610 1563 his

250 1569 374 1620 solati
404 1571 510 1607 Flor.
543 1575 745 1622 contempti
774 1574 909 1610 Turio.
943 1575 1106 1610 contenti
1137 1571 1241 1607 Flor.

316 1723 493 1773 conficta.
531 1725 687 1762 Molesti
708 1727 793 1763 funt
814 1728 898 1765 VV.
960 1724 1184 1769 ,‚seenis?“
1244 1735 1281 1761 et
1315 1737 1413 1773 quae
1444 1724 1605 1772 sequun-

256 1783 352 1818 DD.
383 1780 633 1829 constrictam,
665 1793 900 1825 contractam,
962 1794 1037 1819 tur.

257 1840 353 1886 quin
393 1848 431 1872 et
465 1835 703 1885 constructam
731 1839 900 1874 frontem
1019 1837 1186 1888 immiffa·
1243 1836 1604 1885 Immittitur—proli-

253 1894 371 1929 nobis
394 1894 658 1943 propinantes,
680 1895 786 1943 quasi
804 1909 899 1931 vero
957 1909 1007 1931 xa
1029 1909 1139 1931 coma
1160 1894 1357 1932 humeris,
1401 1892 1516 1929 barba
1538 1906 1604 1941 pe-

252 1950 331 1986 sola
374 1950 506 1997 fronte
552 1963 632 1986 non
680 1951 765 1988 satis
806 1950 900 1987 haec
959 1953 1080 1988 ctori:
1123 1951 1216 1987 hinc
1249 1947 1406 1999 immzffa
1439 1959 1602 1998 utraque

254 2007 385 2042 omnia
403 2005 639 2047 indicentur,
660 2021 786 2056 neque
800 2009 902 2056 opti·
961 2009 1108 2043 dieitur
1144 2021 1264 2056 aeque
1302 2007 1399 2042 bene
1441 2018 1483 2040 ac
1516 2019 1601 2053 pro—

254 2076 363 2097 mum
388 2063 435 2098 [it
457 2062 618 2110 conficta
646 2063 898 2100 vocabulum,
959 2062 1074 2113 miffa.
1151 2061 1339 2112 Exempla
1379 2074 1518 2110 quaere
1556 2061 1600 2096 in

252 2119 483 2156 Vindicavit
503 2130 629 2154 autem
648 2120 750 2154 illud
771 2120 898 2157 nostro
957 2120 1115 2156 Gesneri
1137 2119 1248 2155 Thes.

249 2176 329 2222 jam
351 2175 534 2210 Davifius
563 2175 605 2210 in
636 2177 739 2212 curis
770 2177 898 2212 secun·
1012 2174 1264 2224 despexssent-
1339 2172 1596 2208 Praeteritum

253 2231 313 2267 dis
338 2233 384 2266 ad
406 2232 506 2268 Caes.
528 2233 572 2266 Β.
597 2232 640 2267 G.
666 2246 700 2272 1,
724 2241 787 2280 39.
815 2245 897 2268 non
952 2232 1054 2268 refer
1065 2231 1112 2266 ad
1125 2240 1276 2279 tempus
1290 2229 1404 2269 illud,
1416 2241 1495 2277 quo
1507 2227 1596 2263 rhe-

249 2288 336 2323 satis
368 2299 457 2336 apto
488 2288 646 2335 quidem
678 2287 792 2328 loeo,
833 2289 896 2324 sed
952 2298 1084 2324 torum
1127 2285 1273 2322 scholas
1315 2285 1418 2335 quasi
1466 2284 1593 2320 t'aedio

251 2354 383 2392 aptum
426 2344 585 2380 afferens
623 2346 785 2379 Senecae
822 2344 894 2386 (de
948 2343 1058 2394 pleni
1079 2343 1363 2391 relinquebant.
1405 2341 1459 2376 Ut
1481 2339 1594 2375 facile

249 2401 393 2448 Tranq.
427 2402 509 2443 15.)
549 2401 755 2441 „frontem
788 2401 892 2436 suam
950 2413 1143 2436 caleamus
1204 2410 1338 2448 arguta
1395 2390 1593 2432 Gebhardi

245 2456 471 2505 ,‚fingere.“
532 2457 796 2492 Commodum
837 2467 890 2492 et·
949 2457 1171 2502 conjectura
1192 2452 1465 2504 depexuffent3
1494 2465 1593 2500 quae

245 2512 323 2546 iam
354 2513 498 2550 Badius
535 2513 718 2548 admonet
746 2513 888 2549 verbo·
945 2512 1010 2547 vel
1025 2525 1070 2547 eo
1091 2513 1251 2547 nomine
1276 2505 1590 2560 (115Ρ1ἑεεε,ςιιοά

244 2583 332 2605 1um
355 2571 556 2610 juvenalis
583 2572 638 2615 (2,
658 2571 717 2618 8.)
748 2570 793 2604 de
823 2569 884 2605 his
943 2568 1100 2604 barbam
1121 2568 1185 2604 hic
1199 2570 1413 2606 immittunt,
1426 2571 1506 2601 non
1519 2564 1588 2613 qui

243 2627 334 2674 ipsis
386 2626 638 2663 hominibus:
701 2627 885 2667 „Frontis
943 2625 1137 2660 confusam
1169 2635 1278 2659 antea
1308 2633 1346 2658 et
1375 2624 1585 2670 impexam‚·

242 2684 371 2721 „nulla
396 2683 510 2730 fides.
562 2683 659 2730 Quis
680 2683 782 2717 enim
802 2694 883 2717 non
939 2681 1001 2716 sed
1023 2681 1091 2728 qui
1114 2682 1257 2725 tonsam
1276 2679 1409 2728 potius
1431 2689 1468 2714 et
1487 2676 1581 2715 bene

241 2739 378 2778 „vicus
408 2740 578 2776 abundat
613 2736 788 2787 Trfiibus
812 2737 882 2774 ob·
939 2748 1108 2773 curatam
1137 2737 1335 2786 gofferant.
