1779 3062
210 145 305 202 326
525 146 599 191 M.
639 127 787 192 FAssq
811 148 1225 209 QUINTILIANI

208 272 378 321 moria
407 268 744 338 suffragatur,
784 284 991 341 tempus
1020 293 1132 325 non
1155 273 1352 334 defuit',
1391 276 1542 325 nulla

206 366 295 397 me
326 349 490 398 velim
520 349 716 414 syllaba
739 348 977 417 effugiat:
1015 353 1219 416 alioqui
1242 354 1398 402 etiam
1420 352 1543 401 scri-

206 426 329 474 bere
348 424 412 473 sit
431 425 831 492 supervacuum.
869 429 1035 493 quue
1057 430 1337 495 praecipue
1361 447 1389 476 a
1410 447 1541 495 pue-

204 504 276 551 ris
313 503 691 562 obtinendum,
738 516 892 570 atque
932 507 988 554 in
1024 506 1158 553 hanc
1200 505 1630 561 consuetudi-995

206 597 332 627 nem
359 583 614 630 memoria
641 584 1006 631 exercitatione
1027 581 1328 646 redigenda,
1352 599 1420 630 ne
1447 600 1546 631 no-

206 655 287 706 bis
314 655 569 707 discamus
594 658 874 724 ignoscere.
916 658 1150 723 Ideoque
1175 668 1226 706 et
1251 660 1545 718 admoneri,

205 744 256 781 et
277 733 341 781 ad
368 734 611 784 libellum
638 735 890 801 respicere
914 735 1183 794 vitiosum,
1218 734 1365 800 quod
1385 735 1546 784 liber-

203 819 362 858 tatem
393 813 742 877 negligentiae
765 812 915 870 facit,
955 829 1052 860 nec
1077 813 1359 876 quisquam
1381 811 1433 860 se
1457 829 1547 878 pa-

205 904 327 936 rum
350 898 529 936 tenere
553 889 765 950 judicat,
788 889 952 954 quod,
980 906 1048 938 ne
1069 888 1168 936 sibi
1188 888 1405 947 excidat,
1433 907 1548 938 non

133 974 185 1021 46
207 965 374 1012 timet.
453 965 584 1013 Inde
609 967 936 1033 interruptus
966 967 1184 1015 actionis
1205 967 1460 1031 impetus,
1496 976 1547 1014 et

201 1040 438 1090 resistens
472 1059 528 1089 ac
565 1041 819 1092 salebrosa
851 1044 1047 1101 oratio,
1089 1053 1140 1091 et
1164 1043 1258 1106 qui
1285 1043 1414 1091 dicit
1436 1042 1548 1090 edi-

201 1116 365 1165 scenti
389 1117 601 1175 similis,
644 1120 799 1166 etiam
831 1136 1044 1168 onmem
1069 1120 1205 1166 bene
1228 1118 1548 1186 scriptorum

204 1195 423 1258 gratiam
447 1195 622 1258 perdit
646 1197 733 1243 vel
754 1196 857 1243 hoc
876 1194 1007 1261 ipso,
1049 1195 1198 1259 quod
1220 1194 1467 1261 scripsisse
1494 1195 1547 1244 se

205 1269 506 1318 confitetur.
540 1273 804 1320 ⁷Memoria
825 1281 1000 1319 autem
1024 1270 1149 1319 facit
1172 1273 1328 1319 etiam
1349 1273 1548 1337 promti

201 1346 408 1410 ingenii
439 1344 658 1405 famam,
708 1359 768 1396 ut
801 1349 917 1405 illa,
971 1365 1107 1412 quae
1142 1348 1396 1406 dicimus,
1433 1367 1547 1398 non

202 1421 366 1473 domo
401 1421 652 1482 attulisse,
690 1424 781 1474 sed
810 1426 888 1473 ibi
916 1427 1164 1492 protinus
1200 1423 1430 1476 sumsisse
1465 1426 1548 1475 vi-

288 1580 352 1617 45.
384 1574 514 1624 defuit.
547 1577 611 1612 Sic
639 1575 771 1611 Turio.
793 1575 897 1613 Flor.
922 1577 1057 1614 Ambr.
1082 1587 1118 1612 2.
1149 1577 1277 1613 Guelf.
1300 1580 1433 1627 Camp.
1457 1592 1547 1615 cum

201 1630 321 1666 Goth.
338 1630 440 1667 Alm.
459 1634 564 1670 Voff.
596 1647 629 1668 1.
655 1642 690 1667 2.
714 1634 827 1668 Bern.
868 1634 941 1669 Sed
963 1635 1061 1672 Jens.
1083 1637 1168 1678 (tac.
1193 1635 1321 1680 Gesn.)
1345 1635 1439 1683 defit
1455 1649 1547 1671 cum

202 1687 288 1722 edd.
318 1687 473 1734 posterr.
504 1701 588 1725 ante
619 1688 767 1736 Gryph.
792 1688 929 1725 Placet.
962 1690 1124 1738 Reliqui
1147 1688 1252 1738 desit.
1292 1692 1391 1726 Mox
1416 1691 1545 1728 Guelf-

200 1743 329 1790 effugi.
349 1746 411 1780 Ac.
435 1745 538 1780 Flor.
561 1745 596 1789 (a
619 1759 677 1792 pr.
702 1747 774 1788 m.)
797 1745 925 1793 effug-i.
965 1748 1063 1781 lWox
1082 1759 1154 1794 pro
1171 1745 1330 1794 scribere
1342 1746 1546 1795 sitTuric.

190 1798 379 1848 scriberes.
407 1802 504 1838 Jens.
529 1804 616 1845 (tac.
641 1801 770 1844 Gesn.)
792 1804 989 1848 praecipue
1012 1818 1034 1837 a
1056 1805 1178 1849 pneris
1202 1803 1336 1838 inserit
1355 1803 1546 1852 postscri·

199 1855 294 1896 bere,
321 1857 493 1892 eximens
514 1856 607 1892 inde
639 1857 709 1892 ubi
733 1869 835 1891 nunc
856 1858 915 1897 est,
947 1871 1034 1893 cum
1057 1857 1141 1892 edd.
1168 1859 1324 1906 posterr.
1352 1871 1436 1895 ante
1458 1859 1546 1897 Ald.

200 1912 383 1948 Con-exit
413 1915 572 1962 Regius.
820 1915 1036 1961 redigenda.
1062 1914 1166 1951 Flor.
1190 1916 1322 1965 Camp.
1352 1917 1546 1964 religanda

200 1981 288 2003 cnm
311 1967 410 2004 Alm.
435 1971 534 2013 (non
553 1969 685 2004 Turio.
710 1970 756 2004 cf.
781 1972 864 2014 58.)
888 1971 1008 2006 modo
1032 1972 1165 2006 Tui-ic.
1188 1972 1254 2006 Ιιασ
1271 1968 1543 2020 consuetudz'ne.

199 2025 332 2060 Ambr.
362 2037 397 2060 2.
432 2025 559 2062 Guelf.
593 2025 751 2075 consuet.
786 2040 832 2061 ne
856 2028 1046 2062 memoria.
1073 2027 1205 2064 Tufic,
1227 2041 1322 2063 mox
1346 2028 1545 2065 admoveri.

199 2080 304 2117 Flor.
325 2082 509 2127 judicant.

285 2171 350 2217 46.
384 2173 484 2208 Inde.
517 2173 647 2208 Turio.
679 2171 781 2209 Flor.
815 2174 947 2222 Camp.
979 2172 1183 2212 omittunt,
1218 2186 1313 2220 quae
1335 2174 1547 2222 sequuntur

200 2228 468 2277 superioribus
488 2231 708 2278 jungentes.
750 2231 851 2265 Mox
875 2230 992 2266 Goth.
1016 2231 1103 2275 (tac.
1130 2230 1259 2276 (ἰείη.)
1284 2240 1321 2266 et
1332 2229 1472 2279 salebr.

260 2348 324 2384 45.
367 2358 389 2377 a
431 2345 554 2390 pueris
595 2343 844 2378 obtinendum.
910 2355 971 2380 10,
986 2351 1022 2385 3,
1042 2355 1102 2390 ¹9·
1131 2345 1376 2380 Burmannus
1388 2343 1467 2379 huc
1482 2343 1546 2379 ad-

201 2398 303 2434 Cave
316 2399 510 2446 intelligas
527 2399 739 2435 ablativum
754 2411 843 2445 pen-
903 2410 1016 2433 vocat
1030 2399 1148 2434 ovid.
1169 2399 1329 2436 Heroid.
1344 2406 1381 2445 4,
1397 2406 1433 2443 8.
1455 2400 1546 2445 (ubi

201 2454 354 2489 dentem
388 2470 407 2489 a
442 2456 587 2492 verbo:
631 2455 680 2490 est
710 2455 843 2489 adver-
902 2455 1004 2489 inter
1034 2457 1116 2492 VV.
1144 2458 1223 2492 LL.
1248 2456 1296 2490 est
1319 2453 1476 2503 restitit;
1503 2470 1544 2492 v.

200 2509 322 2545 bium.
356 2512 403 2546 cf.
430 2521 475 2552 2,
502 2520 546 2556 5,
576 2524 638 2559 19.
670 2511 844 2546 Testatur
901 2512 1028 2546 Heins.
1071 2523 1107 2547 et
1138 2515 1302 2555 Burin.)
1342 2523 1378 2547 et
1413 2512 1545 2550 Valer.

200 2579 296 2612 quae
329 2568 500 2616 sequitur
530 2570 657 2616 prima
686 2567 843 2616 persona
901 2566 1022 2602 Flace.
1047 2568 1082 2607 6,
1110 2576 1200 2612 755.
1235 2568 1305 2603 ubi
1324 2567 1544 2616 „paulisper

200 2634 246 2656 ne
266 2623 373 2657 nobis
393 2623 582 2671 discamus.
901 2623 998 2657 sacra
1020 2622 1229 2672 resistunt.“

257 2679 322 2725 46.
353 2677 520 2730 resistens
546 2700 603 2709 —-
632 2682 763 2717 oratio.
794 2679 842 2714 cf.
957 2680 1068 2715 domo
1091 2679 1264 2730 attulss‘e.
1288 2680 1334 2717 cf.
1357 2679 1392 2721 6,
1416 2688 1452 2724 5,
1475 2688 1542 2724 55.

1739 2619 1756 3062 -a-——ffl-m-o—
1738 2530 1749 2610 *ana-„2³4
1738 2413 1746 2519 οτ).-.(
1737 1947 1746 2381 φ-ι--ς--υ--ι-υ-ῂ-ψ-ω-,ὴ-
