1779 3062
385 156 551 202 1Nsr.
599 155 881 203 ORATOR.
920 158 1043 203 ΗΒ.
1089 158 1179 216 X,
1209 170 1252 204 1.
1431 171 1495 218 47-

132 284 294 336 versu
323 286 622 334 carminum
652 281 851 333 feciffet
889 286 947 334 in
968 289 1234 338 Bucolicis
1272 289 1500 339 mentio-

134 381 273 413 nem.
355 359 538 432 Quid?
576 365 829 412 Horatius
848 361 1041 412 frustra
1080 367 1364 431 Tyrtaeum
1389 371 1501 416 Ho-

134 441 293 490 mero
318 439 630 506 subjungit?
672 441 788 487 Nec
819 438 939 488 sane
969 442 1255 506 quisquam
1290 443 1363 492 est
1393 455 1498 493 tam
1524 462 1576 501 57

134 519 326 585 procul
366 536 393 566 a
431 518 737 583 cognitione
764 534 954 566 eorum
994 531 1259 580 remotus,
1300 533 1362 571 ut
1385 540 1501 571 non

134 597 370 645 indicem
419 606 556 643 certe
597 612 660 643 ex
698 595 1023 644 bibliotheca
1057 594 1295 646 sumtum
1330 610 1500 652 trans-

133 672 274 723 ferre
306 675 363 722 in
384 674 549 722 libros
574 671 695 721 suos
724 671 887 738 poffit.
963 675 1082 721 Nec
1112 675 1305 739 ignoro
1333 678 1502 742 igitur

135 769 274 817 quos
318 762 555 808 transeo,
619 767 718 798 nec
765 751 957 815 utique
1006 749 1233 810 damno,
1296 764 1358 802 ut
1404 756 1501 819 qui

136 829 361 878 dixerim
385 826 483 876 effe
505 829 563 876 in
590 828 842 877 omnibus
863 829 1108 878 utilitatis
1132 830 1365 895 aliquid:
1410 830 1502 880 sed.

137 905 204 955 ad.
240 907 364 956 illos
411 910 515 968 jam
562 904 808 972 perfectis
852 904 1259 972 constitutisque
1290 910 1502 960 viribus

133 1055 230 1105 (hi‘c
252 1074 271 1095 a
292 1074 351 1109 pr.
376 1061 458 1105 m.)
489 1074 578 1096 cum
598 1059 700 1096 Alm.
724 1060 828 1098 Voff.
862 1059 1015 1110 (quoto
1040 1062 1200 1110 quidem
1222 1074 1303 1098 non
1330 1063 1501 1107 additur,

134 1130 207 1153 nec
231 1119 347 1153 credo
371 1117 515 1153 horum
540 1117 665 1152 ullum
695 1130 823 1153 carere
847 1118 986 1162 hisce).

1051 1120 1151 1154 Mox
1177 1121 1245 1168 qui
1268 1118 1414 1156 habent
1435 1122 1504 1157 ista

133 1174 219 1223 post
244 1174 413 1223 Euphor.
444 1175 618 1210 inserunt
642 1172 785 1222 frustra
813 1175 940 1212 Guelf.
975 1175 1078 1212 Flor.
1105 1178 1239 1226 Camp.
1267 1189 1356 1211 cmn
1379 1179 1499 1216 Goth.

136 1241 174 1269 et
197 1232 282 1267 edd.
306 1242 391 1267 ante
413 1231 563 1280 Gryph.

223 1291 260 1324 in
280 1289 475 1324 Bucolicis.
535 1287 663 1324 Guelf.
689 1288 838 1324 omittit
858 1303 945 1325 cum
965 1291 1070 1327 Voff.
1101 1304 1135 1326 1.
1171 1299 1207 1334 5.
1244 1289 1342 1326 Obr.

225 1346 445 1393 Tyrtaeum.

519 1345 623 1380 Flor.
670 1344 919 1391 (oblitterata
960 1348 1087 1395 prima
1127 1350 1273 1390 manu)
1325 1347 1501 1384 dirceum.

136 1401 266 1438 Guelf.
291 1403 424 1450 Camp.
453 1401 571 1438 Goth.
597 1402 694 1439 Jeus.
727 1404 822 1447 (tae.
849 1404 992 1448 Gesn.)
1024 1404 1259 1453 Dyrcheum,
1288 1403 1502 1446 Dircheum,

133 1460 351 1499 Dircaeum,
386 1471 475 1493 cum
498 1459 600 1498 Vols.
630 1470 665 1494 2.
691 1458 792 1497 Van.
823 1471 859 1495 et
880 1461 964 1495 edd.
989 1472 1075 1496 ante
1092 1460 1180 1496 Ald.

221 1569 285 1605 57.
328 1561 478 1599 damno.

132 1620 294 1668 agnovi,
333 1629 370 1653 et
403 1633 499 1654 mox
526 1619 625 1667 quod
655 1632 728 1666 pro
762 1628 802 1654 ut
834 1621 922 1666 qui,·
964 1619 1029 1654 hic
1060 1619 1248 1656 nostssu‘n.

613 1677 746 1713 Turio.
771 1676 880 1712 Flor.
909 1675 958 1725 (a
975 1690 1034 1726 pr.
1061 1691 1113 1714 m.
1140 1678 1297 1727 uterq.)
1321 1676 1394 1727 sed
1419 1679 1507 1713 illos

135 1677 186 1713 ad
208 1676 293 1710 illos
304 1677 336 1720 j.
361 1675 549 1724 petsectis.

128 1735 160 1780 j.
179 1731 377 1782 perfectos·

133 1869 258 1916 magis
273 1868 496 1903 sententiam
509 1867 576 1903 hic
589 1870 789 1917 proditam

134 1924 411 1972 aQuintiliano
432 1938 547 1972 quam
567 1926 682 1972 fuam.
710 1928 789 1962 Ne-

134 1996 210 2031 que
250 1981 355 2016 enim
387 1982 463 2029 ipse
494 1983 682 2030 agnoscit,
713 1985 790 2018 Eu-

132 2039 371 2089 phorionem
416 2039 551 2086 magui
591 2039 735 2075 factum
770 2055 789 2076 a

132 2095 332 2144 Virgilio,
371 2095 434 2129 sed
462 2095 627 2145 Virgilii
658 2108 789 2133 aucto-

132 2155 246 2189 ritate
267 2152 460 2188 obn-usam
481 2153 561 2198 ejus
578 2152 789 2190 lectionem

133 2211 179 2246 ab
208 2210 281 2249 iis,
313 2209 382 2258 qui
412 2210 519 2245 docti
550 2210 678 2246 videri
709 2211 789 2247 vel-

132 2266 226 2302 lent.
287 2269 338 2301 Et
364 2266 447 2302 satis
470 2266 648 2315 profecto
674 2282 788 2317 appa-

131 2310 242 2364 ret:
263 2323 360 2363 hos,
415 2324 484 2371 qui
516 2322 625 2359 velut
658 2325 788 2361 invito

132 2381 362 2428 ingerantur
451 2384 790 2418 commemorandi

131 2437 339 2485 scriptores
407 2438 537 2472 minus
603 2437 787 2486 placuisse

131 2494 284 2529 nostro:
317 2494 370 2528 ait
403 2494 506 2529 enim
540 2508 638 2535 „nec
662 2498 788 2545 utique

131 2552 341 2592 ,‚damno“.
415 2552 477 2586 De
526 2552 785 2600 Euphorione

130 2619 259 2643 autem
293 2607 362 2655 qui
397 2609 528 2656 cupiat
567 2619 643 2644 tam
678 2621 784 2645 vete-

129 2678 217 2700 rum
233 2678 346 2713 quam
365 2666 626 2700 recentiorum
639 2667 784 2712 judicia

130 2722 383 2772 cognoscere,
430 2721 553 2759 adibit
581 2722 784 2759 Har-letem

549 1561 682 1597 Turic.
719 1560 823 1598 Flor.
858 1576 1020 1610 magno:

1071 1577 1090 1597 a
1122 1561 1190 1599 fec.
1221 1577 1275 1599 m.
1317 1562 1386 1599 ille
1427 1578 1504 1599 non

1432 1620 1505 1670 secl

848 1870 891 1905 in
919 1869 1022 1906 Bibl.
1047 1870 1157 1906 Fabr.
1188 1885 1222 1912 1,
1252 1874 1344 1917 594.
1377 1870 1506 1917 Quan-

850 1938 933 1962 tum
970 1928 1155 1963 Ciceroni
1182 1927 1380 1968 sordebat,
1423 1937 1505 1961 tan-

849 1995 933 2018 tum
965 1984 1127 2020 Tiberio
1170 1984 1411 2033 probabatur
1440 1982 1508 2018 hic

850 2042 1125 2089 grammaticus
1165 2052 1201 2076 et
1235 2051 1351 2089 poeta
1391 2038 1507 2077 Chal-

850 2098 934 2132 cide
969 2098 1181 2140 oriundus,
1222 2097 1405 2133 Euboeae
1437 2109 1507 2145 op-

847 2155 956 2202 pido.
1021 2156 1119 2191 Cum
1156 2156 1346 2191 Cicerone
1379 2155 1422 2189 in
1459 2165 1506 2188 eo

845 2211 1057 2258 judicando
1090 2214 1202 2248 sentit
1230 2213 1426 2247 Lucianus
1460 2209 1508 2245 de

848 2267 1002 2304 Conscr.
1032 2270 1129 2305 Hist.
1157 2277 1219 2312 57.

905 2327 1089 2362 Horatius
1103 2346 1153 2355 —-
1172 2327 1388 2376 Tyrtaeum.
1428 2328 1501 2377 Ep.

847 2383 895 2418 ad
910 2383 981 2419 Pis.
1009 2392 1100 2427 40²·

907 2448 973 2484 57.
1008 2441 1176 2476 indicem.
1223 2439 1336 2476 Alius
1369 2442 1418 2477 est
1450 2446 1506 2479 in·

846 2497 917 2532 dex
940 2522 950 2537 ‚
1018 2497 1147 2545 quales
1187 2497 1346 2545 singulis
1390 2499 1504 2537 libris

844 2553 1112 2590 inscribuntur
1148 2554 1214 2590 vel
1245 2555 1502 2603 applicantur,

844 2610 942 2647 alius
972 2610 1130 2646 libellus
1161 2612 1359 2647 recensum
1382 2616 1506 2650 comi·

842 2681 936 2703 nens
962 2667 1227 2716 complurium
1253 2670 1504 2718 scriptorum,

841 2723 954 2760 velut
980 2725 1083 2774 apud
1104 2726 1150 2762 L.
1179 2727 1366 2763 Senecam
1382 2728 1501 2778 Epist.
