1789 3068
196 161 279 195 κη
648 145 1103 196 PRAEFATIO.

195 284 339 336 Nam
355 298 491 350 quae
511 284 601 333 vel
625 286 1012 348 grammaticam
1041 286 1125 334 vel
1149 286 1301 334 aliam
1328 283 1397 335 ob
1418 305 1540 338 cau-

192 371 302 422 sam
325 372 391 420 ad
405 370 724 421 mutandum
744 383 947 422 textum
969 378 1267 434 conjectata,
1295 386 1386 424 aut
1407 393 1541 441 quae

192 460 386 511 eodem
417 476 481 507 ex
512 477 703 525 genere
735 460 1004 510 observata
1033 460 1168 520 sunt,
1197 464 1256 511 in
1287 464 1352 512 iis
1382 465 1540 529 plane

191 547 552 600 desideramus
579 547 856 598 subactum
886 549 1027 598 illud
1051 552 1375 614 grammatici
1398 551 1538 609 iudi-

192 638 355 695 cium,
393 634 506 684 sine
541 653 647 708 quo
675 638 734 686 in
763 637 847 686 his
883 638 1070 685 litteris
1099 635 1240 685 effici
1271 639 1409 686 nihil
1438 657 1536 706 po-

189 718 309 773 test.'
380 723 541 793 Quod
571 742 638 773 ne
670 724 860 774 durius
891 723 1069 774 dixisse
1110 725 1308 784 videar,
1336 743 1535 792 ponam

187 811 280 866 hic
295 810 580 878 specimina
601 813 869 879 quaedam.
902 814 1074 870 Velut,
1102 816 1296 863 cumin
1320 815 1401 863 his
1416 831 1535 862 ver·-

178 900 271 950 bis
284 902 309 970 (
323 919 338 948 ι
349 939 362 960 ,
382 919 398 948 1
413 938 426 959 ‚
439 913 467 958 5
478 905 551 964 6.)
564 904 670 951 Pro
659 898 711 973 s
701 904 905 966 equitur
917 900 1041 949 Ῐιαεε
1053 905 1296 949 memoria
1307 900 1537 964 (senten-

187 989 385 1038 tiarum
397 988 462 1037 ad
474 990 827 1039 imitationem
840 988 1104 1037 scribendi
1118 988 1536 1055 propositarum)

186 1080 241 1130 in
268 1073 602 1149 senectutem,
636 1088 686 1127 et
719 1074 971 1149 impressa
1011 1081 1179 1126 animo
1223 1078 1341 1125 rudi
1373 1095 1536 1142 usque

186 1166 262 1216 ad
291 1183 458 1215 mores
482 1162 760 1235 proficiet,
818 1164 935 1214 satis
967 1165 1204 1214 dilucide
1233 1182 1262 1212 a
1293 1165 1535 1230 Spaldin-

186 1254 277 1320 gio
310 1254 596 1318 explicitis,
632 1254 845 1318 Sarpius
883 1270 1015 1301 voce
1050 1271 1214 1318 usque
1247 1252 1535 1317 significari

184 1342 308 1391 ‘vult
328 1337 545 1412 semper
585 1338 694 1388 [ive
726 1357 826 1404 per
863 1351 1025 1389 totam
1059 1343 1241 1397 vitam,
1266 1341 1326 1388 in
1360 1356 1534 1404 eoque

183 1428 289 1479 usu
334 1427 706 1482 confirmando
748 1429 1164 1477 Almelovenum
1203 1437 1255 1475 et
1291 1427 1533 1492 Spaldin-

183 1519 337 1584 gium
366 1533 479 1569 non
504 1527 720 1564 veretur
758 1516 1044 1564 admonere
1076 1515 1355 1563 Horatiani
1381 1516 1531 1564 illius

180 1616 356 1654 tamen
388 1621 550 1669 usque
579 1614 823 1661 recurret,
847 1604 946 1651 alia
970 1601 1022 1650 se
1045 1603 1328 1666 praeterire
1348 1602 1531 1652 dicens

183 1692 423 1758 exempla
456 1708 623 1756 „quae
652 1690 757 1741 sint
781 1685 878 1737 ὅσα
898 1684 1236 1752 Ψάμαθόςᾼτε
1259 1685 1403 1747 κόνις
1422 1694 1529 1739 τε“.·

183 1782 280 1849 qui
301 1778 343 1828 fi
367 1780 454 1829 vel
475 1780 639 1827 lexica
668 1774 976 1844 inspexisset,
998 1775 1256 1842 proseriae
1274 1779 1529 1828 orationis

184 1867 424 1934 exempla
465 1865 681 1918 nonnisi
721 1864 1041 1932 pauciffima,
1090 1863 1133 1912 si
1178 1865 1325 1914 locos
1364 1863 1535 1931 ipsos,

182 1958 335 2010 :nulla
356 1953 645 2005 inveniffet.
725 1953 826 2003 Sed
852 1951 949 2010 fac,
975 1954 1048 2001 ita
1068 1954 1350 2003 Cicerones
1374 1954 1533 2003 etiam

184 2057 238 2095 et
260 2045 619 2113 Quintilianos
639 2043 846 2093 locutos
868 2038 992 2090 effe:
1032 2058 1101 2089 ne
1132 2041 1274 2089 illud
1307 2040 1530 2105 quidem

184 2131 409 2183 attendit
438 2132 524 2182 vir
554 2130 768 2188 doctus,
830 2130 1112 2194 particulas
1148 2132 1311 2193 usqzice
1347 2129 1421 2177 ad
1453 2126 1526 2176 fic

182 2227 386 2285 junctas
415 2220 580 2269 nullis
606 2217 862 2268 machinis
895 2215 1136 2266 distineri
1159 2214 1314 2282 posse.
1356 2217 1523 2266 Paulo

181 2309 425 2375 superius
459 2309 519 2356 in
558 2305 801 2368 ejusdem
831 2305 1010 2369 capitis
1045 2307 1086 2365 §.
1115 2314 1200 2366 24.
1230 2318 1315 2363 25.
1352 2298 1524 2374 Quin-

181 2400 400 2449 tilianus
452 2398 743 2444 litterarum
787 2392 1006 2442 nomina
1050 2402 1101 2440 et
1142 2389 1329 2441 seriem
1378 2395 1526 2458 prius

184 2503 343 2553 quarn
381 2482 576 2533 formas
619 2482 807 2533 docere
839 2496 1037 2546 pueros
1081 2489 1245 2538 vetat;
1323 2479 1525 2531 obstare

185 2576 325 2625 enim
341 2571 375 2621 ἦ
383 2590 435 2622 9c
446 2573 698 2640 agnitioni
711 2585 906 2632 earum,
918 2585 1014 2616 non
1028 2565 1391 2616 incendentibus
1402 2586 1523 2618 mox

184 2665 417 2734 animum·
438 2661 511 2711 ad
542 2654 680 2732 ipses
711 2657 923 2717 ductm,
985 2656 1109 2704 dum
1146 2656 1522 2707 antecedentem
