1779 3062
295 138 395 189 448
619 129 695 175 Μ.
727 129 861 176 FAB.
897 131 1312 192 QmN'rmAm

298 269 421 303 cum
443 255 606 319 gratia
625 255 809 306 tradit:
851 267 974 304 cum
998 255 1101 304 hoc
1135 256 1356 306 amictus
1381 273 1548 322 genus
1571 258 1632 306 in

299 329 479 380 statuis
513 347 700 381 eorum
734 347 978 396 quoque,
1040 333 1137 397 qui·
1168 331 1283 397 post
1321 335 1635 383 Ciceronem

220 404 545 465 244fuerunt,
595 418 848 474 appareat.
927 408 1210 457 Palliolum
1227 446 1240 465 ,
1282 407 1419 458 sicut
1437 408 1633 468 fascias,

299 483 497 546 quibus
521 500 671 533 crura
698 483 1010 542 vestiuntur,
1043 495 1094 532 et
1115 483 1320 543 focalia,
1351 495 1403 532 et
1420 487 1633 536 aurium

295 560 601 624 ligamenta,
637 559 742 610 sola
767 559 1005 609 excusare
1029 560 1197 624 potest
1217 561 1484 610 valetudo.
1527 563 1720 622 Sed1o52
1762 602 1764 619 ;

292 635 422 685 haec
446 638 666 686 amictus
689 636 995 693 obsewatiQ
1017 636 1146 685 dum
1166 637 1482 703 incipimus:
1504 654 1629 703 pro·
1762 634 1764 645 '

293 712 514 761 cedente
534 730 662 763 vero
687 724 830 772 actu,
873 717 974 774 jam
996 729 1161 778 paene
1183 713 1247 761 ab
1266 714 1424 762 initio
1452 731 1628 763 narra-

292 790 482 848 tionis,
529 787 673 839 sinus
710 790 773 838 ab
814 790 1041 839 humero
1083 799 1221 837 recte
1260 790 1411 838 velut
1445 788 1633 855 sponte

292 865 582 915 delabitur:
617 878 670 916 et
695 884 818 917 cum
842 865 907 914 ad
925 876 1230 931 argumenta
1256 883 1312 914 ac
1338 867 1483 916 locos
1502 885 1635 917 ven-¹

1762 657 1764 672 ι

1762 674 1764 701 !

1764 762 1767 835 ὲ

287 1022 362 1058 pro
396 1009 572 1058 genitivo
603 1023 693 1046 cum
719 1009 821 1048 Voff.
848 1019 884 1053 5.
915 1009 1030 1045 trahit
1060 1009 1192 1045 Turic.
1223 1009 1326 1046 Flor.
1358 1009 1450 1054 (hic
1479 1020 1518 1046 et
1543 1024 1631 1058 gra·

288 1068 413 1112 tiam).
436 1067 538 1115 facit
560 1067 692 1115 Camp.
726 1068 825 1101 Mox
847 1069 884 1101 in
905 1077 989 1103 ante
1003 1063 1143 1114 statuis
1162 1066 1351 1102 omittunt
1370 1066 1502 1102 Turic.
1520 1067 1624 1104 Flor.

285 1121 406 1171 potest
436 1125 643 1159 Ciceronem
671 1123 804 1158 Ambr.
834 1132 869 1158 2.

379 1185 469 1222 144.
491 1175 700 1225 vestiuntur,
720 1187 757 1212 et
775 1177 928 1223 focalia.
952 1177 1084 1213 Turio.
1107 1172 1192 1228 (hic
1212 1178 1352 1221 vocal.)
1374 1177 1478 1213 Flor.
1493 1180 1628 1228 Camp.

285 1247 319 1270 v.
345 1232 381 1280 f.
415 1247 503 1269 cum
525 1232 626 1266 Alm.
651 1235 867 1280 incipiamus
893 1234 1025 1267 Turic.
1048 1232 1151 1268 Flor.
1178 1235 1402 1281 incoepimus
1425 1234 1553 1271 Gueff.
1576 1238 1629 1271 in·

285 1291 447 1336 cepimus
464 1289 561 1327 Jens.
583 1289 697 1325 Tarv.
724 1290 961 1336 inceperimus
984 1287 1079 1323 Obr.
1107 1290 1222 1324 'initio
1246 1291 1412 1324 nacionis
1437 1288 1542 1326 Flor.
1573 1293 1627 1327 di·

284 1345 425 1380 labitur
448 1344 549 1380 Flor.
574 1345 705 1392 Camp.
725 1347 814 1379 anni
825 1342 1039 1393 firotogam
1057 1344 1161 1383 Flor.
1192 1345 1306 1381 etiam
1326 1345 1477 1382 haereat
1493 1347 1626 1385 Turio.

283 1401 390 1439 flor.
426 1410 549 1437 autem
566 1399 607 1450 si
634 1401 670 1436 Ῐι.
700 1402 834 1450 Camp.

277 1537 363 1576 Dio
394 1537 536 1575 caffius
567 1537 644 1574 hoc
676 1550 835 1586 quoque
867 1535 925 1572 di·
1059 1533 1164 1584 sinus
1211 1535 1258 1572 ab
1299 1537 1445 1575 humero
1476 1556 1532 1566 —-
1561 1537 1624 1574 de·

279 1595 401 1632 cterio
423 1594 583 1629 Fufium
604 1595 713 1629 suum
737 1592 926 1630 Calenum
982 1590 1130 1629 labitur.
1194 1594 1294 1630 Cum
1324 1594 1431 1643 sinus
1473 1595 1623 1630 mentio

277 1661 400 1687 armat
423 1651 466 1685 in
488 1650 717 1685 Ciceronem
742 1649 766 1685 l.
795 1649 862 1696 46.
885 1662 923 1698 p.
980 1647 1073 1687 fiat,
1103 1649 1268 1685 humerus
1285 1663 1365 1686 non
1389 1650 1512 1699 potest
1538 1651 1624 1690 effe,

274 1708 402 1743 Reim.
424 1706 518 1751 461.
581 1708 626 1740 In
657 1707 828 1751 ejusdem
859 1718 924 1740 va·
979 1704 1054 1738 nisi
1081 1706 1231 1744 dacter,-
1263 1719 1283 1740 a
1303 1720 1383 1755 quo
1403 1707 1482 1753 jam
1506 1705 1619 1755 plane

273 1765 372 1800 :rices
397 1763 543 1796 dictum
571 1771 608 1796 et
628 1762 808 1797 Vatinius
832 1772 923 1795 con·
981 1759 1118 1796 defluit
1145 1771 1246 1809 toga.
1314 1763 1485 1810 Apparet
1515 1762 1619 1797 enirn

270 1817 369 1869 jecit
387 1817 489 1866 apud
510 1816 685 1852 Blacrob.
708 1819 858 1852 Saturn.
881 1825 920 1856 2,
970 1813 1096 1863 sinum
1135 1816 1322 1864 appellari
1369 1818 1560 1866 quicquid
1599 1831 1619 1853 a

274 1884 313 1920 5.
355 1873 496 1910 Noster
527 1873 629 1920 cum}
648 1872 921 1921 persuasionem
980 1871 1117 1908 dextro
1137 1871 1303 1909 humero
1333 1873 1534 1910 demissum
1565 1873 1619 1910 la·

271 1941 385 1967 notet
402 1928 535 1969 Plinii,
556 1929 656 1965 subit
674 1940 822 1966 mutare
843 1938 918 1965 tra·
974 1928 1064 1964 xius
1091 1928 1187 1968 fluit,
1210 1939 1328 1964 totam
1349 1929 1516 1978 denique
1528 1930 1618 1965 dex-

272 1988 332 2024 dic
351 1987 395 2023 in
415 1986 542 2021 credit.
974 1994 1073 2019 tram
1103 1995 1214 2034 togae
1245 1985 1448 2027 laciniam3
1478 1985 1526 2021 cf.
1558 1986 1616 2021 di·

974 2051 1033 2075 cta
1053 2040 1101 2075 ad
1122 2040 1154 2084 ᾗ.
1180 2047 1269 2087 140.
1291 2052 1373 2077 not.
1399 2048 1437 2086 4.
1473 2042 1615 2089 Quam-

331 2106 422 2146 144.
479 2098 693 2136 Palliolum.
749 2099 916 2147 „Capiti
974 2097 1110 2131 obrem
1130 2108 1218 2131 cum
1248 2110 1344 2132 mox
1360 2097 1485 2146 sinum
1503 2098 1614 2144 jube·

270 2167 547 2206 „aegrotorum
568 2155 811 2192 involvendo
842 2156 915 2190 ser·
971 2165 1062 2188 mur
1083 2153 1248 2198 dejicere,
1279 2166 1369 2188 cave
1390 2155 1527 2190 eodem
1555 2167 1614 2190 re·

268 2213 439 2257 „viebat.
501 2212 620 2249 Ovid.
641 2212 723 2247 Art.
752 2224 787 2252 1,
818 2220 911 2254 753.
971 2208 1092 2248 feras,
1121 2222 1201 2256 quo
1231 2209 1400 2257 pertinet
1423 2209 1530 2258 quod
1560 2224 1613 2245 re-

268 2272 446 2317 „Arguat
475 2279 511 2304 et
543 2270 685 2309 macies,
710 2281 783 2302 uec
809 2277 915 2313 turpe
965 2266 1093 2310 jicitur
1112 2262 1325 2312 asimfir02·
1371 2279 1459 2300 nam
1495 2275 1534 2301 et
1550 2265 1612 2302 ibi

266 2328 435 2376 „putaris
468 2325 666 2363 Palliolum
693 2324 822 2360 nitidis
846 2325 912 2357 im·
971 2321 1099 2356 dexter
1122 2321 1171 2355 est
1192 2321 1306 2361 finus,
1335 2331 1379 2357 ut
1398 2334 1487 2357 cum
1510 2321 1610 2357 Gro-

265 2379 451 2431 ‚,p0suiffe
473 2383 595 2417 comis.
642 2382 727 2417 Seu.
758 2379 906 2427 Quaest.
934 2396 935 2400 =
969 2378 1092 2412 novio
1115 2378 1284 2425 agnoscit
1308 2378 1507 2414 Gesnerus.
1538 2377 1608 2416 Vi·

264 2449 372 2480 „nau
403 2445 441 2484 4.
478 2449 573 2474 extr.
620 2437 772 2472 Videbis
803 2447 908 2483 quos·
966 2432 1085 2467 ciffim
1109 2443 1202 2481 toga
1225 2433 1370 2468 dicitur
1389 2433 1495 2482 quod
1516 2445 1607 2469 one⁶

264 2495 380 2535 „dam
399 2495 576 2541 graciles,
607 2502 644 2528 et
663 2492 823 2542 palliolo
839 2490 905 2538 fo·
963 2498 1022 2523 rat
1050 2488 1259 2524 humerum
1288 2489 1492 2526 sinistrum.
1550 2490 1606 2525 Ea

263 2547 430 2598 „calique
460 2550 702 2585 circumdatos
721 2549 907 2598 pallentes
964 2557 1053 2579 cum
1072 2545 1281 2591 rejicienda
1302 2545 1362 2586 est,
1386 2545 1604 2580 reminisce-

264 2614 329 2646 „ec
375 2612 545 2654 aegr05.‘·
606 2606 803 2640 Gesnerus.
846 2603 904 2639 Cf.
962 2614 1051 2636 mur
1087 2613 1223 2636 eorum
1257 2615 1353 2650 quae
1391 2600 1602 2649 praecipie-

263 2660 422 2699 Ruhnk.
441 2662 489 2699 ad
499 2660 621 2700 Rutu.
642 2661 744 2712 Lup.
757 2674 796 2712 p.
812 2669 901 2704 104.
962 2657 1102 2694 bantur
1120 2657 1153 2702 ᾗ.
1175 2665 1249 2702 ι5ι
1265 2670 1278 2701 ;
1315 2669 1386 2694 nec
1413 2654 1599 2707 afiuistro
