1779 3062
372 120 539 167 1Ns‘r.
581 121 866 169 ORATOR.
905 121 1150 180 men,
1191 134 1271 168 ιι.
1411 123 1508 183 695

148 249 451 299 multorum
487 248 554 298 ad.
584 266 698 297 eam
733 250 1002 300 librorum
1030 248 1310 299 necessaria
1346 250 1508 302 lectio

148 325 248 385 est,
290 327 491 391 quibus
525 337 616 376 aut
641 344 823 376 rerum
853 328 1095 395 exempla
1125 328 1190 376 ab
1221 327 1505 387 historicis,

151 413 244 453 aut
274 403 492 452 dicendi
522 404 587 452 ab
623 406 928 455 oratoribus
963 415 1239 472 petuntur.
1321 406 1505 456 Philo-

146 479 444 548 sophorum
464 498 684 547 quoque
703 481 1181 548 consultorumque
1201 484 1503 549 opiniones,

145 557 304 608 sicuti
347 560 472 617 alia,
534 559 769 609 velimus
809 561 985 626 legere
1021 558 1364 611 necessarium
1410 560 1498 610 est.

147 640 296 705 Quae
322 636 546 701 quidem
567 635 841 703 poffumus
862 639 1068 688 omnia:
1109 637 1200 686 sed
1221 639 1384 688 breve
1402 656 1500 689 no-

144 713 227 764 bis
273 711 488 783 tempus
526 731 627 765 nos
661 712 904 766 facimus.
982 717 1321 786 Quantulum
1350 717 1498 766 enim
1531 725 1578 767 ²8

138 903 178 930 et
208 891 295 930 edd.
327 903 416 929 ante
447 892 546 930 Obr.
781 894 833 931 ad
863 908 958 931 eam.
991 895 1056 931 Sic
1082 895 1218 932 Turie.
1250 895 1354 932 Flor.
1374 892 1498 931 Goth.

137 946 232 999 (tac.
267 951 402 995 Gesn.)
435 951 567 999 Camp.
600 949 652 985 ad
683 965 809 987 earum
837 951 969 989 Guelf.
1003 953 1054 988 ad
1086 966 1147 987 eas
1177 952 1338 999 reliqui.

284 1005 484 1056 neceffario
513 1008 624 1043 lectio
657 1007 763 1045 Flor.
1025 1006 1190 1057 historiis
1220 1008 1355 1045 Turic.
1388 1009 1497 1047 Flor.

135 1063 267 1101 Guelf.
332 1061 516 1113 hystoreis
546 1065 680 1110 camp.
917 1068 1097 1116 opinione
1126 1065 1230 1101 Flor.
1263 1064 1395 1101 Guelf.

279 1121 438 1158 velimus
472 1121 596 1170 legere
633 1137 680 1158 ne
719 1123 820 1172 quod
858 1124 1011 1175 quidem
1049 1120 1172 1173 potest
1203 1124 1330 1158 omnia
1361 1123 1496 1160 Turic-

102 1209 103 1216 ,
134 1177 266 1217 Guelf.
301 1179 422 1215 Goth.
453 1178 554 1217 Jens.
588 1177 683 1229 (err.
716 1181 844 1224 Gesn.)
883 1195 918 1217 υ.
950 1182 975 1217 l.
1008 1194 1055 1217 ne
1085 1180 1277 1230 quidquod
1304 1176 1425 1228 potest
1456 1194 1490 1216 o.

131 1237 239 1276 Voss'.
273 1245 311 1274 2.
352 1250 387 1273 v.
423 1235 449 1270 l.
483 1248 559 1270 non
588 1236 710 1280 (Alm.
738 1238 785 1284 iz)
815 1238 916 1286 quod
948 1239 1097 1289 quidem
1120 1234 1243 1286 potest
1273 1250 1307 1273 o.
1331 1236 1435 1272 Flor.
1459 1249 1494 1274 c.

129 1294 234 1331 Alm.
299 1308 333 1330 v.
376 1293 400 1328 l.
443 1290 681 1342 neceffarium
719 1293 769 1343 est
810 1295 911 1343 quod
941 1295 1090 1345 quidem
1125 1290 1249 1343 potest
1278 1307 1315 1330 o.
1351 1294 1487 1343 Camp-

128 1352 249 1388 Tarv.
278 1349 450 1400 Vulgata
478 1348 519 1386 in
551 1352 685 1386 Locat.
716 1352 892 1400 primum
927 1361 1129 1402 comparet
1158 1352 1380 1399 corrigente
1406 1351 1489 1386 Me-

125 1408 226 1445 rula.
507 1406 671 1455 fecimus
701 1408 836 1445 Turio.
868 1409 975 1446 Flor.
1007 1408 1114 1445 Alm.
1148 1407 1278 1444 Guelf.
1309 1407 1415 1445 Voff.
1449 1418 1484 1443 2.

128 1465 250 1502 Goth.
278 1464 377 1505 Jens.
411 1462 504 1510 (tac.
537 1464 672 1509 Gesn.)
703 1476 741 1501 et
768 1465 867 1514 post.
898 1477 985 1503 ante
1015 1465 1168 1515 Gryph.
1205 1471 1325 1510 1544.
1367 1466 1487 1501 Rece-

125 1535 233 1573 ptam
266 1522 370 1558 solus
398 1534 420 1557 e
450 1520 611 1558 vetustis
645 1522 781 1573 Camp.
812 1522 943 1562 habet.

123 1669 321 1706 tutionem
342 1667 541 1709 historice.
564 1678 609 1703 ut
627 1681 701 1704 nos
720 1667 780 1705 lo-

123 1727 300 1776 quimur,
334 1725 447 1761 discit
465 1724 583 1764 idem,
606 1735 643 1760 et
661 1725 779 1762 inhis

123 1783 243 1819 etiam
274 1781 492 1818 multifaria
502 1806 514 1822 ,
545 1794 643 1829 quae
673 1782 779 1832 apud

125 1851 301 1876 oratores
368 1838 560 1889 prostant,
629 1838 779 1873 dicendi

126 1896 325 1946 exempla,
374 1909 474 1945 quae
502 1908 573 1943 per
604 1895 638 1930 se
671 1895 779 1931 rebus

124 1953 340 2003 angustiori
377 1953 483 1989 sensu
517 1963 621 1989 recte
651 1965 778 2002 oppo-

123 2021 287 2048 nuntur.
346 2009 422 2046 Sed
450 2010 632 2046 omnium
652 2010 778 2059 impe·

125 2068 310 2105 ditiffima
330 2068 417 2104 sunt
429 2067 550 2104 verba
570 2066 777 2110 „Philoso-

123 2125 460 2175 „phorum---—
481 2125 653 2164 omnia·⁶.
676 2137 774 2173 quae

123 2184 168 2219 in
189 2182 356 2233 scriptis,
388 2195 488 2232 quos
521 2182 684 2231 quidem
705 2195 776 2218 no·

122 2240 278 2282 vimus,
307 2240 422 2277 libris
450 2239 606 2275 nonita
637 2239 777 2289 legun·

122 2307 201 2333 tur.
270 2298 398 2345 Quare
429 2296 655 2333 Obrechtus
687 2297 776 2345 qui·

125 2354 215 2390 dem
244 2368 264 2390 e
297 2354 481 2390 codicum
504 2354 692 2403 scriptura
719 2353 776 2390 so—

124 2410 211 2446 lum
241 2425 287 2446 ne
315 2410 383 2446 vel
413 2424 489 2447 ηοη
511 2411 697 2448 omittens
720 2411 775 2447 ita

124 2468 320 2518 reposuit:
379 2466 689 2517 Philosophorum
718 2488 776 2496 —-

124 2526 332 2574 opiniones,
354 2522 467 2573 sicuti
500 2525 594 2566 alia,
620 2526 775 2562 velimus

126 2583 270 2631 legere,
311 2581 412 2633 quod
455 2582 604 2633 quidem
640 2580 774 2632 potest,

126 2637 294 2675 omnia!
318 2638 388 2690 sed
418 2640 528 2676 breve
555 2640 663 2677 nobis
682 2650 774 2676 tem-

124 2710 195 2747 pus
216 2709 286 2734 nos
298 2696 473 2747 facimus.
536 2698 644 2746 Quae
671 2698 772 2734 ratio

838 1679 939 1720 quot
959 1668 1086 1707 titulis
1100 1667 1319 1718 displiceat,
1334 1681 1384 1704 ne
1404 1666 1490 1704 lon-

837 1741 912 1777 gus
934 1728 1017 1767 tim,
1033 1738 1229 1775 exponere
1249 1724 1490 1774 supersedeo-

836 1787 884 1820 In
905 1794 1059 1833 recepta
1085 1782 1260 1831 quidem,
1287 1781 1318 1816 si
1344 1780 1392 1817 ab
1422 1780 1488 1818 his

834 1840 975 1883 „sicuti
995 1840 1082 1879 alia,
1100 1837 1302 1875 velimus“
1319 1838 1489 1877 recedas.

835 1910 961 1935 cetera
1001 1907 1080 1933 tam
1116 1895 1216 1931 bene
1247 1904 1488 1944 congruunt.

836 1967 894 1997 ut,
907 1953 1088 2006 quamvis
1109 1952 1229 1989 verba
1249 1948 1489 2001 neceffarium

835 2010 888 2062 est
915 2027 935 2050 e
958 2012 1101 2061 scripto
1124 2009 1237 2047 nullo
1264 2008 1376 2045 allata
1399 2009 1486 2050 fint,

836 2081 874 2107 et
894 2069 991 2106 haec
1016 2064 1376 2119 quae—poffumus
1400 2066 1485 2101 Me-

831 2128 942 2164 rulae
952 2125 1161 2164 videantur
1185 2123 1332 2164 deberi,
1355 2132 1486 2159 tamen

831 2197 880 2222 ex
917 2183 1037 2220 meris
1071 2184 1252 2218 virorum
1281 2193 1364 2216 non
1399 2180 1483 2216 sane
1514 2175 1518 2180 ⁸

833 2241 1150 2278 doctissimorum
1246 2237 1484 2284 conjecturis

832 2300 929 2336 haec
950 2297 1115 2335 conflata
1139 2296 1295 2333 credere
1322 2308 1405 2332 non
1427 2296 1485 2330 su-

832 2357 1003 2392 stineam.
1063 2355 1282 2391 Enimvero
1309 2351 1409 2389 [olet
1429 2351 1483 2387 le·

832 2413 1014 2449 vissimus
1048 2412 1117 2448 ille
1147 2411 1296 2452 homo,
1329 2409 1485 2459 quoties

832 2469 1028 2506 manifesta
1053 2469 1195 2506 menda
1223 2481 1244 2503 e
1274 2465 1486 2504 notissimis

833 2526 1025 2577 exemplis
1062 2525 1250 2574 corrigit,
1279 2525 1335 2561 ita
1356 2523 1483 2573 loqui,

832 2585 938 2634 quasi
958 2596 1006 2620 ex
1029 2584 1192 2633 ingenio
1225 2583 1321 2619 haec
1340 2582 1483 2631 depro-

830 2651 923 2679 mat„
983 2644 1115 2690 Quare
1142 2653 1162 2677 e
1188 2640 1340 2690 scriptis
1360 2638 1479 2686 ¹libris

833 2698 1008 2737 derivata
1025 2700 1120 2736 haec
1140 2699 1273 2735 omnia
1292 2696 1422 2735 credo.
1435 2699 1481 2732 In
