1779 3062
349 147 511 195 INST.
549 145 827 192 ORATOR.
864 147 986 191 Lm.
1023 146 1110 202 x1,
1147 159 1193 191 2.
1228 156 1273 201 3.
1379 156 1477 204 329

143 290 303 342 quem
326 289 497 321 unum
523 272 661 319 intra
688 287 886 320 annum
907 272 1108 337 optime
1128 271 1372 320 locutum
1383 268 1482 319 elle

141 350 341 402 Persice
364 348 590 397 constat:
634 347 723 397 vel
745 348 1082 396 Mithridates
1099 384 1114 404 ‚
1158 349 1247 396 cui
1269 347 1399 397 duas
1431 357 1483 396 et

142 427 338 492 viginti
381 427 617 491 linguas,
670 433 804 488 quot
838 425 1146 473 nationibus
1177 425 1484 489 imperabat,

140 497 761 566 traditur'notas-fuiss'e:
823 501 911 547 vel
944 497 1146 550 Crassus
1188 501 1280 547 ille
1318 501 1484 560 dives,

140 582 255 647 qui,
290 597 413 628 cum
439 577 584 628 Asiae
603 573 875 643 praeeffet,
911 579 1151 641 quinque
1177 579 1360 625 Graeci
1382 577 1485 627 ser-

140 659 316 708 monis
341 653 661 704 differentias
685 653 755 702 fic
777 654 977 710 tenuit,
1018 665 1093 711 ut,
1129 670 1234 717 qua
1255 656 1487 718 quisque

145 734 291 800 apud
324 751 448 782 eum
485 734 669 797 lingua
702 728 1027 798 postulasset,
1067 730 1251 778 eadem
1274 733 1356 791 jus
1388 729 1487 779 sibi

143 811 414 861 redditum
448 808 638 857 ferret:
680 808 770 857 vel
802 809 1007 872 Cyrus,
1048 824 1209 871 quem
1243 808 1490 856 omnium

142 889 381 938 militum
415 883 634 934 tenuisse
667 884 929 933 creditum
957 883 1030 931 est
1058 885 1290 933 nomina.
1343 886 1489 953 Quin
1512 896 1561 934 5¹

142 963 302 1013 semel
334 963 546 1012 auditos
581 962 874 1026 quamlibet
894 962 1094 1010 multos
1119 959 1297 1009 versus
1322 963 1490 1027 proti-

142 1058 247 1091 nus
279 1040 478 1088 dicitur
507 1036 790 1088 reddidiffe
823 1037 1165 1087 Theodectes.
1226 1039 1491 1087 Diceban-

141 1130 234 1166 τω·
271 1117 430 1165 etiam
465 1134 611 1165 nunc
646 1113 772 1173 elle,
813 1116 910 1179 qui
947 1114 1206 1173 facerent,
1242 1113 1332 1163 sed
1352 1116 1492 1164 mihi

142 1211 448 1258 nunquam,
500 1205 561 1245 ut
590 1191 700 1261 ipse
734 1190 1054 1248 intereffem‚
1095 1192 1346 1257 contigit:
1398 1193 1492 1240 ha·
1529 1194 1531 1201 ’

142 1271 317 1321 benda
339 1268 516 1318 tamen
536 1268 675 1318 fides
703 1267 776 1318 est
797 1269 885 1318 vel
908 1269 968 1317 in
987 1268 1118 1326 hoo,
1151 1278 1226 1326 ut,
1262 1270 1358 1334 qui
1382 1285 1492 1318 cre-

146 1348 361 1406 diderit,
393 1358 446 1397 et
467 1345 651 1414 speret.

259 1486 344 1532 ΠΙ.
383 1485 748 1533 Pronccrzciatio
779 1498 807 1528 a
835 1481 1103 1546 plerisque
1122 1482 1255 1530 actio
1279 1480 1493 1541 dicitur,

145 1560 236 1610 sed
256 1562 406 1628 prius
426 1577 626 1610 nomen
650 1578 680 1607 a
704 1575 853 1616 voce,
874 1556 1097 1624 sequens
1120 1575 1149 1606 a
1171 1556 1320 1624 gestu
1342 1559 1494 1608 vide-

234 1711 299 1749 5ο.
324 1705 387 1751 jus
398 1702 484 1752 sibi.
515 1704 577 1740 Sic
589 1702 988 1740 Turio-Flor.Ambr.
1012 1711 1048 1737 2.
1076 1701 1204 1739 Guelf.
1225 1702 1492 1753 Camp.Goth.

145 1762 243 1802 Jens.
262 1762 496 1810 (tac.Gesn.)
510 1773 597 1796 cum
619 1761 704 1797 edd.
726 1772 811 1796 ante
822 1759 973 1808 Gryph.
996 1759 1157 1806 Reliqui
1170 1757 1247 1807 sibi
1266 1761 1335 1803 ius.
1367 1760 1491 1796 Modo

144 1819 206 1855 vel
225 1829 310 1853 ante
333 1815 477 1865 Craffits
497 1817 627 1853 Turio.
655 1816 827 1857 omittit,
853 1827 948 1850 mox
969 1829 1043 1863 qua
1065 1815 1198 1862 Camp.
1223 1826 1308 1849 ante
1330 1818 1494 1864 quisque,

147 1874 230 1923 post
260 1873 366 1908 idem
394 1874 495 1920 apud
524 1873 653 1912 Guelf.
696 1871 935 1920 Transponit
963 1871 1094 1918 Camp.
1132 1871 1228 1906 cred.
1262 1868 1312 1918 est
1344 1869 1496 1921 tenuiffe

148 1944 246 1966 nom.
273 1929 515 1979 expeditiore
545 1929 745 1965 structura.
797 1929 871 1979 Qui
898 1939 971 1975 pro
998 1928 1097 1978 Quin
1123 1926 1229 1963 Flor.
1254 1929 1297 1970 (a
1321 1929 1390 1963 see.
1413 1929 1498 1971 m.)

147 1986 275 2023 Guelf.
310 1985 508 2021 Dicebatur
540 1985 669 2021 Guelf.
702 1998 788 2020 cum
813 1984 915 2021 Voff.
943 1996 976 2019 1.
1003 1982 1099 2019 Obr.
1159 1985 1235 2019 Pro
1267 1985 1377 2019 eciam
1402 1997 1499 2019 nunc

116 2057 123 2073 ι
147 2044 282 2079 Turio.
308 2044 342 2077 ei
362 2050 428 2077 aul:
450 2056 555 2081 nunc,
575 2041 680 2077 Flor.
703 2050 737 2076 et
757 2049 833 2081 aut,
857 2054 875 2074 a
901 2041 971 2075 [ec.
992 2052 1045 2078 m.
1074 2043 1184 2075 etiam
1207 2039 1342 2081 solum,
1365 2041 1500 2088 Camp.

148 2110 402 2148 transponens
427 2100 539 2133 eciam
568 2098 784 2133 dicebantur
815 2110 888 2132 nec.
913 2096 1033 2131 Goth.
1054 2097 1153 2135 Jens.
1177 2098 1265 2140 (tae.
1288 2095 1421 2144 Gesn.)
1450 2097 1499 2131 D.

148 2158 262 2192 etiam
294 2153 364 2204 effe
396 2169 500 2190 nunc.
559 2156 634 2191 Pro
666 2155 755 2189 mihi
782 2166 968 2201 nunquam
997 2154 1128 2189 Turio.
1152 2152 1256 2188 Flor.
1280 2153 1373 2197 (hic
1400 2153 1501 2201 a'pr.

151 2213 236 2259 m.)
256 2225 530 2260 nonnunquam.
556 2211 690 2246 Turio.
712 2208 885 2259 intereffe.
909 2209 1027 2245 Goth.
1053 2210 1282 2255 (tac.Gesn.)
1307 2208 1501 2258 intereffet.

153 2267 282 2304 Guelf.
305 2282 374 2316 ego
391 2280 464 2317 pro
487 2265 573 2315 ipse.
616 2270 691 2302 Pro
713 2269 876 2314 contigit
897 2265 1068 2301 habenda
1080 2266 1214 2302 Turic.
1238 2266 1500 2313 cogitabunda,

153 2324 258 2361 Flor.
285 2326 332 2368 (a
353 2337 413 2373 pr.
439 2326 519 2367 m.)
549 2326 651 2372 cogit:
671 2324 704 2358 h.
729 2324 861 2371 Camp.
892 2323 984 2357 nihil
1004 2335 1077 2370 pro
1109 2325 1147 2357 in
1166 2323 1243 2357 hoc.
1262 2322 1359 2360 Jens.
1382 2323 1499 2358 Tarv.

154 2389 196 2416 ut
217 2380 415 2415 omittunt.
436 2379 553 2415 Goth.
575 2378 768 2429 pluralem
791 2380 1011 2415 crediderint
1023 2377 1207 2428 -sperenc,
1234 2378 1302 2427 qui
1319 2377 1457 2426 placet.

238 2459 444 2506 Inscriptio
472 2459 605 2509 capitis
626 2458 848 2495 uncialibus
868 2457 1013 2494 litteris
1035 2458 1170 2507 scripta
1194 2457 1339 2506 legitur
1358 2457 1401 2492 in
1422 2457 1501 2492 Tu-

155 2515 225 2552 ric.
247 2515 381 2550 Ambr.
406 2526 463 2557 2.,
486 2515 619 2551 eadem
637 2516 682 2550 in
702 2515 832 2553 Guelf.
853 2515 971 2551 Goth.
993 2515 1088 2550 Exc.
1117 2516 1267 2550 Santen.
1290 2513 1352 2549 sed
1370 2513 1503 2549 minu-

155 2638 240 2677 Val.
258 2640 358 2674 Max.
371 2645 447 2684 8‚7.
462 2638 682 2676 ext.16.sed
692 2639 800 2683 fabu-
856 2637 1048 2690 phontem
1061 2639 1204 2688 Cyrop.
1218 2646 1257 2683 5,
1269 2647 1307 2683 5,
1325 2649 1385 2683 17.
1399 2637 1504 2686 (46.)

158 2696 297 2738 losum,
307 2697 552 2746 necreperiri
562 2696 801 2747 apudXeno-
917 2706 982 2741 51.
1016 2699 1054 2732 in
1072 2697 1150 2733 hoc.
1173 2696 1219 2734 cf.
1244 2695 1280 2738 6,
1302 2705 1338 2739 2,
1362 2705 1427 2740 27.
