1779 3062
166 200 184 231 ι
197 184 261 245 96
481 184 557 230 Μ.
594 185 730 230 FAB.
769 181 1189 246 QU1N11L1AN1

165 312 299 362 dum
334 312 450 370 erit,
488 309 620 359 fiet?
661 311 804 361 Nam
839 310 988 379 saepe
1028 331 1103 372 ea,
1150 329 1286 379 quae
1315 312 1522 380 opinati

164 390 365 447 sumus,
417 399 469 438 et
490 399 674 439 contra
694 406 829 455 quae
852 388 1171 456 scripsimus,
1211 390 1424 449 fallunt,
1465 407 1522 439 ac

167 477 280 516 tota
304 464 480 516 subito
505 465 652 516 causa
671 477 932 527 mutatur;
971 479 1129 532 atque
1166 479 1229 515 ut
1261 469 1525 532 guberna-

169 545 277 594 tori
309 543 377 592 ad
413 542 658 594 incursus
685 544 1082 611 tempestatum,
1142 543 1214 591 sic
1246 546 1422 608 agenti
1459 543 1527 592 ad.

123 635 151 678 4
171 623 476 672 varietatem
500 620 772 672 causarum
793 623 926 671 ratio
953 621 1211 670 mutanda
1235 619 1321 669 est.
1381 619 1529 689 Quid

171 715 337 767 porro
362 700 567 748 multus
587 698 752 758 stilus,
794 710 845 748 et
868 698 1056 748 affidua
1078 700 1254 755 lectio,
1297 708 1348 745 et
1368 698 1532 762 longa

172 775 476 826 studiorum
519 787 654 825 aetas
692 775 832 834 facit,
867 774 908 823 si
944 786 1120 826 manet
1150 775 1350 832 eadem,
1397 790 1531 839 quae

173 852 282 902 fuit
314 854 724 920 incipientibus,
791 851 1066 902 difficultas
1079 855 1102 901 ἓ
1149 849 1360 902 Periisse
1407 866 1534 917 pro-

174 929 316 980 fecto
354 929 728 980 confitendum
769 930 842 979 est
881 933 1227 996 praeteritum
1276 929 1534 986 laborem,

177 1009 266 1057 cui
287 1006 492 1074 semper
511 1007 656 1056 idem
677 1008 1032 1057 laborandum
1055 1007 1140 1056 esu
1213 1009 1410 1072 Neque
1434 1023 1534 1071 ego

174 1085 280 1135 hoc
314 1103 442 1152 ago,
481 1096 544 1134 ut
569 1102 632 1133 ex
658 1095 898 1151 tempore
939 1084 1114 1133 dicere
1144 1086 1317 1141 malit,
1347 1082 1437 1131 sed.
1475 1093 1536 1131 ut

175 1160 337 1230 poffit.
444 1161 506 1210 Id.
542 1172 719 1210 autem
751 1163 979 1210 maxime
1014 1163 1120 1211 hoc
1154 1161 1320 1211 modo
1356 1158 1537 1210 conse-

131 1257 156 1293 5
180 1256 426 1304 quemur.
546 1240 691 1287 Nota
740 1237 806 1286 sit
862 1239 1101 1304 primum
1162 1237 1378 1287 dicendi
1432 1238 1535 1285 via.

175 1318 374 1381 Neque
406 1315 550 1363 enim
588 1316 740 1380 prius
785 1317 1092 1380 contingere
1137 1314 1321 1364 cursus
1354 1313 1540 1380 potest,

177 1411 341 1460 quam
362 1391 652 1451 scierimus,
666 1409 776 1458 quo
798 1391 864 1440 sit
889 1403 942 1440 et
964 1409 1068 1457 qua
1091 1391 1538 1459 perveniendum.

179 1472 299 1521 Nec
329 1468 449 1519 satis
483 1468 571 1527 est,
608 1487 723 1519 non
754 1471 1017 1534 ignorare,
1058 1488 1195 1536 quae
1222 1469 1346 1519 sunt
1367 1467 1543 1518 causa·-

168 1565 303 1607 Xrum
357 1547 698 1608 judicialium
749 1558 949 1612 partes,
1027 1558 1118 1596 aut
1166 1547 1542 1612 quaestionum

182 1624 431 1676 ordinem
452 1635 591 1672 recte
621 1623 930 1689 disponere:
971 1642 1276 1690 quanquam
1305 1624 1400 1673 ista
1432 1622 1536 1672 sint
1550 1642 1628 1686 95²

182 1702 493 1769 praecipua:
569 1699 659 1749 sed.
710 1700 846 1765 quid
883 1718 1103 1767 quoque
1145 1703 1266 1752 loco
1302 1702 1543 1768 primum

270 1867 311 1892 ut
338 1856 425 1905 gub.
453 1856 587 1892 Turio.
619 1856 723 1892 Flor.
755 1857 840 1901 (hic
863 1871 882 1892 a
903 1870 959 1906 pr.
983 1859 1054 1901 m.)
1085 1857 1275 1893 omittunt
1304 1867 1355 1894 ut.

272 1915 322 1949 acl
349 1915 578 1949 varietatem.
608 1914 742 1950 Turio.
778 1914 882 1950 Flor.
917 1915 1002 1959 (hic
1033 1925 1161 1950 tamen
1192 1915 1336 1951 retinet
1365 1913 1545 1952 aecusati-

186 1973 303 2019 vum)
333 1979 397 2006 αιιε
419 1972 615 2006 varietate.

274 2035 310 2072 4.
343 2027 489 2062 multus.
527 2027 661 2063 Turio.
693 2027 797 2063 Flor.
832 2029 871 2073 (a
893 2041 953 2077 pr.
977 2042 1029 2065 m.
1062 2030 1246 2076 uterque)
1274 2028 1412 2064 multis.

273 2082 426 2134 afficlua.
457 2083 562 2119 Flor.
596 2085 634 2130 (a
657 2098 715 2134 pr.
736 2083 809 2132 m.)
840 2086 889 2120 ad
901 2084 973 2133 sua
1005 2098 1093 2120 cum
1114 2084 1220 2123 Alm.

264 2139 489 2190 studiorum.
529 2140 659 2175 Guelf.
689 2138 819 2189 studio
860 2154 949 2176 cum
975 2142 1081 2178 Vols.
1119 2157 1153 2177 1.
1188 2151 1225 2177 2.
1261 2150 1299 2184 5·
1341 2141 1459 2177 Goth.
1500 2142 1550 2178 cf.

195 2213 264 2239 ιο,
301 2212 342 2238 1,
372 2203 438 2244 44.
475 2211 548 2238 11,
585 2206 621 2240 5,
657 2206 721 2241 50.
974 2199 1081 2234 idem.
1114 2198 1248 2233 Turic.
1281 2197 1429 2237 omittit
1458 2212 1551 2234 011111

188 2256 296 2295 Voss'.
331 2264 369 2298 5.
634 2254 754 2288 dicere
783 2254 902 2290 malit.
946 2255 1051 2289 Flor.
1094 2256 1132 2298 (a
1153 2267 1212 2302 pr.
1234 2257 1308 2297 m.)
1349 2255 1552 2290 diceremus

189 2314 273 2350 alic.
301 2313 416 2347 Bern.
449 2310 606 2345 dicerem
628 2311 749 2345 aliter.
974 2308 1239 2359 consequemur.
1277 2311 1412 2350 Turio.
1441 2311 1547 2348 Flor.

191 2370 276 2413 (hic
300 2382 319 2402 a
341 2381 399 2416 pr.
422 2372 557 2411 manu)
590 2367 723 2414 Camp.
766 2364 1027 2415 consequimur.

277 2432 314 2468 5.
357 2424 516 2460 dicendi.
560 2424 693 2458 Turic.
735 2421 840 2458 Flor.
883 2418 926 2458 af
965 2423 1032 2468 (cf.
1067 2428 1100 2472 §.
1131 2425 1187 2468 1.)
1229 2425 1423 2474 aliquendi
1457 2437 1547 2460 cum

189 2481 293 2517 Alm.
325 2480 494 2524 (sedhic
523 2480 661 2516 omisso
692 2474 760 2523 αἴ).
819 2478 890 2514 Ille
920 2493 939 2515 a
970 2481 1039 2516 sec.
1071 2495 1190 2516 manu
1221 2481 1449 2530 alloquendi,
1480 2482 1549 2517 hic

189 2539 376 2574 nostrum.
410 2534 543 2586 Camp.
589 2537 797 2586 eloquendi.
1022 2537 1222 2586 causarum.
1264 2538 1399 2573 Turie-
1438 2537 1544 2574 Flor.

189 2592 275 2638 (hic
310 2608 329 2629 a
355 2607 413 2644 pr.
443 2596 578 2637 manu)
610 2594 809 2628 omittunt.
1052 2608 1264 2645 quanquam
1284 2592 1444 2644 —si11t.
1479 2594 1544 2629 sie

249 2734 284 2771 4.
316 2728 432 2775 longa
453 2746 505 2754 —
525 2737 639 2765 aetas.
679 2727 738 2764 Cf.
763 2741 796 2768 1,
829 2734 866 2774 8,
901 2734 937 2774 8.
