1779 3062
222 171 327 223 478
499 131 986 214 'ARGUMENTUM
1018 168 1192 215 LIBRI
1220 170 1331 215 ΧΠ.

284 290 472 326 Ciceronis
504 291 587 327 laus
630 301 666 327 ec
700 289 880 340 defensio.
910 311 966 320 —
1012 306 1073 342 ¹9·
1103 293 1248 343 Divisio
1288 296 1381 329 inter
1406 293 1564 336 AttIc'os,

282 355 454 406 Asianos,
483 359 665 395 Rhodios.
683 378 740 386 --
763 359 825 396 26.
858 358 1134 409 Demonstratur
1152 376 1242 397 vera
1262 362 1470 397 Atticorum
1493 363 1567 398 vir-

282 434 362 466 tus,
413 437 542 462 contra
571 425 811 474 affecczatores
844 429 934 473 ejus.
967 449 1020 456 —
1051 436 1117 472 55.
1156 429 1322 465 Latinos
1358 429 1568 465 elocutione

283 500 427 528 tantum
449 508 472 529 a
493 494 643 530 Graecis
664 495 784 533 vinci;
813 495 911 543 quod
922 496 1072 544 linguae
1094 498 1221 544 inopia
1235 495 1331 543 fieri
1351 499 1389 530 in
1408 497 1566 530 elemen·
1614 499 1618 502 ’

282 562 330 595 tis
351 563 509 596 maxime
529 572 565 596 et
585 571 733 596 accentu
753 562 913 600 docetur.
940 582 996 590 -—
1025 573 1089 612 59.
1121 564 1203 598 huic
1233 562 1465 599 incommodo
1480 561 1567 610 sen-

280 631 409 664 tentiis
448 637 484 663 et
522 628 720 663 luminibus
769 630 997 669 medendum.
1039 651 1095 658 —-
1143 637 1207 675 48.
1237 629 1456 681 refellutzfur
1502 631 1566 678 qui

278 708 427 732 omnem
457 706 631 733 ornatum
659 698 865 746 repudiant.
893 718 945 726 —
977 707 1041 743 57.
1082 698 1143 736 An
1183 700 1379 733 discrimen
1413 695 1566 746 servan-

276 764 366 800 dum
398 766 436 799 in
466 766 614 813 agendo
645 773 681 800 et
711 767 748 800 in
769 764 977 814 scribendo.
1006 785 1062 794 --
1101 767 1167 812 65.
1197 766 1288 803 Alia
1332 762 1466 814 divisio
1509 766 1564 800 in-

278 840 333 868 ter
356 832 518 882 subtile,
549 833 693 881 grande
731 844 766 868 et
797 833 981 881 floridum
1017 847 1145 884 genus,
1173 854 1230 863 —-
1261 844 1326 878 72.
1352 832 1409 868 his
1447 833 1563 868 multa

275 901 494 946 interjacere
524 903 653 938 mixta.
673 918 729 928 —-
764 912 829 947 72.
861 902 963 952 usum
987 902 1057 954 effe
1079 901 1401 946 munitum—76.
1448 901 1564 949 longe

272 967 456 1017 diversum
476 967 547 1018 effe
567 979 779 1018 corruptum
800 970 1098 1021 licentiosumque
1131 982 1256 1019 genus.
1281 989 1336 998 --
1367 976 1432 1015 80.
1462 969 1563 1004 bona

271 1036 342 1077 illa
359 1035 498 1084 facilia
532 1039 646 1074 etiam
667 1037 762 1086 fieri
788 1035 935 1083 fcudio:
965 1038 1034 1089 sed
1063 1039 1212 1074 modum
1228 1035 1454 1086 servandum
1490 1033 1562 1085 effe

268 1105 310 1140 in
341 1106 519 1142 omnibus.
554 1127 600 1135 ·-
629 1108 669 1143 C.
695 1120 758 1145 ιι.
781 1125 836 1134 --
859 1117 896 1150 7.
920 1108 1046 1143 Finem
1084 1107 1218 1143 orandi
1244 1104 1462 1153 faciendum
1488 1101 1560 1153 effe

269 1181 471 1222 antequam
501 1177 610 1210 annis
643 1175 812 1222 deficias.
838 1191 894 1201 -—
924 1176 1114 1212 Peroratio
1147 1175 1280 1223 operis.
1309 1192 1358 1200 ›—·
1390 1180 1450 1215 ¹3·
1482 1183 1558 1207 non

268 1253 449 1289 magnam
478 1244 588 1277 nimis
608 1250 645 1276 et
672 1242 827 1277 arduam
855 1239 926 1290 effe
949 1250 1006 1278 tot
1023 1244 1160 1278 artium
1186 1241 1558 1286 conjunctionem.—

270 1319 337 1347 20.
369 1318 529 1359 tempus,
561 1309 674 1349 modo
699 1318 796 1344 recte
824 1311 958 1350 utaris,
997 1324 1072 1346 non
1094 1309 1264 1358 deficere.
1285 1328 1339 1338 -—
1369 1319 1435 1354 50.
1466 1307 1559 1360 quid

267 1374 451 1428 praestari
468 1375 595 1428 poffit,
621 1377 800 1424 exemplis
819 1380 983 1414 virorum
1012 1375 1207 1427 illustrium
1225 1379 1400 1427 dovetun·
1427 1385 1464 1412 et
1481 1389 1560 1412 mo·

265 1446 375 1482 dicae
397 1459 542 1496 quoque
561 1447 795 1497 eloquentiae
815 1446 1018 1485 uberrimos
1030 1446 1178 1497 fructus
1200 1445 1273 1497 effe
1295 1455 1476 1486 monetur.
1499 1464 1558 1475 —

269 1523 339 1560 δι.
359 1515 564 1567 Conclusio.
