<?xml version="1.0" encoding="UTF-8"?>
<!DOCTYPE html PUBLIC "-//W3C//DTD XHTML 1.0 Transitional//EN"
    "http://www.w3.org/TR/xhtml1/DTD/xhtml1-transitional.dtd">
<html xmlns="http://www.w3.org/1999/xhtml" xml:lang="en" lang="en">
 <head>
  <title>
</title>
<meta http-equiv="Content-Type" content="text/html;charset=utf-8" />
  <meta name='ocr-system' content='tesseract 3.04.00' />
  <meta name='ocr-capabilities' content='ocr_page ocr_carea ocr_par ocr_line ocrx_word'/>
</head>
<body>
  <div class='ocr_page' id='page_1' title='image "./deinstitutioneor04quinuoft_0187.png"; bbox 0 0 1779 3062; ppageno 0'>
   <div class='ocr_carea' id='block_1_1' title="bbox 383 181 1472 241">
    <p class='ocr_par' dir='ltr' id='par_1_1' title="bbox 383 181 1472 241">
     <span class='ocr_line' id='line_1_1' title="bbox 383 181 1472 241; baseline 0.006 -13"><span class='ocrx_word' id='word_1_1' title='bbox 383 181 547 228; x_wconf 74' lang='lat' dir='ltr'>1Ns&#39;r.</span> <span class='ocrx_word' id='word_1_2' title='bbox 586 181 868 229; x_wconf 81' lang='lat' dir='ltr'><strong>ORATOR.</strong></span> <span class='ocrx_word' id='word_1_3' title='bbox 903 184 1026 231; x_wconf 72' lang='grc' dir='ltr'>ΜΒ.</span> <span class='ocrx_word' id='word_1_4' title='bbox 1062 185 1135 241; x_wconf 86' lang='lat' dir='ltr'>X,</span> <span class='ocrx_word' id='word_1_5' title='bbox 1167 197 1213 240; x_wconf 80' lang='lat'>5.</span> <span class='ocrx_word' id='word_1_6' title='bbox 1289 228 1297 238; x_wconf 41' lang='lat' dir='ltr'><em>s</em></span> <span class='ocrx_word' id='word_1_7' title='bbox 1379 189 1472 234; x_wconf 84' lang='lat'>161</span> 
     </span>
    </p>
   </div>
   <div class='ocr_carea' id='block_1_2' title="bbox 6 385 1543 1150">
    <p class='ocr_par' dir='ltr' id='par_1_2' title="bbox 6 385 1543 1150">
     <span class='ocr_line' id='line_1_2' title="bbox 114 385 1471 445; baseline 0.003 -7"><span class='ocrx_word' id='word_1_8' title='bbox 114 389 155 438; x_wconf 82' lang='lat' dir='ltr'>si</span> <span class='ocrx_word' id='word_1_9' title='bbox 183 406 295 438; x_wconf 85' lang='lat' dir='ltr'>nou</span> <span class='ocrx_word' id='word_1_10' title='bbox 329 385 430 436; x_wconf 85' lang='lat' dir='ltr'>nisi</span> <span class='ocrx_word' id='word_1_11' title='bbox 464 386 662 443; x_wconf 79' lang='lat' dir='ltr'>refecti,</span> <span class='ocrx_word' id='word_1_12' title='bbox 705 403 818 435; x_wconf 87' lang='lat' dir='ltr'>non</span> <span class='ocrx_word' id='word_1_13' title='bbox 852 385 955 434; x_wconf 80' lang='lat' dir='ltr'>nisi</span> <span class='ocrx_word' id='word_1_14' title='bbox 988 388 1196 445; x_wconf 78' lang='lat' dir='ltr'>hilares,</span> <span class='ocrx_word' id='word_1_15' title='bbox 1237 393 1471 443; x_wconf 82' lang='lat' dir='ltr'>nonnisi</span> 
     </span>
     <span class='ocr_line' id='line_1_3' title="bbox 112 464 1470 522; baseline 0.003 -7"><span class='ocrx_word' id='word_1_16' title='bbox 112 466 366 515; x_wconf 87' lang='lat' dir='ltr'>omnibus</span> <span class='ocrx_word' id='word_1_17' title='bbox 416 466 533 513; x_wconf 86' lang='lat' dir='ltr'>aliis</span> <span class='ocrx_word' id='word_1_18' title='bbox 591 464 733 512; x_wconf 86' lang='lat' dir='ltr'>curis</span> <span class='ocrx_word' id='word_1_19' title='bbox 787 474 1030 513; x_wconf 81' lang='lat' dir='ltr'>vacantes</span> <span class='ocrx_word' id='word_1_20' title='bbox 1051 502 1064 522; x_wconf 89' lang='lat'>‚</span> <span class='ocrx_word' id='word_1_21' title='bbox 1142 466 1470 519; x_wconf 83' lang='lat' dir='ltr'>studendum</span> 
     </span>
     <span class='ocr_line' id='line_1_4' title="bbox 108 539 1470 611; baseline 0.001 -20"><span class='ocrx_word' id='word_1_22' title='bbox 108 542 613 598; x_wconf 82' lang='lat' dir='ltr'>existimaverimus,</span> <span class='ocrx_word' id='word_1_23' title='bbox 652 539 858 605; x_wconf 78' lang='lat' dir='ltr'>semper</span> <span class='ocrx_word' id='word_1_24' title='bbox 900 542 1024 598; x_wconf 82' lang='lat' dir='ltr'>erit,</span> <span class='ocrx_word' id='word_1_25' title='bbox 1065 555 1284 608; x_wconf 83' lang='lat' dir='ltr'>propter</span> <span class='ocrx_word' id='word_1_26' title='bbox 1318 548 1470 611; x_wconf 80' lang='lat' dir='ltr'>quod</span> 
     </span>
     <span class='ocr_line' id='line_1_5' title="bbox 109 616 1543 686; baseline 0.004 -17"><span class='ocrx_word' id='word_1_27' title='bbox 109 620 266 669; x_wconf 81' lang='lat' dir='ltr'>nobis</span> <span class='ocrx_word' id='word_1_28' title='bbox 299 616 645 684; x_wconf 58' lang='lat' dir='ltr'>ignoscamus}</span> <span class='ocrx_word' id='word_1_29' title='bbox 727 621 902 686; x_wconf 79' lang='lat' dir='ltr'>Quare</span> <span class='ocrx_word' id='word_1_30' title='bbox 941 618 1000 665; x_wconf 89' lang='lat' dir='ltr'>in</span> <span class='ocrx_word' id='word_1_31' title='bbox 1036 619 1219 677; x_wconf 85' lang='lat' dir='ltr'>turba,</span> <span class='ocrx_word' id='word_1_32' title='bbox 1260 623 1467 684; x_wconf 86' lang='lat' dir='ltr'>itinere,</span> <span class='ocrx_word' id='word_1_33' title='bbox 1489 638 1543 675; x_wconf 82' lang='lat'>50</span> 
     </span>
     <span class='ocr_line' id='line_1_6' title="bbox 111 693 1469 762; baseline 0.004 -18"><span class='ocrx_word' id='word_1_34' title='bbox 111 697 380 746; x_wconf 82' lang='lat' dir='ltr'>conviviis</span> <span class='ocrx_word' id='word_1_35' title='bbox 414 697 571 743; x_wconf 82' lang='lat' dir='ltr'>etiam</span> <span class='ocrx_word' id='word_1_36' title='bbox 594 693 747 742; x_wconf 82' lang='lat' dir='ltr'>faciat</span> <span class='ocrx_word' id='word_1_37' title='bbox 770 693 870 742; x_wconf 82' lang='lat' dir='ltr'>sibi</span> <span class='ocrx_word' id='word_1_38' title='bbox 901 696 1148 760; x_wconf 80' lang='lat' dir='ltr'>cogitatio</span> <span class='ocrx_word' id='word_1_39' title='bbox 1178 696 1287 762; x_wconf 85' lang='lat' dir='ltr'>ipsa</span> <span class='ocrx_word' id='word_1_40' title='bbox 1304 698 1469 750; x_wconf 82' lang='lat' dir='ltr'>secre-</span> 
     </span>
     <span class='ocr_line' id='line_1_7' title="bbox 110 770 1468 842; baseline 0.004 -20"><span class='ocrx_word' id='word_1_41' title='bbox 110 786 242 822; x_wconf 83' lang='lat' dir='ltr'>tum.</span> <span class='ocrx_word' id='word_1_42' title='bbox 323 772 468 842; x_wconf 76' lang='lat' dir='ltr'>Quid</span> <span class='ocrx_word' id='word_1_43' title='bbox 488 773 693 836; x_wconf 83' lang='lat' dir='ltr'>alioqui</span> <span class='ocrx_word' id='word_1_44' title='bbox 726 770 839 829; x_wconf 84' lang='lat' dir='ltr'>fiet,</span> <span class='ocrx_word' id='word_1_45' title='bbox 880 788 1002 820; x_wconf 86' lang='lat' dir='ltr'>cum</span> <span class='ocrx_word' id='word_1_46' title='bbox 1036 774 1094 819; x_wconf 87' lang='lat' dir='ltr'>in</span> <span class='ocrx_word' id='word_1_47' title='bbox 1123 775 1303 822; x_wconf 89' lang='lat' dir='ltr'>medio</span> <span class='ocrx_word' id='word_1_48' title='bbox 1327 776 1468 837; x_wconf 80' lang='lat' dir='ltr'>foro,</span> 
     </span>
     <span class='ocr_line' id='line_1_8' title="bbox 109 848 1467 914; baseline 0.005 -16"><span class='ocrx_word' id='word_1_49' title='bbox 109 861 190 900; x_wconf 87' lang='lat' dir='ltr'>tot</span> <span class='ocrx_word' id='word_1_50' title='bbox 218 849 678 898; x_wconf 81' lang='lat' dir='ltr'>circumstantibus</span> <span class='ocrx_word' id='word_1_51' title='bbox 710 848 942 910; x_wconf 79' lang='lat' dir='ltr'>judiciis,</span> <span class='ocrx_word' id='word_1_52' title='bbox 982 850 1186 914; x_wconf 80' lang='lat' dir='ltr'>jurgiis,</span> <span class='ocrx_word' id='word_1_53' title='bbox 1227 850 1467 906; x_wconf 76' lang='lat' dir='ltr'>fortuitis</span> 
     </span>
     <span class='ocr_line' id='line_1_9' title="bbox 111 924 1467 983; baseline 0.003 -7"><span class='ocrx_word' id='word_1_54' title='bbox 111 929 270 976; x_wconf 85' lang='lat' dir='ltr'>etiam</span> <span class='ocrx_word' id='word_1_55' title='bbox 311 927 657 983; x_wconf 81' lang='lat' dir='ltr'>clamoribus,</span> <span class='ocrx_word' id='word_1_56' title='bbox 719 927 820 973; x_wconf 84' lang='lat' dir='ltr'>erit</span> <span class='ocrx_word' id='word_1_57' title='bbox 852 924 1029 974; x_wconf 80' lang='lat' dir='ltr'>subito</span> <span class='ocrx_word' id='word_1_58' title='bbox 1063 928 1316 977; x_wconf 78' lang='lat' dir='ltr'>continua</span> <span class='ocrx_word' id='word_1_59' title='bbox 1351 950 1467 980; x_wconf 87' lang='lat' dir='ltr'>ora-</span> 
     </span>
     <span class='ocr_line' id='line_1_10' title="bbox 6 983 1467 1070; baseline 0.001 -13"><span class='ocrx_word' id='word_1_60' title='bbox 6 983 13 1034; x_wconf 49' lang='lat' dir='ltr'>l</span> <span class='ocrx_word' id='word_1_61' title='bbox 23 1018 102 1062; x_wconf 83' lang='lat'>958</span> <span class='ocrx_word' id='word_1_62' title='bbox 114 1006 260 1054; x_wconf 87' lang='lat' dir='ltr'>tione</span> <span class='ocrx_word' id='word_1_63' title='bbox 279 1003 585 1061; x_wconf 85' lang='lat' dir='ltr'>dicendum,</span> <span class='ocrx_word' id='word_1_64' title='bbox 624 1002 668 1050; x_wconf 84' lang='lat' dir='ltr'>si</span> <span class='ocrx_word' id='word_1_65' title='bbox 687 1004 988 1070; x_wconf 82' lang='lat' dir='ltr'>particulas,</span> <span class='ocrx_word' id='word_1_66' title='bbox 1012 1021 1140 1068; x_wconf 83' lang='lat' dir='ltr'>quas</span> <span class='ocrx_word' id='word_1_67' title='bbox 1166 1007 1296 1055; x_wconf 85' lang='lat' dir='ltr'>ceris</span> <span class='ocrx_word' id='word_1_68' title='bbox 1318 1025 1467 1058; x_wconf 87' lang='lat' dir='ltr'>man-</span> 
     </span>
     <span class='ocr_line' id='line_1_11' title="bbox 111 1079 1468 1150; baseline -0.002 -19"><span class='ocrx_word' id='word_1_69' title='bbox 111 1082 320 1140; x_wconf 83' lang='lat' dir='ltr'>damus,</span> <span class='ocrx_word' id='word_1_70' title='bbox 359 1079 461 1129; x_wconf 84' lang='lat' dir='ltr'>nisi</span> <span class='ocrx_word' id='word_1_71' title='bbox 485 1081 543 1129; x_wconf 90' lang='lat' dir='ltr'>in</span> <span class='ocrx_word' id='word_1_72' title='bbox 564 1079 855 1130; x_wconf 81' lang='lat' dir='ltr'>solitudine</span> <span class='ocrx_word' id='word_1_73' title='bbox 887 1082 1122 1147; x_wconf 82' lang='lat' dir='ltr'>reperire</span> <span class='ocrx_word' id='word_1_74' title='bbox 1154 1100 1267 1132; x_wconf 88' lang='lat' dir='ltr'>non</span> <span class='ocrx_word' id='word_1_75' title='bbox 1288 1084 1468 1150; x_wconf 75' lang='lat' dir='ltr'>poss&#39;u..</span> 
     </span>
    </p>
   </div>
   <div class='ocr_carea' id='block_1_3' title="bbox 6 308 1472 740">
    <p class='ocr_par' dir='ltr' id='par_1_3' title="bbox 6 187 1472 740">
     <span class='ocr_line' id='line_1_12' title="bbox 7 308 1472 551; baseline 0.001 -188"><span class='ocrx_word' id='word_1_76' title='bbox 7 332 13 551; x_wconf 69' lang='lat'>{</span> <span class='ocrx_word' id='word_1_77' title='bbox 117 313 245 363; x_wconf 88' lang='lat' dir='ltr'>Non</span> <span class='ocrx_word' id='word_1_78' title='bbox 285 308 358 359; x_wconf 81' lang='lat' dir='ltr'>est</span> <span class='ocrx_word' id='word_1_79' title='bbox 378 308 780 374; x_wconf 82' lang='lat' dir='ltr'>indulgendum</span> <span class='ocrx_word' id='word_1_80' title='bbox 805 308 968 358; x_wconf 80' lang='lat' dir='ltr'>causis</span> <span class='ocrx_word' id='word_1_81' title='bbox 1005 310 1248 362; x_wconf 82' lang='lat' dir='ltr'>desidiae.</span> <span class='ocrx_word' id='word_1_82' title='bbox 1328 316 1472 366; x_wconf 84' lang='lat' dir='ltr'>Nam</span> 
     </span>
     <span class='ocr_line' id='line_1_13' title="bbox 6 563 13 695; baseline 0 0"><span class='ocrx_word' id='word_1_83' title='bbox 6 563 13 695; x_wconf 72' lang='lat' dir='ltr'>i</span> 
     </span>
     <span class='ocr_line' id='line_1_14' title="bbox 6 694 12 740; baseline 0 -12"><span class='ocrx_word' id='word_1_84' title='bbox 6 694 12 740; x_wconf 51' lang='grc' dir='ltr'>ὴ,</span> 
     </span>
    </p>
   </div>
   <div class='ocr_carea' id='block_1_4' title="bbox 112 1202 1469 1316">
    <p class='ocr_par' dir='ltr' id='par_1_4' title="bbox 112 1202 1469 1316">
     <span class='ocr_line' id='line_1_15' title="bbox 112 1202 1468 1256; baseline 0.003 -15"><span class='ocrx_word' id='word_1_85' title='bbox 112 1217 223 1241; x_wconf 83' lang='lat' dir='ltr'>voce.</span> <span class='ocrx_word' id='word_1_86' title='bbox 486 1217 561 1240; x_wconf 85' lang='lat' dir='ltr'>non</span> <span class='ocrx_word' id='word_1_87' title='bbox 583 1202 653 1252; x_wconf 87' lang='lat' dir='ltr'>nisi</span> <span class='ocrx_word' id='word_1_88' title='bbox 675 1204 819 1238; x_wconf 79' lang='lat' dir='ltr'>hilares.</span> <span class='ocrx_word' id='word_1_89' title='bbox 864 1204 997 1239; x_wconf 67' lang='lat' dir='ltr'>Tui-ic.</span> <span class='ocrx_word' id='word_1_90' title='bbox 1049 1203 1196 1253; x_wconf 65' lang='lat' dir='ltr'>nonnisi</span> <span class='ocrx_word' id='word_1_91' title='bbox 1224 1207 1318 1241; x_wconf 66' lang='lat' dir='ltr'>nihil</span> <span class='ocrx_word' id='word_1_92' title='bbox 1348 1223 1468 1256; x_wconf 79' lang='lat' dir='ltr'>apres,</span> 
     </span>
     <span class='ocr_line' id='line_1_16' title="bbox 114 1257 1469 1316; baseline 0.003 -19"><span class='ocrx_word' id='word_1_93' title='bbox 114 1275 135 1296; x_wconf 86' lang='lat' dir='ltr'>a</span> <span class='ocrx_word' id='word_1_94' title='bbox 168 1262 235 1298; x_wconf 85' lang='lat' dir='ltr'>sec.</span> <span class='ocrx_word' id='word_1_95' title='bbox 272 1275 390 1296; x_wconf 84' lang='lat' dir='ltr'>manu</span> <span class='ocrx_word' id='word_1_96' title='bbox 417 1259 564 1309; x_wconf 85' lang='lat' dir='ltr'>nonnisi</span> <span class='ocrx_word' id='word_1_97' title='bbox 594 1261 709 1295; x_wconf 77' lang='lat' dir='ltr'>nihilo</span> <span class='ocrx_word' id='word_1_98' title='bbox 744 1257 862 1309; x_wconf 81' lang='lat' dir='ltr'>preffi.</span> <span class='ocrx_word' id='word_1_99' title='bbox 894 1259 997 1296; x_wconf 75' lang='lat' dir='ltr'>Flor.</span> <span class='ocrx_word' id='word_1_100' title='bbox 1034 1263 1072 1305; x_wconf 74' lang='lat' dir='ltr'>(a</span> <span class='ocrx_word' id='word_1_101' title='bbox 1092 1274 1151 1309; x_wconf 83' lang='lat' dir='ltr'>pr.</span> <span class='ocrx_word' id='word_1_102' title='bbox 1177 1262 1250 1311; x_wconf 86' lang='lat' dir='ltr'>m.)</span> <span class='ocrx_word' id='word_1_103' title='bbox 1289 1278 1364 1300; x_wconf 81' lang='lat' dir='ltr'>non</span> <span class='ocrx_word' id='word_1_104' title='bbox 1398 1266 1469 1316; x_wconf 79' lang='lat' dir='ltr'>nisi</span> 
     </span>
    </p>
   </div>
   <div class='ocr_carea' id='block_1_5' title="bbox 9 742 12 1375">
    <p class='ocr_par' dir='ltr' id='par_1_5' title="bbox 9 742 12 1375">
     <span class='ocr_line' id='line_1_17' title="bbox 9 742 12 1375; baseline 0 0"><span class='ocrx_word' id='word_1_105' title='bbox 9 742 12 1375; x_wconf 95' lang='lat' dir='ltr'> </span> 
     </span>
    </p>
   </div>
   <div class='ocr_carea' id='block_1_6' title="bbox 6 1317 1475 2563">
    <p class='ocr_par' dir='ltr' id='par_1_6' title="bbox 6 1317 1475 2563">
     <span class='ocr_line' id='line_1_18' title="bbox 114 1317 1468 1382; baseline 0.003 -18"><span class='ocrx_word' id='word_1_106' title='bbox 114 1329 208 1364; x_wconf 82' lang='lat' dir='ltr'>nihil</span> <span class='ocrx_word' id='word_1_107' title='bbox 237 1317 315 1377; x_wconf 54' lang='grc' dir='ltr'>αἶς.</span> <span class='ocrx_word' id='word_1_108' title='bbox 377 1330 455 1377; x_wconf 84' lang='lat' dir='ltr'>Ipsa</span> <span class='ocrx_word' id='word_1_109' title='bbox 488 1328 582 1362; x_wconf 79' lang='lat' dir='ltr'>haec</span> <span class='ocrx_word' id='word_1_110' title='bbox 615 1329 805 1363; x_wconf 87' lang='lat' dir='ltr'>omittunt</span> <span class='ocrx_word' id='word_1_111' title='bbox 833 1327 938 1362; x_wconf 71' lang='lat' dir='ltr'>Voss&#39;.</span> <span class='ocrx_word' id='word_1_112' title='bbox 976 1342 1009 1362; x_wconf 83' lang='lat'>1.</span> <span class='ocrx_word' id='word_1_113' title='bbox 1043 1336 1079 1370; x_wconf 84' lang='lat'>5.</span> <span class='ocrx_word' id='word_1_114' title='bbox 1117 1341 1197 1364; x_wconf 88' lang='lat' dir='ltr'>non</span> <span class='ocrx_word' id='word_1_115' title='bbox 1235 1332 1362 1368; x_wconf 83' lang='lat' dir='ltr'>Guelf.</span> <span class='ocrx_word' id='word_1_116' title='bbox 1395 1335 1468 1382; x_wconf 84' lang='lat' dir='ltr'>qui</span> 
     </span>
     <span class='ocr_line' id='line_1_19' title="bbox 114 1382 1472 1432; baseline 0.001 -12"><span class='ocrx_word' id='word_1_117' title='bbox 114 1398 209 1420; x_wconf 83' lang='lat' dir='ltr'>mox</span> <span class='ocrx_word' id='word_1_118' title='bbox 238 1399 318 1420; x_wconf 85' lang='lat' dir='ltr'>non</span> <span class='ocrx_word' id='word_1_119' title='bbox 347 1386 463 1420; x_wconf 78' lang='lat' dir='ltr'>habet</span> <span class='ocrx_word' id='word_1_120' title='bbox 494 1385 670 1424; x_wconf 73' lang='lat' dir='ltr'>omnihus,</span> <span class='ocrx_word' id='word_1_121' title='bbox 702 1396 746 1419; x_wconf 90' lang='lat' dir='ltr'>ut</span> <span class='ocrx_word' id='word_1_122' title='bbox 775 1395 844 1418; x_wconf 85' lang='lat' dir='ltr'>nec</span> <span class='ocrx_word' id='word_1_123' title='bbox 866 1382 978 1417; x_wconf 76' lang='lat' dir='ltr'>Bam.</span> <span class='ocrx_word' id='word_1_124' title='bbox 1002 1384 1151 1432; x_wconf 75' lang='lat' dir='ltr'><strong>Gryph.</strong></span> <span class='ocrx_word' id='word_1_125' title='bbox 1175 1387 1347 1431; x_wconf 60' lang='lat'>(1556),</span> <span class='ocrx_word' id='word_1_126' title='bbox 1381 1403 1472 1425; x_wconf 83' lang='lat' dir='ltr'>cum</span> 
     </span>
     <span class='ocr_line' id='line_1_20' title="bbox 6 1375 1354 1543; baseline 0 -66"><span class='ocrx_word' id='word_1_127' title='bbox 6 1375 12 1543; x_wconf 55' lang='lat'>1</span> <span class='ocrx_word' id='word_1_128' title='bbox 115 1441 276 1477; x_wconf 69' lang='lat' dir='ltr'>vicissim</span> <span class='ocrx_word' id='word_1_129' title='bbox 309 1443 393 1477; x_wconf 84' lang='lat' dir='ltr'>aliis</span> <span class='ocrx_word' id='word_1_130' title='bbox 426 1441 611 1477; x_wconf 82' lang='lat' dir='ltr'>desideret</span> <span class='ocrx_word' id='word_1_131' title='bbox 636 1441 732 1478; x_wconf 81' lang='lat' dir='ltr'>Jens.</span> <span class='ocrx_word' id='word_1_132' title='bbox 756 1453 844 1475; x_wconf 88' lang='lat' dir='ltr'>cum</span> <span class='ocrx_word' id='word_1_133' title='bbox 867 1439 951 1473; x_wconf 89' lang='lat' dir='ltr'>edd.</span> <span class='ocrx_word' id='word_1_134' title='bbox 974 1439 1132 1488; x_wconf 78' lang='lat' dir='ltr'>posterr.</span> <span class='ocrx_word' id='word_1_135' title='bbox 1161 1454 1247 1478; x_wconf 80' lang='lat' dir='ltr'>ante</span> <span class='ocrx_word' id='word_1_136' title='bbox 1267 1444 1354 1479; x_wconf 83' lang='lat' dir='ltr'><strong>Ald.</strong></span> 
     </span>
     <span class='ocr_line' id='line_1_21' title="bbox 202 1492 1471 1550; baseline 0.003 -18"><span class='ocrx_word' id='word_1_137' title='bbox 202 1496 540 1546; x_wconf 73' lang='lat' dir='ltr'>existimaverimus.</span> <span class='ocrx_word' id='word_1_138' title='bbox 582 1496 709 1532; x_wconf 84' lang='lat' dir='ltr'>Guelf.</span> <span class='ocrx_word' id='word_1_139' title='bbox 754 1492 1039 1543; x_wconf 51' lang='lat' dir='ltr'>existimavimus</span> <span class='ocrx_word' id='word_1_140' title='bbox 1086 1511 1175 1532; x_wconf 88' lang='lat' dir='ltr'>cum</span> <span class='ocrx_word' id='word_1_141' title='bbox 1202 1499 1304 1535; x_wconf 86' lang='lat' dir='ltr'>Alm.</span> <span class='ocrx_word' id='word_1_142' title='bbox 1348 1499 1471 1550; x_wconf 77' lang='lat' dir='ltr'>existi-</span> 
     </span>
     <span class='ocr_line' id='line_1_22' title="bbox 113 1553 1466 1597; baseline 0.004 -8"><span class='ocrx_word' id='word_1_143' title='bbox 113 1557 291 1590; x_wconf 77' lang='lat' dir='ltr'>mavimus</span> <span class='ocrx_word' id='word_1_144' title='bbox 331 1568 377 1590; x_wconf 80' lang='lat' dir='ltr'>ex</span> <span class='ocrx_word' id='word_1_145' title='bbox 406 1554 510 1593; x_wconf 83' lang='lat' dir='ltr'>Voff.</span> <span class='ocrx_word' id='word_1_146' title='bbox 556 1567 587 1590; x_wconf 85' lang='lat'>1.</span> <span class='ocrx_word' id='word_1_147' title='bbox 631 1553 802 1589; x_wconf 82' lang='lat' dir='ltr'>affertur.</span> <span class='ocrx_word' id='word_1_148' title='bbox 1069 1556 1150 1590; x_wconf 74' lang='lat' dir='ltr'>eric.</span> <span class='ocrx_word' id='word_1_149' title='bbox 1195 1556 1329 1591; x_wconf 74' lang='lat' dir='ltr'>Turio.</span> <span class='ocrx_word' id='word_1_150' title='bbox 1360 1558 1466 1597; x_wconf 79' lang='lat' dir='ltr'>Flor.</span> 
     </span>
     <span class='ocr_line' id='line_1_23' title="bbox 112 1610 640 1660; baseline 0 -15"><span class='ocrx_word' id='word_1_151' title='bbox 112 1611 196 1657; x_wconf 90' lang='lat' dir='ltr'>(hic</span> <span class='ocrx_word' id='word_1_152' title='bbox 215 1625 234 1645; x_wconf 83' lang='lat' dir='ltr'>a</span> <span class='ocrx_word' id='word_1_153' title='bbox 254 1625 313 1660; x_wconf 82' lang='lat' dir='ltr'>pr.</span> <span class='ocrx_word' id='word_1_154' title='bbox 335 1610 410 1659; x_wconf 86' lang='lat' dir='ltr'>m.)</span> <span class='ocrx_word' id='word_1_155' title='bbox 442 1612 640 1646; x_wconf 85' lang='lat' dir='ltr'>omittunt.</span> 
     </span>
     <span class='ocr_line' id='line_1_24' title="bbox 198 1666 1366 1719; baseline 0.003 -16"><span class='ocrx_word' id='word_1_156' title='bbox 198 1677 264 1710; x_wconf 79' lang='lat'>50.</span> <span class='ocrx_word' id='word_1_157' title='bbox 300 1669 424 1719; x_wconf 66' lang='lat' dir='ltr'>Quare</span> <span class='ocrx_word' id='word_1_158' title='bbox 447 1670 495 1702; x_wconf 87' lang='lat' dir='ltr'>in.</span> <span class='ocrx_word' id='word_1_159' title='bbox 531 1667 663 1702; x_wconf 82' lang='lat' dir='ltr'>Turio.</span> <span class='ocrx_word' id='word_1_160' title='bbox 700 1668 737 1711; x_wconf 85' lang='lat' dir='ltr'>(a</span> <span class='ocrx_word' id='word_1_161' title='bbox 756 1667 824 1702; x_wconf 87' lang='lat' dir='ltr'>sec.</span> <span class='ocrx_word' id='word_1_162' title='bbox 854 1666 928 1713; x_wconf 92' lang='lat' dir='ltr'>m.)</span> <span class='ocrx_word' id='word_1_163' title='bbox 958 1668 1091 1715; x_wconf 81' lang='lat' dir='ltr'>Camp.</span> <span class='ocrx_word' id='word_1_164' title='bbox 1121 1668 1294 1704; x_wconf 80' lang='lat' dir='ltr'>inserunt</span> <span class='ocrx_word' id='word_1_165' title='bbox 1317 1669 1366 1719; x_wconf 81' lang='lat' dir='ltr'>fi.</span> 
     </span>
     <span class='ocr_line' id='line_1_25' title="bbox 195 1722 1467 1776; baseline 0.006 -18"><span class='ocrx_word' id='word_1_166' title='bbox 195 1726 335 1759; x_wconf 77' lang='lat' dir='ltr'>itinere.</span> <span class='ocrx_word' id='word_1_167' title='bbox 371 1724 504 1759; x_wconf 77' lang='lat' dir='ltr'>Turio.</span> <span class='ocrx_word' id='word_1_168' title='bbox 541 1726 611 1758; x_wconf 81' lang='lat' dir='ltr'>itur</span> <span class='ocrx_word' id='word_1_169' title='bbox 634 1722 715 1772; x_wconf 84' lang='lat' dir='ltr'>effe,</span> <span class='ocrx_word' id='word_1_170' title='bbox 747 1737 765 1757; x_wconf 84' lang='lat' dir='ltr'>a</span> <span class='ocrx_word' id='word_1_171' title='bbox 788 1724 854 1760; x_wconf 85' lang='lat' dir='ltr'>sec.</span> <span class='ocrx_word' id='word_1_172' title='bbox 875 1736 928 1758; x_wconf 84' lang='lat' dir='ltr'>m.</span> <span class='ocrx_word' id='word_1_173' title='bbox 963 1725 1035 1757; x_wconf 74' lang='lat' dir='ltr'>itur</span> <span class='ocrx_word' id='word_1_174' title='bbox 1060 1732 1107 1760; x_wconf 74' lang='lat' dir='ltr'>et.</span> <span class='ocrx_word' id='word_1_175' title='bbox 1125 1724 1228 1760; x_wconf 78' lang='lat' dir='ltr'>Flor.</span> <span class='ocrx_word' id='word_1_176' title='bbox 1254 1728 1291 1770; x_wconf 81' lang='lat' dir='ltr'>(a</span> <span class='ocrx_word' id='word_1_177' title='bbox 1312 1741 1371 1776; x_wconf 84' lang='lat' dir='ltr'>pr.</span> <span class='ocrx_word' id='word_1_178' title='bbox 1394 1731 1467 1774; x_wconf 87' lang='lat' dir='ltr'>m.)</span> 
     </span>
     <span class='ocr_line' id='line_1_26' title="bbox 112 1780 1467 1823; baseline 0 -6"><span class='ocrx_word' id='word_1_179' title='bbox 112 1785 263 1817; x_wconf 73' lang='lat' dir='ltr'>intuere.</span> <span class='ocrx_word' id='word_1_180' title='bbox 293 1781 397 1817; x_wconf 86' lang='lat' dir='ltr'>Voss.</span> <span class='ocrx_word' id='word_1_181' title='bbox 430 1794 461 1817; x_wconf 88' lang='lat'>1.</span> <span class='ocrx_word' id='word_1_182' title='bbox 494 1782 628 1815; x_wconf 71' lang='lat' dir='ltr'>itineri.</span> <span class='ocrx_word' id='word_1_183' title='bbox 661 1780 765 1818; x_wconf 83' lang='lat' dir='ltr'>Voff.</span> <span class='ocrx_word' id='word_1_184' title='bbox 790 1789 826 1823; x_wconf 83' lang='grc'>5.</span> <span class='ocrx_word' id='word_1_185' title='bbox 867 1782 1049 1815; x_wconf 73' lang='lat' dir='ltr'>itinerum.</span> <span class='ocrx_word' id='word_1_186' title='bbox 1287 1788 1467 1821; x_wconf 71' lang='lat' dir='ltr'>conviviis</span> 
     </span>
     <span class='ocr_line' id='line_1_27' title="bbox 113 1835 1468 1884; baseline 0.005 -13"><span class='ocrx_word' id='word_1_187' title='bbox 113 1841 236 1874; x_wconf 79' lang='lat' dir='ltr'>etiam.</span> <span class='ocrx_word' id='word_1_188' title='bbox 292 1838 389 1874; x_wconf 86' lang='lat' dir='ltr'>Jens.</span> <span class='ocrx_word' id='word_1_189' title='bbox 432 1838 565 1872; x_wconf 77' lang='lat' dir='ltr'>inserit</span> <span class='ocrx_word' id='word_1_190' title='bbox 611 1837 670 1872; x_wconf 82' lang='lat' dir='ltr'>vel</span> <span class='ocrx_word' id='word_1_191' title='bbox 707 1838 881 1871; x_wconf 79' lang='lat' dir='ltr'>concione</span> <span class='ocrx_word' id='word_1_192' title='bbox 936 1849 1026 1870; x_wconf 84' lang='lat' dir='ltr'>cum</span> <span class='ocrx_word' id='word_1_193' title='bbox 1059 1835 1144 1871; x_wconf 82' lang='lat' dir='ltr'>edd.</span> <span class='ocrx_word' id='word_1_194' title='bbox 1179 1838 1338 1884; x_wconf 82' lang='lat' dir='ltr'>posterr.</span> <span class='ocrx_word' id='word_1_195' title='bbox 1380 1854 1468 1878; x_wconf 79' lang='lat' dir='ltr'>ante</span> 
     </span>
     <span class='ocr_line' id='line_1_28' title="bbox 111 1891 1469 1934; baseline 0.004 -5"><span class='ocrx_word' id='word_1_196' title='bbox 111 1897 246 1930; x_wconf 90' lang='lat' dir='ltr'>Burm.</span> <span class='ocrx_word' id='word_1_197' title='bbox 277 1906 355 1928; x_wconf 79' lang='lat' dir='ltr'>exc,</span> <span class='ocrx_word' id='word_1_198' title='bbox 388 1894 478 1928; x_wconf 82' lang='lat' dir='ltr'>Bad.</span> <span class='ocrx_word' id='word_1_199' title='bbox 509 1895 632 1928; x_wconf 85' lang='lat' dir='ltr'>Stoer.</span> <span class='ocrx_word' id='word_1_200' title='bbox 655 1892 820 1928; x_wconf 76' lang='lat' dir='ltr'>Chouet.</span> <span class='ocrx_word' id='word_1_201' title='bbox 846 1892 956 1927; x_wconf 81' lang='lat' dir='ltr'>Leid.</span> <span class='ocrx_word' id='word_1_202' title='bbox 986 1891 1085 1927; x_wconf 79' lang='lat' dir='ltr'>male</span> <span class='ocrx_word' id='word_1_203' title='bbox 1107 1906 1224 1928; x_wconf 78' lang='lat' dir='ltr'>voces</span> <span class='ocrx_word' id='word_1_204' title='bbox 1259 1897 1469 1934; x_wconf 85' lang='lat' dir='ltr'>reducente</span> 
     </span>
     <span class='ocr_line' id='line_1_29' title="bbox 115 1949 1465 1996; baseline 0.002 -12"><span class='ocrx_word' id='word_1_205' title='bbox 115 1950 311 1989; x_wconf 79' lang='lat' dir='ltr'>Gibson0‚</span> <span class='ocrx_word' id='word_1_206' title='bbox 359 1949 517 1984; x_wconf 79' lang='lat' dir='ltr'>suorum</span> <span class='ocrx_word' id='word_1_207' title='bbox 551 1949 672 1985; x_wconf 86' lang='lat' dir='ltr'>codd.</span> <span class='ocrx_word' id='word_1_208' title='bbox 709 1949 856 1984; x_wconf 84' lang='lat' dir='ltr'>securo.</span> <span class='ocrx_word' id='word_1_209' title='bbox 915 1950 1055 1996; x_wconf 84' lang='lat' dir='ltr'>Neque</span> <span class='ocrx_word' id='word_1_210' title='bbox 1095 1950 1200 1984; x_wconf 86' lang='lat' dir='ltr'>euim</span> <span class='ocrx_word' id='word_1_211' title='bbox 1241 1951 1345 1987; x_wconf 83' lang='lat' dir='ltr'>ullus</span> <span class='ocrx_word' id='word_1_212' title='bbox 1382 1956 1465 1991; x_wconf 84' lang='lat' dir='ltr'>MS,</span> 
     </span>
     <span class='ocr_line' id='line_1_30' title="bbox 116 2004 1469 2053; baseline 0.004 -12"><span class='ocrx_word' id='word_1_213' title='bbox 116 2007 210 2041; x_wconf 84' lang='lat' dir='ltr'>haec</span> <span class='ocrx_word' id='word_1_214' title='bbox 250 2004 342 2053; x_wconf 82' lang='lat' dir='ltr'>(err.</span> <span class='ocrx_word' id='word_1_215' title='bbox 374 2007 504 2050; x_wconf 81' lang='lat' dir='ltr'>Gesn.)</span> <span class='ocrx_word' id='word_1_216' title='bbox 545 2019 671 2053; x_wconf 87' lang='lat' dir='ltr'>neque</span> <span class='ocrx_word' id='word_1_217' title='bbox 705 2006 839 2053; x_wconf 85' lang='lat' dir='ltr'>Camp.</span> <span class='ocrx_word' id='word_1_218' title='bbox 881 2006 1026 2040; x_wconf 84' lang='lat' dir='ltr'>Badius</span> <span class='ocrx_word' id='word_1_219' title='bbox 1067 2006 1227 2053; x_wconf 86' lang='lat' dir='ltr'>quidem</span> <span class='ocrx_word' id='word_1_220' title='bbox 1263 2009 1469 2046; x_wconf 78' lang='lat' dir='ltr'>rectiffime</span> 
     </span>
     <span class='ocr_line' id='line_1_31' title="bbox 117 2061 1469 2110; baseline 0.004 -13"><span class='ocrx_word' id='word_1_221' title='bbox 117 2063 247 2104; x_wconf 88' lang='lat' dir='ltr'>„hoc“</span> <span class='ocrx_word' id='word_1_222' title='bbox 278 2061 409 2110; x_wconf 84' lang='lat' dir='ltr'>inquit</span> <span class='ocrx_word' id='word_1_223' title='bbox 439 2062 514 2103; x_wconf 84' lang='lat' dir='ltr'>„ab</span> <span class='ocrx_word' id='word_1_224' title='bbox 545 2061 679 2109; x_wconf 85' lang='lat' dir='ltr'>aliquo</span> <span class='ocrx_word' id='word_1_225' title='bbox 710 2061 895 2109; x_wconf 82' lang='lat' dir='ltr'>imperito</span> <span class='ocrx_word' id='word_1_226' title='bbox 931 2075 949 2098; x_wconf 87' lang='lat' dir='ltr'>e</span> <span class='ocrx_word' id='word_1_227' title='bbox 979 2063 1155 2109; x_wconf 80' lang='lat' dir='ltr'>margine</span> <span class='ocrx_word' id='word_1_228' title='bbox 1176 2064 1219 2098; x_wconf 86' lang='lat' dir='ltr'>in</span> <span class='ocrx_word' id='word_1_229' title='bbox 1242 2076 1469 2102; x_wconf 84' lang='lat' dir='ltr'>contextum</span> 
     </span>
     <span class='ocr_line' id='line_1_32' title="bbox 115 2116 1470 2167; baseline 0.003 -14"><span class='ocrx_word' id='word_1_230' title='bbox 115 2116 331 2160; x_wconf 64' lang='lat' dir='ltr'>„intrusum</span> <span class='ocrx_word' id='word_1_231' title='bbox 355 2119 509 2166; x_wconf 83' lang='lat' dir='ltr'>opinor.</span> <span class='ocrx_word' id='word_1_232' title='bbox 569 2119 673 2154; x_wconf 82' lang='lat' dir='ltr'>Nam</span> <span class='ocrx_word' id='word_1_233' title='bbox 693 2119 721 2152; x_wconf 84' lang='lat' dir='ltr'>si</span> <span class='ocrx_word' id='word_1_234' title='bbox 752 2119 789 2152; x_wconf 87' lang='lat' dir='ltr'>in</span> <span class='ocrx_word' id='word_1_235' title='bbox 819 2121 993 2154; x_wconf 84' lang='lat' dir='ltr'>concione</span> <span class='ocrx_word' id='word_1_236' title='bbox 1024 2129 1159 2154; x_wconf 78' lang='lat' dir='ltr'>auctor</span> <span class='ocrx_word' id='word_1_237' title='bbox 1188 2121 1378 2167; x_wconf 64' lang='lat' dir='ltr'>posuisset,</span> <span class='ocrx_word' id='word_1_238' title='bbox 1411 2124 1470 2157; x_wconf 82' lang='lat' dir='ltr'>in-</span> 
     </span>
     <span class='ocr_line' id='line_1_33' title="bbox 111 2164 1470 2227; baseline 0.004 -17"><span class='ocrx_word' id='word_1_239' title='bbox 111 2164 231 2223; x_wconf 58' lang='lat' dir='ltr'>],epte</span> <span class='ocrx_word' id='word_1_240' title='bbox 252 2173 458 2211; x_wconf 81' lang='lat' dir='ltr'>intuliffet:</span> <span class='ocrx_word' id='word_1_241' title='bbox 489 2175 590 2227; x_wconf 66' lang='lat' dir='ltr'>Quid</span> <span class='ocrx_word' id='word_1_242' title='bbox 611 2175 750 2224; x_wconf 82' lang='lat' dir='ltr'>alioqui</span> <span class='ocrx_word' id='word_1_243' title='bbox 761 2173 847 2222; x_wconf 76' lang='lat' dir='ltr'>fiet,</span> <span class='ocrx_word' id='word_1_244' title='bbox 872 2189 950 2210; x_wconf 83' lang='lat' dir='ltr'>cum</span> <span class='ocrx_word' id='word_1_245' title='bbox 974 2176 1011 2208; x_wconf 84' lang='lat' dir='ltr'>in</span> <span class='ocrx_word' id='word_1_246' title='bbox 1034 2176 1158 2210; x_wconf 73' lang='lat' dir='ltr'>medio</span> <span class='ocrx_word' id='word_1_247' title='bbox 1171 2175 1263 2222; x_wconf 83' lang='lat' dir='ltr'>foro</span> <span class='ocrx_word' id='word_1_248' title='bbox 1287 2188 1356 2214; x_wconf 86' lang='lat' dir='ltr'>ete.</span> <span class='ocrx_word' id='word_1_249' title='bbox 1380 2191 1470 2215; x_wconf 90' lang='lat' dir='ltr'>cum</span> 
     </span>
     <span class='ocr_line' id='line_1_34' title="bbox 116 2226 1470 2279; baseline 0.003 -12"><span class='ocrx_word' id='word_1_250' title='bbox 116 2226 199 2274; x_wconf 57' lang='lat' dir='ltr'>„iffi</span> <span class='ocrx_word' id='word_1_251' title='bbox 212 2232 400 2267; x_wconf 85' lang='lat' dir='ltr'>concione</span> <span class='ocrx_word' id='word_1_252' title='bbox 439 2231 554 2279; x_wconf 84' lang='lat' dir='ltr'>longe</span> <span class='ocrx_word' id='word_1_253' title='bbox 588 2230 678 2279; x_wconf 84' lang='lat' dir='ltr'>plus</span> <span class='ocrx_word' id='word_1_254' title='bbox 701 2231 879 2278; x_wconf 79' lang='lat' dir='ltr'>strepitus</span> <span class='ocrx_word' id='word_1_255' title='bbox 904 2232 951 2267; x_wconf 84' lang='lat' dir='ltr'>sit</span> <span class='ocrx_word' id='word_1_256' title='bbox 973 2244 1087 2278; x_wconf 87' lang='lat' dir='ltr'>quam</span> <span class='ocrx_word' id='word_1_257' title='bbox 1108 2232 1151 2266; x_wconf 83' lang='lat' dir='ltr'>in</span> <span class='ocrx_word' id='word_1_258' title='bbox 1173 2232 1284 2267; x_wconf 86' lang='lat' dir='ltr'>foro:</span> <span class='ocrx_word' id='word_1_259' title='bbox 1317 2234 1360 2269; x_wconf 87' lang='lat' dir='ltr'>in</span> <span class='ocrx_word' id='word_1_260' title='bbox 1382 2235 1470 2271; x_wconf 87' lang='lat' dir='ltr'>foro</span> 
     </span>
     <span class='ocr_line' id='line_1_35' title="bbox 118 2287 1473 2334; baseline 0.004 -12"><span class='ocrx_word' id='word_1_261' title='bbox 118 2288 251 2329; x_wconf 85' lang='lat' dir='ltr'>„enim</span> <span class='ocrx_word' id='word_1_262' title='bbox 272 2289 317 2323; x_wconf 85' lang='lat' dir='ltr'>ad</span> <span class='ocrx_word' id='word_1_263' title='bbox 338 2288 487 2334; x_wconf 82' lang='lat' dir='ltr'>judices</span> <span class='ocrx_word' id='word_1_264' title='bbox 507 2288 627 2324; x_wconf 89' lang='lat' dir='ltr'>modo</span> <span class='ocrx_word' id='word_1_265' title='bbox 650 2288 700 2323; x_wconf 78' lang='lat' dir='ltr'>fit</span> <span class='ocrx_word' id='word_1_266' title='bbox 723 2287 870 2330; x_wconf 81' lang='lat' dir='ltr'>oratio,</span> <span class='ocrx_word' id='word_1_267' title='bbox 902 2288 944 2323; x_wconf 88' lang='lat' dir='ltr'>in</span> <span class='ocrx_word' id='word_1_268' title='bbox 970 2289 1160 2323; x_wconf 85' lang='lat' dir='ltr'>concione</span> <span class='ocrx_word' id='word_1_269' title='bbox 1180 2288 1227 2322; x_wconf 80' lang='lat' dir='ltr'>ad</span> <span class='ocrx_word' id='word_1_270' title='bbox 1249 2291 1473 2327; x_wconf 77' lang='lat' dir='ltr'>universum</span> 
     </span>
     <span class='ocr_line' id='line_1_36' title="bbox 118 2342 1414 2393; baseline 0.003 -15"><span class='ocrx_word' id='word_1_271' title='bbox 118 2344 383 2393; x_wconf 78' lang='lat' dir='ltr'>„populum.“</span> <span class='ocrx_word' id='word_1_272' title='bbox 596 2342 683 2392; x_wconf 80' lang='lat' dir='ltr'>sibi.</span> <span class='ocrx_word' id='word_1_273' title='bbox 719 2344 851 2380; x_wconf 82' lang='lat' dir='ltr'>Turic.</span> <span class='ocrx_word' id='word_1_274' title='bbox 883 2343 986 2381; x_wconf 86' lang='lat' dir='ltr'>Flor.</span> <span class='ocrx_word' id='word_1_275' title='bbox 1022 2344 1106 2388; x_wconf 80' lang='lat' dir='ltr'>(hic</span> <span class='ocrx_word' id='word_1_276' title='bbox 1127 2358 1147 2378; x_wconf 77' lang='lat' dir='ltr'>a</span> <span class='ocrx_word' id='word_1_277' title='bbox 1167 2357 1224 2393; x_wconf 87' lang='lat' dir='ltr'>pr.</span> <span class='ocrx_word' id='word_1_278' title='bbox 1249 2347 1321 2391; x_wconf 90' lang='lat' dir='ltr'>m.)</span> <span class='ocrx_word' id='word_1_279' title='bbox 1352 2347 1414 2384; x_wconf 81' lang='lat' dir='ltr'>ibi.</span> 
     </span>
     <span class='ocr_line' id='line_1_37' title="bbox 206 2399 1192 2450; baseline -0.002 -14"><span class='ocrx_word' id='word_1_280' title='bbox 206 2401 357 2450; x_wconf 76' lang='lat' dir='ltr'>alioqui.</span> <span class='ocrx_word' id='word_1_281' title='bbox 387 2400 521 2435; x_wconf 79' lang='lat' dir='ltr'>Turio.</span> <span class='ocrx_word' id='word_1_282' title='bbox 553 2399 655 2435; x_wconf 86' lang='lat' dir='ltr'>Flor.</span> <span class='ocrx_word' id='word_1_283' title='bbox 701 2399 784 2447; x_wconf 83' lang='lat' dir='ltr'>(hic</span> <span class='ocrx_word' id='word_1_284' title='bbox 806 2414 824 2434; x_wconf 90' lang='lat' dir='ltr'>a</span> <span class='ocrx_word' id='word_1_285' title='bbox 843 2414 901 2450; x_wconf 85' lang='lat' dir='ltr'>pr.</span> <span class='ocrx_word' id='word_1_286' title='bbox 922 2402 992 2445; x_wconf 88' lang='lat' dir='ltr'>m.)</span> <span class='ocrx_word' id='word_1_287' title='bbox 1036 2401 1192 2450; x_wconf 74' lang='lat' dir='ltr'>aliquid.</span> 
     </span>
     <span class='ocr_line' id='line_1_38' title="bbox 201 2456 1475 2506; baseline 0.002 -15"><span class='ocrx_word' id='word_1_288' title='bbox 201 2457 372 2502; x_wconf 79' lang='lat' dir='ltr'>judiciis,</span> <span class='ocrx_word' id='word_1_289' title='bbox 418 2458 566 2504; x_wconf 81' lang='lat' dir='ltr'>jurgiis.</span> <span class='ocrx_word' id='word_1_290' title='bbox 623 2456 729 2492; x_wconf 84' lang='lat' dir='ltr'>Flor.</span> <span class='ocrx_word' id='word_1_291' title='bbox 769 2457 810 2503; x_wconf 90' lang='lat' dir='ltr'>(a</span> <span class='ocrx_word' id='word_1_292' title='bbox 842 2471 902 2506; x_wconf 82' lang='lat' dir='ltr'>pr.</span> <span class='ocrx_word' id='word_1_293' title='bbox 933 2459 1005 2501; x_wconf 88' lang='lat' dir='ltr'>m.)</span> <span class='ocrx_word' id='word_1_294' title='bbox 1030 2459 1187 2501; x_wconf 73' lang='lat' dir='ltr'>judicis,</span> <span class='ocrx_word' id='word_1_295' title='bbox 1220 2460 1353 2506; x_wconf 79' lang='lat' dir='ltr'>jur-gis.</span> <span class='ocrx_word' id='word_1_296' title='bbox 1413 2463 1475 2497; x_wconf 77' lang='lat' dir='ltr'>Ex</span> 
     </span>
     <span class='ocr_line' id='line_1_39' title="bbox 118 2512 1474 2563; baseline 0.002 -13"><span class='ocrx_word' id='word_1_297' title='bbox 118 2512 220 2550; x_wconf 79' lang='lat' dir='ltr'>Alm.</span> <span class='ocrx_word' id='word_1_298' title='bbox 257 2514 415 2549; x_wconf 78' lang='lat' dir='ltr'>affertur</span> <span class='ocrx_word' id='word_1_299' title='bbox 442 2515 568 2560; x_wconf 79' lang='lat' dir='ltr'>virgis.</span> <span class='ocrx_word' id='word_1_300' title='bbox 805 2514 1037 2552; x_wconf 81' lang='lat' dir='ltr'>mandamus.</span> <span class='ocrx_word' id='word_1_301' title='bbox 1069 2513 1200 2549; x_wconf 76' lang='lat' dir='ltr'>Tui-ic.</span> <span class='ocrx_word' id='word_1_302' title='bbox 1246 2517 1286 2563; x_wconf 84' lang='lat' dir='ltr'>(a</span> <span class='ocrx_word' id='word_1_303' title='bbox 1309 2516 1377 2553; x_wconf 86' lang='lat' dir='ltr'>sec.</span> <span class='ocrx_word' id='word_1_304' title='bbox 1401 2520 1474 2562; x_wconf 84' lang='lat' dir='ltr'>m.)</span> 
     </span>
    </p>
   </div>
   <div class='ocr_carea' id='block_1_7' title="bbox 118 2615 1473 2777">
    <p class='ocr_par' dir='ltr' id='par_1_7' title="bbox 118 2615 1473 2777">
     <span class='ocr_line' id='line_1_40' title="bbox 177 2615 1473 2664; baseline 0.003 -13"><span class='ocrx_word' id='word_1_305' title='bbox 177 2626 243 2660; x_wconf 83' lang='lat'>30.</span> <span class='ocrx_word' id='word_1_306' title='bbox 292 2617 466 2651; x_wconf 74' lang='lat' dir='ltr'>continua</span> <span class='ocrx_word' id='word_1_307' title='bbox 507 2617 675 2651; x_wconf 75' lang='lat' dir='ltr'>oratione</span> <span class='ocrx_word' id='word_1_308' title='bbox 713 2633 771 2645; x_wconf 89' lang='lat'>—</span> <span class='ocrx_word' id='word_1_309' title='bbox 827 2615 885 2651; x_wconf 79' lang='lat' dir='ltr'>lae</span> <span class='ocrx_word' id='word_1_310' title='bbox 907 2615 1128 2650; x_wconf 78' lang='lat' dir='ltr'>orationum</span> <span class='ocrx_word' id='word_1_311' title='bbox 1159 2626 1195 2651; x_wconf 88' lang='lat' dir='ltr'>et</span> <span class='ocrx_word' id='word_1_312' title='bbox 1224 2617 1377 2664; x_wconf 83' lang='lat' dir='ltr'>disjecti</span> <span class='ocrx_word' id='word_1_313' title='bbox 1394 2620 1473 2655; x_wconf 86' lang='lat' dir='ltr'>sen-</span> 
     </span>
     <span class='ocr_line' id='line_1_41' title="bbox 118 2671 1170 2720; baseline -0.002 -12"><span class='ocrx_word' id='word_1_314' title='bbox 118 2673 329 2720; x_wconf 73' lang='lat' dir='ltr'>particulax.</span> <span class='ocrx_word' id='word_1_315' title='bbox 374 2672 635 2708; x_wconf 83' lang='lat' dir='ltr'>Lucubrando</span> <span class='ocrx_word' id='word_1_316' title='bbox 665 2673 771 2708; x_wconf 88' lang='lat' dir='ltr'>enim</span> <span class='ocrx_word' id='word_1_317' title='bbox 826 2673 886 2709; x_wconf 79' lang='lat' dir='ltr'>sus</span> <span class='ocrx_word' id='word_1_318' title='bbox 920 2671 1170 2720; x_wconf 83' lang='lat' dir='ltr'>effinguntur.</span> 
     </span>
     <span class='ocr_line' id='line_1_42' title="bbox 122 2729 771 2777; baseline 0.002 -13"><span class='ocrx_word' id='word_1_319' title='bbox 122 2741 159 2764; x_wconf 74' lang='lat' dir='ltr'>et</span> <span class='ocrx_word' id='word_1_320' title='bbox 178 2729 401 2765; x_wconf 74' lang='lat' dir='ltr'>meditando</span> <span class='ocrx_word' id='word_1_321' title='bbox 429 2729 584 2764; x_wconf 75' lang='lat' dir='ltr'>nonnisi</span> <span class='ocrx_word' id='word_1_322' title='bbox 602 2729 771 2777; x_wconf 77' lang='lat' dir='ltr'>particu-</span> 
     </span>
    </p>
   </div>
   <div class='ocr_carea' id='block_1_8' title="bbox 182 2785 1011 2822">
    <p class='ocr_par' dir='ltr' id='par_1_8' title="bbox 182 2785 1011 2822">
     <span class='ocr_line' id='line_1_43' title="bbox 182 2785 1011 2822; baseline -0.004 0"><span class='ocrx_word' id='word_1_323' title='bbox 182 2787 235 2822; x_wconf 89' lang='lat' dir='ltr'>To</span> <span class='ocrx_word' id='word_1_324' title='bbox 241 2799 286 2822; x_wconf 88' lang='lat' dir='ltr'>m.</span> <span class='ocrx_word' id='word_1_325' title='bbox 317 2788 334 2821; x_wconf 89' lang='grc' dir='ltr'><em>Ι</em></span> <span class='ocrx_word' id='word_1_326' title='bbox 342 2786 384 2822; x_wconf 87' lang='lat' dir='ltr'>V.</span> <span class='ocrx_word' id='word_1_327' title='bbox 977 2785 1011 2819; x_wconf 86' lang='lat' dir='ltr'>L</span> 
     </span>
    </p>
   </div>
  </div>
 </body>
</html>
