1779 3062
316 154 480 199 INST.
517 152 799 200 ORATOR.
837 157 956 202 LIB.
994 157 1103 201 ΧΠ.
1142 158 1433 206 PROOEM.
1472 170 1565 219 431

214 279 297 329 bis
342 268 462 336 ille‘,
507 294 669 342 quem
703 279 1136 342 instituebamus‚
1175 296 1381 344 orator,
1423 305 1450 334 a
1487 288 1568 336 di-

214 354 371 404 cendi
394 354 654 420 magistris
682 355 941 415 dimissus,
985 372 1074 410 aut
1098 360 1193 410 suo
1230 366 1329 422 jam
1359 365 1565 429 impetu

210 431 400 490 fertur,
437 443 529 481 aut
553 435 748 493 majora
772 432 869 481 fibi
893 439 1084 485 auxilia
1116 454 1178 485 ex
1213 438 1335 503 ipsis
1360 440 1562 505 sapien-

209 511 315 557 tiae
334 510 694 574 penetralibus
714 511 870 575 petit:
914 529 1072 575 quarn
1109 516 1168 562 in
1202 517 1364 566 altum
1397 517 1560 569 simus

207 587 382 644 ablati,
423 585 614 635 sentire
640 588 928 652 coepimus.
1009 593 1174 639 Nunc
1197 594 1387 642 coelum
1411 598 1557 644 undi-

205 682 308 729 que
331 674 381 711 et
414 665 637 728 undique
653 676 856 727 pontus.
967 668 1151 716 Unum
1183 671 1346 719 modo
1374 674 1429 719 in
1463 674 1553 720 illa
1577 687 1602 729 4

204 741 461 789 immensa
503 740 737 789 vastitate
785 758 998 790 cernere
1034 745 1288 794 videmur
1322 751 1396 796 M.
1425 750 1556 797 Tul-

202 817 364 875 lium,
405 818 502 882 qui
543 829 719 865 tamen
758 818 894 885 ipse,
928 823 1173 884 quamvis
1218 831 1356 871 tanta
1397 835 1553 889 atque

200 895 270 943 ita
294 893 547 943 instructa
571 911 707 942 nave
739 895 843 944 hoc
866 914 1010 946 mare
1034 897 1305 962 ingressus,
1347 912 1554 950 contra-

198 970 281 1020 hit
306 972 434 1029 vela,
456 971 771 1036 inhibetque
798 990 987 1031 remos,
1017 985 1068 1022 et
1096 975 1161 1023 de
1188 975 1301 1040 ipso
1329 977 1550 1028 demum

201 1064 394 1113 genere
414 1048 655 1106 dicendi,
694 1067 804 1114 quo
829 1049 893 1098 sit
913 1051 1108 1101 usurus
1141 1051 1406 1116 perfectus
1435 1073 1550 1104 ora-

144 1170 150 1174 .
199 1134 302 1185 tor,
341 1124 461 1175 satis
498 1126 656 1174 habet
694 1126 883 1176 dicere.
963 1131 1031 1178 At
1068 1128 1243 1179 nostra
1283 1134 1549 1183 temeritas

196 1302 260 1351 qui
279 1301 410 1349 procul
433 1302 565 1349 Camp.
593 1315 628 1350 q.
648 1303 727 1345 iam
746 1316 782 1349 p.
807 1301 966 1350 reliqui.
991 1315 1094 1339 ratus
1114 1306 1178 1354 qui
1198 1305 1324 1341 Guelf.
1348 1309 1441 1342 ratis
1453 1322 1546 1356 quae

196 1359 295 1396 Jens.
327 1370 415 1392 cum
446 1358 531 1393 edd.
562 1358 652 1406 post.
686 1370 771 1394 ante
807 1359 890 1393 Ald.
924 1364 1124 1406 reperietur
1155 1363 1288 1398 Turio.
1315 1363 1419 1399 flor.
1455 1378 1543 1400 cum

194 1413 300 1449 Alm.
332 1424 460 1450 orator
480 1416 563 1459 jam
586 1415 732 1449 dicendi
752 1415 878 1451 Guelf.
914 1430 946 1450 ο.
968 1418 1114 1452 dicendi
1142 1408 1245 1454 Voff.
1284 1434 1316 1454 1.
1341 1429 1376 1463 5.
1412 1433 1477 1456 aut
1507 1424 1546 1456 ἰη

188 1469 262 1519 suo
285 1473 422 1518 impetu
443 1471 575 1506 Turio.
602 1470 705 1507 Flor.
731 1481 767 1506 ec
787 1471 873 1519 ipsis
883 1471 1072 1519 sententia
1093 1474 1226 1510 Ambr.
1242 1474 1412 1522 2.su1nu5
1426 1479 1546 1514 ablati
1611 1468 1613 1472 Ι

196 1528 296 1565 Jens.
328 1529 444 1562 Tarv.
478 1539 566 1561 cum
594 1527 712 1562 Goth.
736 1527 950 1576 sententiae
981 1532 1163 1576 coepimus
1182 1531 1311 1566 Guelf.

256 1590 292 1627 4.
352 1584 463 1618 modo
496 1584 532 1616 in
564 1585 630 1618 illo
662 1583 766 1619 Flor.
828 1586 927 1619 lN‘on
966 1584 1041 1632 ipse
1080 1597 1116 1621 et
1149 1588 1203 1622 ita
1234 1588 1384 1624 omittit
1415 1590 1543 1631 Guelf,

195 1654 295 1675 mare
335 1640 403 1674 hoc
435 1653 529 1675 nave
560 1639 686 1676 Guelf.
727 1641 917 1676 contrahet
949 1642 1081 1680 Ambr.
1118 1653 1152 1677 2.
1197 1641 1247 1691 eft
1278 1645 1324 1679 de
1355 1645 1435 1695 ipso
1465 1648 1544 1682 Tu-

193 1697 263 1734 ric.
296 1697 429 1745 Camp-

250 1842 392 1878 coelum
410 1860 462 1869 —
486 1851 632 1892 pontus.
696 1843 840 1878 Rectis-

187 1899 282 1934 sime
317 1899 467 1945 judicat
503 1901 701 1941 Gesner-us,
734 1899 839 1934 nihil

189 1956 283 1991 hinc
333 1956 542 2004 scripturae
594 1956 836 2005 Virgilianae

187 2012 351 2048 Aeneid.
377 2021 412 2055 5,
443 2025 477 2060 9.
503 2014 681 2048 accedere
704 2025 835 2048 aucto-

187 2069 322 2120 ritatis,
355 2082 443 2104 cum
467 2069 734 2117 Quintilianus
756 2083 835 2104 me-

185 2126 353 2160 moriter
398 2127 567 2162 referens
613 2126 696 2161 loca
731 2137 836 2162 vete-

158 2218 161 2221 ,
192 2195 282 2217 rum
334 2183 449 2218 toties
484 2196 523 2218 ea
553 2182 835 2218 immutaverit.

193 2241 291 2273 Sunt
311 2250 438 2274 tamen
453 2241 561 2274 MSS.
584 2240 653 2286 qui
665 2252 737 2288 pro
751 2238 838 2274 vul-

194 2305 283 2342 gato
305 2297 421 2330 maria
444 2297 603 2344 undique
622 2306 658 2330 et
678 2298 839 2344 undique

195 2351 337 2386 coelum
367 2352 491 2386 nostra
522 2353 598 2400 ipsa
629 2353 839 2389 exhibeant

190 2406 234 2441 in
274 2409 385 2443 versu
432 2409 669 2456 Virgiliano.
729 2411 837 2444 Idem

191 2464 381 2500 Gesnerus
417 2465 648 2501 demonstrat
672 2465 836 2512 Ovidia-

190 2533 283 2555 num
314 2520 416 2556 illud
449 2522 559 2557 Trist.
603 2535 647 2563 1,
692 2532 735 2563 2,
770 2532 834 2558 22.

191 2577 300 2612 Nihil
344 2575 394 2624 est
425 2577 494 2626 msi
519 2587 657 2626 pontus
683 2588 719 2614 el:
750 2586 833 2620 αέν,

191 2633 256 2667 cui
297 2635 443 2670 accedit
491 2636 647 2670 Horatii
673 2636 833 2671 'dictum

190 2690 285 2725 nihil
302 2696 400 2739 astra
418 2701 564 2740 praeter
588 2692 693 2728 lf‘idic
716 2702 751 2728 et
768 2707 832 2728 un-

249 2770 354 2807 Toma
383 2772 455 2808 IV.

710 1698 773 1734 Ac.
805 1697 940 1734 Ambr.
974 1708 1009 1734 2.
1044 1701 1105 1737 cal,
1139 1701 1257 1737 Goth.
1291 1700 1381 1746 (tac.
1416 1705 1546 1751 Gesn.)

899 1843 967 1877 das
989 1843 1116 1879 Carm-
1137 1853 1174 1887 5,
1201 1855 1264 1888 27,
1287 1855 1351 1889 31.
1374 1857 1438 1891 32.
1467 1849 1546 1886 Ali·

898 1900 994 1947 quid
1018 1901 1212 1946 ejusmodi
1235 1902 1479 1941 obversatum
1497 1906 1546 1943 est

896 1966 1038 1991 nostro.

959 2019 994 2056 4.
1028 2013 1092 2047 Μ.
1121 2013 1294 2050 Tullium.
1323 2018 1367 2051 In
1390 2031 1447 2060 eo,
1472 2022 1541 2069 qui

895 2068 1040 2104 Orator
1072 2069 1278 2119 inscriptus
1316 2074 1385 2115 est,
1422 2074 1538 2113 libro.

893 2127 1033 2161 Fateor
1065 2137 1212 2166 autem,
1256 2128 1353 2163 hanc
1382 2145 1452 2179 per
1483 2144 1541 2170 tot

894 2183 1067 2218 membra
1107 2184 1370 2220 continuatam
1404 2189 1541 2226 simili·

895 2240 1069 2288 tudinem
1091 2240 1193 2274 mihi
1221 2254 1300 2276 non
1322 2243 1433 2279 valde
1460 2245 1540 2295 pla·

896 2309 1000 2331 cere:
1036 2297 1081 2331 cf.
1120 2309 1154 2340 2,
1188 2304 1223 2340 4,
1251 2307 1285 2336 7.

952 2353 1163 2402 inhibetque
1195 2368 1323 2391 remos.
1393 2357 1455 2392 De
1487 2360 1542 2392 in-

895 2409 1055 2444 hibendo
1096 2423 1174 2444 non
1210 2411 1371 2455 quidem
1410 2427 1538 2455 remos,

895 2466 956 2501 sed
979 2480 1129 2506 navem,
1160 2477 1250 2501 nota
1275 2480 1334 2503 res
1355 2470 1414 2508 est,
1443 2471 1539 2516 quid

894 2523 928 2557 [e
958 2523 1092 2557 errasse
1125 2523 1262 2561 Cicero
1287 2523 1365 2573 ipse
1395 2517 1538 2562 confes-

893 2579 953 2614 sus
976 2579 1021 2613 sit
1043 2579 1086 2613 ad
1109 2581 1185 2614 Att.
1216 2588 1275 2623 15,
1309 2592 1372 2616 21.
1398 2583 1538 2631 qui-ta-

892 2649 981 2670 men
1002 2635 1082 2671 loci
1106 2636 1151 2671 de
1176 2636 1245 2672 Or.
1276 2650 1309 2678 1,
1340 2647 1404 2681 53.
1436 2640 1538 2675 secu-

890 2705 958 2728 rus
996 2692 1084 2728 fuit.
1158 2694 1274 2730 Haud
1308 2694 1537 2746 diligentius

1072 2773 1110 2808 H
1125 2772 1152 2808 h
