1779 3062
275 181 376 240 364
593 181 669 227 M.
703 181 837 227 ΕΑΒ.
868 150 1280 243 QmN‘rILrANt

273 305 447 356 solum
465 321 532 354 ne
554 303 789 356 dicamus
815 308 991 378 omnia
1014 304 1258 364 clamose,
1296 305 1444 371 quod
1472 307 1607 361 insa.-

272 399 408 434 num
441 381 537 442 est3
589 393 681 433 aut
708 385 845 432 intra
875 383 1133 449 loquendi
1160 381 1408 443 modum,
1457 383 1606 449 quod

271 556 380 593 hisce
400 556 543 599 naevis,
574 558 668 595 vide
687 558 789 595 mihi
806 557 1047 594 insolentiam
1069 567 1105 592 et
1122 557 1413 593 inconstantiam
1435 558 1605 600 dicendi,

271 613 345 650 nbi
361 615 546 661 primum,
578 615 621 650 id
641 616 746 663 quod
768 616 888 663 tetigi,
911 615 952 649 in
974 626 1080 648 mero
1102 613 1286 648 audiendi
1307 627 1420 662 opere
1439 613 1606 661 aspectus

270 669 369 705 foris
391 671 598 713 arceffitur,
631 672 767 707 deinde
793 672 932 707 Graeca
963 671 1082 704 dictio
1106 670 1154 702 [ic
1174 669 1400 716 implicatur
1423 670 1605 711 orationi,

267 736 316 761 ut
337 725 406 761 fiat
430 739 481 766 ea,
512 721 593 763 ¹non
615 728 704 763 artis
728 726 886 775 aliquod
906 724 1152 764 vocabulum,
1184 725 1245 759 sed
1269 724 1404 765 latini,
1431 738 1509 773 quo
1530 726 1605 761 uti-

267 790 333 817 tur
374 782 500 818 noster
535 784 578 818 in
614 782 870 832 explanando,
917 781 1141 817 substantivi
1180 781 1417 829 appofiturn:
1464 794 1605 826 μονοει-

267 836 330 881 δῆς
358 836 533 886 aspectus.
586 841 671 879 Nec
698 852 860 887 usquam
892 839 932 873 in
958 837 1069 873 libris
1092 837 1314 877 ostenditur,
1345 838 1452 892 quod
1479 848 1606 873 tamen

268 894 393 942 magis
425 894 520 929 ferri
537 906 706 944 poterat:
740 921 764 935 ‚,
779 895 883 942 quod
905 894 1047 929 dicitur
1074 892 1261 937 μονοειδές.
1277 897 1301 914 “
1333 894 1455 939 Quod
1477 904 1607 928 autem

269 950 403 985 Turio.
431 950 537 985 nulla
554 962 710 986 notatur
729 952 769 985 in
789 951 864 986 hoc
885 951 1031 986 Graeco
1056 949 1282 989 differentia,
1314 949 1604 985 obscurioribus

267 1004 489 1042 litterarum
507 1007 686 1043 ductibus
706 1006 873 1055 imputo,
895 1007 965 1054 qui
983 1006 1135 1053 agnosci
1155 1018 1233 1039 non
1245 1005 1458 1053 potuerint.
1481 1006 1606 1053 Equi-

268 1062 359 1097 dem
390 1062 494 1096 mihi
524 1063 602 1110 ipse
633 1063 785 1102 irascor,
822 1062 927 1110 quod
960 1061 1064 1096 nihil
1085 1061 1163 1095 sani
1185 1061 1369 1096 extundo.
1427 1061 1607 1097 Debebat

268 1120 374 1154 enim
391 1145 400 1159 ‚
434 1119 462 1152 [i
491 1118 590 1153 forte
623 1127 749 1153 cantus
771 1117 968 1153 excidiffet
989 1117 1071 1166 post
1094 1129 1203 1156 unus,
1233 1117 1332 1152 ratio
1359 1117 1487 1165 aliqua
1509 1117 1607 1152 iniri

265 1174 472 1211 mutandae
500 1175 609 1209 vocis
636 1172 821 1221 aspectus,
854 1174 896 1209 in
924 1187 997 1221 qua
1026 1173 1172 1207 vitium
1191 1173 1275 1207 satis
1295 1166 1420 1220 aperte
1444 1174 1606 1208 demon-

265 1231 355 1266 ftrat
376 1229 521 1267 Turio„
553 1228 716 1277 aspectos
736 1229 910 1276 profecto
932 1241 1012 1264 non
1033 1228 1210 1268 daturus,
1238 1228 1311 1262 nisi
1330 1228 1479 1276 aliquid
1504 1228 1605 1264 male

265 1285 411 1322 lectum
446 1284 505 1318 ibi
526 1284 614 1319 effet
635 1298 655 1318 a
682 1283 857 1319 librario.
917 1285 1005 1319 Hoc
1034 1284 1153 1318 modo
1183 1284 1604 1331 compendifaceremus

265 1341 507 1388 melioreque
529 1339 662 1388 aliquo
682 1351 918 1375 mutaremus
941 1340 1053 1375 etiam
1073 1338 1274 1375 molestum
1294 1339 1393 1375 illud
1411 1353 1482 1381 ars,
1497 1340 1606 1389 quod

263 1398 467 1434 novitium
493 1395 725 1443 corrigentis
756 1395 910 1431 librarii
943 1407 1204 1431 commentum
1235 1396 1331 1435 effe,
1354 1395 1466 1445 plane
1499 1396 1601 1432 mihi

261 1454 523 1503 persuadetur.
554 1452 698 1487 Rursus
718 1466 828 1502 porro
849 1453 1019 1500 probum
1041 1453 1091 1488 est
1111 1463 1148 1487 et
1164 1451 1280 1487 habet
1300 1452 1449 1488 solitam
1470 1453 1598 1488 nostro

261 1510 347 1547 vim
374 1510 416 1544 in
447 1508 612 1544 transitu
638 1519 675 1542 et
698 1508 951 1556 oppositione.
986 1509 1033 1543 cf.
1060 1520 1094 1548 2,
1118 1517 1153 1550 5,
1179 1516 1214 1550 5.
1245 1517 1282 1551 5,
1307 1509 1342 1550 6,
1368 1516 1404 1553 8.
1435 1508 1600 1557 Alioqui

259 1566 579 1615 pronunciationis
612 1565 813 1599 variandae
843 1564 926 1599 sane
957 1564 1126 1600 blandiri
1145 1565 1272 1612 possit.
1329 1568 1481 1600 Praeter
1504 1564 1598 1601 haec

259 1621 425 1657 salebrae
445 1621 530 1655 sunt
547 1621 590 1655 in
617 1633 662 1655 eo
684 1621 868 1668 quoque(
885 1621 988 1668 quod
1006 1619 1106 1654 illud
1129 1634 1173 1654 ne
1191 1621 1449 1668 quis—putet:
1469 1631 1598 1656 manet

259 1675 539 1714 ἐνανταπόδοτον
552 1690 561 1716 ς
576 1689 794 1724 quanquam
804 1676 921 1711 video
934 1677 1037 1726 posse
1050 1675 1222 1723 intelligi
1233 1676 1443 1726 simplicem
1459 1676 1597 1712 dissua-

258 1734 428 1774 sionem3
452 1733 513 1768 sed
532 1733 608 1767 hoc
627 1732 656 1766 si
674 1731 856 1767 voluiffet
879 1733 965 1779 Qu„
980 1732 1172 1767 dicturum
1191 1732 1379 1768 arbitror:
1411 1734 1489 1767 Nec
1501 1735 1597 1781 quis·

260 1804 370 1839 quam
390 1808 443 1816 --
462 1797 587 1836 putet,
618 1800 697 1822 non
719 1800 762 1823 ut
782 1801 884 1823 nunc
905 1788 965 1841 est,
997 1788 1067 1823 ubi
1087 1788 1141 1823 Ac
1160 1788 1270 1834 jubet
1285 1780 1482 1837 expectare
1502 1802 1596 1837 pen-

260 1847 414 1882 dentem
438 1844 529 1880 inde
548 1844 781 1880 sententiam.
842 1844 980 1892 Neque
1002 1845 1104 1889 enim
1129 1844 1243 1879 credo
1265 1845 1379 1892 jungi
1397 1845 1446 1879 [ic
1466 1845 1594 1892 poss'e:

258 1904 356 1945 ‚‚Ac‚
371 1916 418 1937 ne
432 1920 484 1928 --
498 1902 677 1949 aspectus,
689 1914 747 1936 ars
767 1912 885 1948 porro
909 1905 1008 1935 cet.“
1034 1899 1140 1935 Alias
1164 1901 1266 1935 enim
1284 1914 1393 1947 porro
1415 1900 1457 1934 in
1475 1900 1594 1936 initio

258 1959 432 1995 sensuum
455 1955 551 2005 poni
572 1955 678 1990 [olet.
736 1957 798 1990 Sic
820 1967 984 2006 apparet,
1018 1956 1168 2003 opinor,
1194 1956 1260 1991 etli
1278 1970 1337 1991 res
1358 1967 1395 1991 et
1412 1957 1594 1992 sententia

258 2014 344 2051 satis
364 2014 614 2063 perspiciatur
634 2012 677 2046 in
696 2010 816 2052 hisce,
841 2012 1056 2048 orationem
1079 2023 1204 2046 tamen
1225 2011 1341 2060 longe
1367 2012 1436 2047 effe
1458 2026 1477 2047 a
1498 2012 1592 2047 sani-

259 2081 349 2111 tate,
373 2084 500 2119 quam,
520 2083 567 2104 ne
592 2068 825 2113 conjecturis
849 2067 1006 2116 quidem
1027 2068 1228 2106 tentandis,
1249 2068 1285 2102 ei
1306 2067 1466 2104 reddere
1488 2067 1592 2104 mihi

258 2128 475 2175 contingit,
516 2134 697 2160 contento
731 2135 926 2172 utcunque
967 2124 1039 2158 hac
1070 2122 1304 2158 difficultatis
1337 2123 1588 2171 expolitione.

261 2183 483 2223 Galbzeum,
519 2179 655 2230 gloffas
687 2181 920 2215 accusantem
948 2180 990 2214 in
1019 2178 1123 2214 hisce
1154 2177 1256 2227 quasi
1281 2198 1336 2204 ——-
1366 2177 1529 2226 aspectus
1551 2189 1591 2215 et

259 2255 333 2276 una
354 2257 410 2266 —-
430 2240 599 2276 intentio,
620 2248 920 2271 commemorare
947 2235 1017 2270 vix
1039 2234 1183 2269 attinet.
1246 2234 1373 2271 Verba
1395 2234 1487 2283 haec
1510 2233 1590 2283 ipsa

256 2297 399 2332 laboris
415 2314 471 2323 —
495 2295 559 2329 diu
581 2290 763 2341 poffumus
792 2292 908 2327 habet
932 2289 1066 2326 Floril.
1091 2292 1239 2326 Santen.
1264 2289 1367 2325 hisce
1393 2289 1482 2326 solis
1501 2303 1588 2326 mu-

255 2353 364 2389 tatis:
407 2353 584 2389 mutatio,
614 2348 726 2389 nihil,
759 2348 823 2384 vel
844 2349 907 2384 nil.
941 2347 1057 2390 [Vid.
1081 2346 1310 2388 Addenda.]

345 2446 443 2479 intra
461 2439 645 2490 loquendi.
680 2438 811 2473 Turic.
846 2439 939 2472 inter
969 2436 1215 2485 alloquentem
1236 2449 1322 2472 cum
1342 2434 1444 2472 Alm.
1468 2449 1586 2484 quan·

259 2513 376 2551 quam
396 2499 472 2535 hoc
490 2510 559 2547 per
580 2493 865 2545 compendium.
896 2492 998 2530 Flor.
1024 2494 1121 2532 intra
1142 2493 1400 2542 alloquentem.
1430 2493 1586 2528 Erroris

317 2650 378 2686 45.
410 2645 507 2680 intra
537 2639 711 2689 loquendi
731 2639 892 2673 modum.
950 2637 989 2673 di
1010 2647 1046 2672 et
1068 2636 1215 2670 dicendi
1241 2636 1445 2684 oppofitio,
1477 2633 1525 2670 cf.
1545 2639 1584 2681 4.

257 2699 305 2737 cf.
329 2702 362 2747 §.
383 2706 421 2744 8.
452 2697 573 2735 Solita
596 2707 724 2733 autem
744 2695 893 2743 loquen-
952 2703 990 2736 2,
1017 2706 1032 2727 ι
1046 2699 1108 2738 13,
1137 2691 1216 2743 qua
1234 2693 1319 2729 usus
1339 2691 1389 2728 est
1406 2689 1585 2740 Eupolis,

1760 1164 1769 1319 :tw—‘e
1760 1102 1766 1143 ap<
1764 1074 1765 1082 r
1760 1046 1766 1055 ε
