1779 3062
71 903 78 906 Δ
147 911 369 974 integro
397 907 767 956 fabricandum
811 906 889 956 sit.

419 164 583 209 INST.
625 164 903 210 ORATOR.
938 167 1056 210 Lm.
1094 168 1167 223 x,
1207 180 1251 222 5.
1313 210 1315 213 ,
1415 176 1505 222 ι5ι

153 292 425 346 materiam
457 290 576 340 stilo
622 307 783 356 quam
816 292 1133 342 velociffimo
1172 294 1396 350 volunt,
1455 303 1507 341 et

151 370 428 434 sequentes
466 369 694 417 calorem
729 379 888 431 atque
924 369 1212 434 impetum,
1280 388 1342 419 ex
1374 381 1505 418 tem-

151 464 281 514 pore
303 445 566 504 scribunt3
607 446 741 493 hanc
763 442 964 516 filsvam
996 458 1212 496 vocant:
1255 457 1504 513 repetunt

151 523 363 581 deinde,
405 534 455 570 et
483 533 842 588 componunt,
885 539 1020 586 quae
1047 521 1372 572 effuderant:
1413 523 1503 572 sed
1541 587 1547 597 ,

149 602 309 650 'verba
335 599 685 648 emendantur
717 609 766 646 et
800 601 1029 656 numeri,
1064 611 1239 649 manet
1266 603 1323 649 in
1344 602 1502 650 rebus

149 689 346 726 temere
369 675 639 742 congestis,
681 692 815 740 quae
836 674 957 733 fuit,
998 677 1196 726 levitas.
1249 679 1499 727 Protinus

150 773 276 820 ergo
309 754 560 802 adhibere
593 770 771 800 curam
815 753 1009 802 rectius
1040 755 1164 813 erit,
1234 765 1390 818 atque
1437 755 1499 802 ab

147 833 305 881 initio
326 831 397 879 sic
426 849 558 896 opus
586 830 795 888 ducere,
839 841 899 879 ut
931 831 1258 889 caelandum,
1298 849 1406 880 non
1437 848 1500 879 ex

972 908 1278 973 Aliquando
1323 919 1500 956 tamen

148 983 364 1035 affectus
401 984 692 1050 sequimur,
733 986 792 1033 in
826 986 1024 1051 quibus
1059 985 1170 1034 fere
1189 988 1313 1052 plus
1342 987 1498 1044 calor,

145 1120 305 1169 posterr.
339 1130 425 1155 ante
443 1119 554 1154 Basil.
587 1121 686 1154 Sunt
713 1118 806 1154 haec
838 1120 1045 1155 tentamina
1076 1120 1306 1156 emendandi
1338 1119 1502 1155 monstri

146 1176 256 1212 illius
287 1176 420 1212 Turio.
449 1177 490 1210 in
521 1188 599 1224 quo
631 1186 757 1211 tamen
784 1175 887 1210 nihil
917 1176 1010 1211 latet
1040 1178 1112 1212 nisi
1134 1178 1257 1212 nostra
1276 1178 1364 1226 ipsa,
1397 1188 1500 1212 ante-

538 1233 761 1279 insequente
793 1233 930 1267 ‹leem-r.
1181 1235 1321 1270 volunt.
1365 1235 1498 1270 Turic-

147 1290 292 1328 vclunt,
324 1302 342 1322 a
366 1289 502 1322 seam·
533 1289 643 1324 velut.
706 1291 763 1323 An
794 1289 872 1323 suit
905 1289 1052 1323 velint?
1091 1290 1136 1324 cf.
1169 1294 1202 1337 ᾗ.
1233 1304 1290 1325 11.
1341 1291 1500 1337 frigere

147 1346 308 1380 videtui·
340 1344 441 1379 illud
472 1346 612 1379 volunt.
662 1345 787 1378 Unam
818 1345 904 1380 vidi
934 1346 1045 1380 Leid.
1075 1346 1140 1380 hic
1171 1348 1353 1394 protinus
1385 1347 1502 1393 subji-

150 1401 315 1436 cientem
357 1401 450 1436 hanc
472 1399 560 1449 silv.
589 1414 666 1435 voe.
706 1401 928 1449 parentheti
958 1401 1070 1442 loco;
1122 1402 1297 1438 ordinem
1330 1403 1503 1438 Gibfono

149 1233 306 1268 cedente
338 1234 467 1267 vitium
479 1257 488 1270 ‚

146 1458 288 1492 merito
326 1457 604 1505 improbatum.

146 1524 306 1554 manent,
335 1524 372 1548 et
393 1514 444 1548 sic
467 1515 585 1549 Goth.
609 1514 706 1552 Jcns.
730 1515 817 1557 (tac.
843 1515 970 1556 Gesn.)
999 1515 1131 1562 Camp.
1155 1528 1244 1549 cum
1265 1517 1370 1553 Voss.
1394 1525 1430 1550 2.
1467 1528 1504 1552 et

146 1570 231 1609 edd.
264 1581 348 1605 ante
369 1570 480 1605 Baffl.
703 1568 893 1617 congestis.
925 1571 1058 1605 Turic.
1089 1569 1276 1618 concqstis,
1309 1586 1327 1605 a
1350 1574 1417 1607 sec.
1443 1588 1494 1608 m.

143 1629 336 1667 contextis,
371 1628 478 1661 etsie
501 1625 605 1660 Flor.
633 1626 713 1668 (sed
736 1640 753 1659 a
780 1640 836 1674 pr.
859 1639 911 1662 m.
946 1623 1144 1674 contestis).
1175 1628 1312 1668 ossio,
1345 1639 1381 1672 7,
1419 1630 1482 1665 16.

224 1682 319 1731 fuit.
353 1683 470 1718 Goth.
497 1681 603 1729 fudit
634 1695 721 1717 cum
745 1684 849 1720 Voff.
874 1693 910 1719 2.
941 1683 1038 1721 Jens.
1064 1694 1100 1719 et
1122 1684 1206 1719 edd.
1229 1685 1389 1734 posterr-
1411 1697 1497 1722 ante

143 1739 254 1776 Basil.
285 1739 414 1775 Placet
434 1741 613 1780 Gesnero,
648 1739 860 1775 immerito.

234 1803 295 1840 ig.
329 1797 510 1831 Protinus.
543 1794 669 1830 Guelf.
704 1797 874 1844 Propter.
1106 1798 1332 1833 caelandum.
1361 1799 1495 1847 Camp.

147 1853 338 1888 edendum.
363 1851 463 1888 Alm.
494 1852 692 1886 celendum.
918 1851 1114 1901 sequimur.
1151 1855 1213 1888 Sic
1235 1855 1368 1888 Turic-
1390 1854 1494 1891 Flor.

148 1910 282 1957 camp.
305 1909 402 1946 Jens.
426 1911 512 1952 (tac.
533 1908 664 1952 Gesn.)
696 1921 783 1943 cum
807 1909 911 1947 Voff.
936 1919 971 1945 2.
1000 1910 1139 1955 (Goth.
1159 1923 1239 1945 non
1259 1911 1496 1953 notavimus,

211 2031 273 2063 17.
305 2022 443 2057 volunt.
476 2020 522 2055 cf.
544 2031 626 2056 not.
651 2021 735 2056 erit.

195 2077 335 2127 ‚silvam
364 2085 510 2113 vocant.
565 2081 611 2112 In
632 2077 704 2112 hae
723 2090 794 2113 vo·

147 2135 276 2172 cabuli
314 2134 497 2184 potestate
537 2133 793 2169 conferendus

146 2193 316 2228 maxime
340 2191 502 2231 Cice1·0‚
537 2191 605 2238 qui
624 2191 728 2238 saepe
752 2204 793 2226 ea

147 2250 284 2285 utitur.
334 2247 405 2282 Sed
427 2246 511 2282 loca
536 2248 794 2282 demonstran·

147 2317 210 2341 tur
235 2306 275 2340 in
289 2303 457 2342 Lexicis,
492 2304 620 2339 ubiffet
645 2303 794 2352 reliqua

133 2362 194 2396 ‘de
214 2362 285 2396 hac
306 2373 404 2395 voce
424 2360 650 2407 quaerenda.

207 2481 271 2517 18.
303 2486 395 2521 opus
426 2473 563 2508 ducere.
615 2472 662 2507 cf.
695 2472 796 2507 dicta

150 2530 196 2565 ad
223 2542 258 2568 2,
283 2540 344 2573 17,
369 2539 405 2572 3.
439 2540 476 2564 et
496 2530 627 2565 Burm.
652 2529 696 2563 ad
710 2529 795 2566 Val-

149 2586 270 2622 Flacc.
299 2600 333 2626 1,
367 2591 458 2632 429.

208 2643 422 2689 Aliquando
446 2641 711 2691 ——sequimum
751 2644 797 2676 In

850 2021 984 2059 futuro
1009 2036 1106 2072 opus
1128 2025 1174 2059 sit
1198 2025 1240 2059 in
1261 2024 1404 2065 verbo;
1437 2026 1499 2061 sed

852 2092 930 2127 quo
969 2080 1165 2116 interdum
1204 2082 1342 2128 spectet
1379 2083 1499 2118 cousi-

851 2135 950 2170 lium
982 2139 1127 2174 orantis
1160 2138 1395 2178 ostenditur,
1430 2141 1496 2175 cui

850 2193 934 2227 sane
955 2192 1060 2227 illam
1076 2220 1085 2233 ,
1115 2195 1224 2240 cujus
1244 2204 1328 2228 ante
1348 2197 1497 2232 mentio

851 2249 948 2289 fuit,
979 2249 1228 2286 velocitatem
1256 2252 1379 2298 magis
1409 2265 1499 2288 con-

855 2305 1017 2347 ducere,
1068 2321 1182 2355 quam
1225 2307 1499 2343 consideratam

853 2362 972 2397 nimis
995 2363 1250 2411 diligentiam.
1299 2366 1355 2399 Ita
1377 2366 1498 2401 modo

853 2422 887 2466 ᾖ.
910 2425 970 2462 15.
1001 2433 1096 2467 quae
1119 2420 1163 2454 sit
1182 2432 1368 2467 perpetua
1390 2433 1499 2457 natu-

851 2489 915 2510 rae
948 2476 1045 2511 ratio
1087 2475 1364 2519 definiebatur,
1396 2493 1501 2528 prae:-

845 2530 989 2580 scribit,
1018 2545 1096 2566 non
1118 2532 1225 2580 quid,
1257 2544 1361 2569 certo
1395 2535 1501 2584 cogi-

856 2588 963 2623 tandi
995 2589 1114 2623 modo
1146 2588 1348 2638 usurpato,
1386 2589 1499 2627 evenL

856 2655 988 2679 turum
1010 2645 1066 2680 sit.
1088 2646 1292 2694 Sequimur,
1313 2648 1500 2698 interpre-

151 2700 258 2736 hisce
277 2711 357 2734 non
382 2698 432 2733 est
451 2711 723 2749 praeceptum,
755 2710 801 2736 ut
857 2710 936 2736 tare
949 2699 1143 2749 sectamur,
1176 2705 1391 2750 quaerimus.

884 1467 1015 1492 manet.
1067 1459 1199 1493 Tui-ic.
1241 1463 1289 1504 (a
1320 1461 1386 1495 sec.
1420 1464 1501 1505 m.)
1556 1464 1558 1466 ’
