1779 3062
1107 25 1114 46 Ι

387 189 550 237 INST.
591 188 872 234 ORATOR.
917 188 1038 234 LIB.
1074 189 1173 245 XI,
1218 203 1258 235 1.
1399 201 1497 246 273

144 323 296 383 cujus
326 327 504 383 egerat
537 312 758 364 causam.
832 317 1036 363 Verum
1061 312 1203 364 illud
1224 315 1502 382 elegantis-
1546 338 1548 341 >

142 396 292 456 fime,
340 412 465 445 cum
494 409 711 451 eorum,
753 409 782 439 a
813 392 1013 457 quibus
1038 392 1104 441 ad
1129 391 1180 440 se
1207 395 1500 460 perductus

143 507 254 557 quod
283 507 317 543 is
349 508 420 556 qui
448 501 530 554 agit
561 518 643 541 eam
665 503 815 552 fatetur
845 503 905 547 (in
926 516 1003 550 quo
1025 514 1062 538 et
1090 504 1172 551 ipso
1202 506 1309 541 nulla
1334 503 1502 553 fatendi,

143 566 205 601 sed
237 564 360 612 magis
389 563 587 612 gloriandi
619 561 784 605 occasio)
816 560 850 594 se
873 572 953 594 non
976 560 1021 595 de
1055 561 1154 596 fama
1180 562 1346 610 ingenii,
1373 564 1435 598 sed
1455 564 1503 599 de

142 622 224 658 fide
248 623 319 657 ess'e
340 620 537 657 solicitum
552 619 571 655 ἱ)
604 619 817 666 Gedoynus
841 616 1011 664 quidem,
1043 627 1090 653 ut*
1114 617 1238 653 solent
1258 618 1504 668 Francogalli

144 680 212 725 (cf.
244 692 307 720 10,
340 692 373 718 1,
412 672 523 726 130.)
555 677 726 725 aliquam
747 673 974 710 sententiam
1000 670 1165 714 extudit,
1189 675 1235 709 de
1258 675 1349 723 ipsis
1369 677 1502 713 verbis

143 750 282 786 parum
309 734 504 771 solicitus:
538 734 682 770 Testari
703 735 946 770 Ciceronem,
976 731 1114 777 justam
1144 732 1215 767 effe
1237 745 1395 767 reorum
1416 746 1502 768 cau-

146 795 235 835 sam,
265 793 312 829 ad
335 806 450 841 quam
475 791 753 828 defendendam
774 801 853 823 non
876 798 952 822 tam
981 789 1141 837 ingenio
1161 802 1276 837 quam
1303 789 1383 826 fide
1406 800 1504 838 opu's

147 851 218 886 effe
251 851 423 886 fateatur.
513 851 568 884 Ut
599 860 719 884 cetera
751 858 916 886 taceam,
975 845 1142 880 hoccine
1175 846 1255 880 dici
1287 849 1433 894 poterit
1460 848 1505 882 in

145 908 300 946 Vatinii
321 904 459 942 causa?
493 906 633 941 Omnis
664 905 758 941 haec
779 902 1104 938 commemoratio
1135 903 1331 937 causarum
1366 903 1504 938 diffici-

146 964 247 999 lium
267 964 419 1002 Vatinii
448 975 485 999 et
505 963 665 998 Gabinii
695 962 808 997 valde
849 960 981 995 brevis
1013 959 1064 994 est
1097 971 1133 995 et
1152 960 1194 994 in
1227 973 1300 1007 qua
1321 961 1391 994 vix
1410 960 1505 1006 justa

148 1034 279 1056 earum
308 1021 408 1055 ratio
441 1020 554 1055 reddi
583 1020 689 1068 poss'e
710 1019 903 1054 videatur.
964 1013 1106 1065 Neque
1139 1028 1269 1052 tamen
1292 1017 1512 1065 quidquam

146 1076 306 1126 longius
328 1077 566 1112 intercidisse
591 1077 727 1116 dicam,
758 1088 847 1111 cum
870 1085 1050 1123 appareat
1071 1073 1176 1109 illud
1203 1074 1310 1121 quod
1339 1074 1511 1122 sequitur

148 1135 195 1170 de
222 1129 454 1170 Cluentiana
491 1133 718 1182 diligentius
752 1142 955 1169 tractatum
994 1142 1031 1166 et
1061 1132 1210 1177 majore
1231 1144 1320 1165 cura
1344 1131 1511 1180 dignum

146 1192 329 1228 habitum
351 1205 369 1226 a
392 1191 534 1226 nostro.
595 1189 796 1226 Credibile
818 1189 944 1237 igitur
966 1188 1042 1223 cito
1066 1201 1154 1224 eum
1187 1188 1259 1223 effe
1282 1188 1511 1223 defunctum

148 1248 191 1283 in
212 1248 302 1288 hoc,
336 1248 444 1295 quod
477 1247 606 1283 levius
637 1247 858 1282 videbatur.
919 1245 1117 1295 Equidem
1147 1245 1242 1284 sane,
1276 1245 1382 1292 quod
1412 1258 1505 1292 pro-

147 1305 274 1343 betur,
305 1303 410 1339 nihil
438 1305 606 1352 reperio.
666 1304 769 1338 Nam
805 1312 849 1336 ut
883 1302 1108 1336 infinitivus
1144 1299 1189 1349 se
1219 1299 1290 1349 effe
1311 1300 1507 1349 solicitum

147 1361 314 1411 pendeat
350 1375 369 1395 a
399 1361 523 1396 verbo
555 1360 673 1395 finito
704 1359 813 1398 dixit,
845 1359 967 1393 nimia
998 1358 1120 1393 fuerit
1140 1358 1314 1392 struendi
1335 1358 1506 1399 audacia,

150 1431 241 1453 cum
269 1417 388 1452 dicere
424 1417 557 1465 priore
589 1417 678 1452 loco
715 1415 829 1465 plane
859 1416 906 1450 fit
946 1414 1044 1450 alius
1074 1414 1285 1463 potestatis.
1374 1415 1506 1450 Nemo

152 1475 257 1510 enim
286 1474 403 1509 ferat:
435 1475 572 1515 „Dixit
602 1487 674 1522 pro
703 1473 798 1508 Gab.
834 1482 870 1507 et
890 1473 1047 1509 Vatin.;
1080 1471 1139 1506 sed
1174 1480 1209 1505 et
1229 1471 1306 1506 hoc
1341 1473 1439 1506 dixit
1471 1473 1507 1506 se

151 1536 260 1567 ete.“
299 1531 440 1578 Neque
465 1530 638 1565 multum
660 1530 810 1576 juveris
839 1527 1066 1564 scribendo:
1097 1541 1222 1563 verum
1253 1530 1310 1563 ait
1334 1525 1434 1575 justu
1449 1526 1508 1576 sic

143 1587 224 1638 fac.
249 1587 477 1635 ‘Regianam
500 1585 609 1621 illam
634 1587 919 1621 correctionem
935 1583 1098 1632 fatendo
1119 1597 1193 1633 pro
1211 1584 1391 1631 faciendo
1413 1584 1506 1619 alie-

149 1643 341 1680 niffimam
364 1644 435 1679 effe
459 1656 576 1679 nemo
599 1656 679 1679 non
701 1643 924 1678 admonitus
947 1642 1092 1676 sentiat.
1138 1638 1244 1688 Jufia
1257 1640 1388 1688 facere
1407 1641 1506 1677 bene

150 1701 296 1737 dicitur
324 1700 370 1740 is,
405 1701 487 1749 qui,
519 1714 616 1748 quae
647 1714 737 1735 vera
771 1700 864 1737 sint,
897 1709 1075 1740 tueatur;
1109 1709 1148 1734 et
1178 1712 1223 1734 eo
1256 1698 1509 1734 referendum

150 1759 283 1793 censeo
298 1756 365 1806 sic,
396 1769 440 1793 ut
460 1759 506 1792 sit
534 1770 608 1805 pro
643 1756 888 1805 defendendis
922 1757 1019 1790 hisce
1048 1758 1130 1791 reis.
1193 1756 1267 1790 Sed
1301 1756 1398 1804 quid
1429 1756 1508 1791 huc

150 1815 265 1850 faciat
281 1815 346 1849 ista
367 1815 529 1861 ingenii,
561 1815 670 1860 cujus
700 1815 840 1849 famam
871 1813 1056 1861 negligat,
1088 1812 1250 1852 mentio,
1281 1813 1394 1861 plane
1425 1825 1508 1848 non

151 1871 341 1919 assequor.
367 1872 371 1875 ’
401 1871 542 1918 Neque
563 1871 682 1911 enim,
705 1885 752 1905 ne
771 1870 898 1905 infans
929 1880 966 1905 et
990 1869 1145 1905 dicendi
1163 1870 1373 1917 imperitus
1390 1869 1508 1905 habe-

151 1938 275 1968 retur,
306 1927 526 1963 timendum
552 1938 631 1962 erat
656 1927 839 1962 Ciceroni
857 1926 1040 1976 pristinos
1062 1926 1300 1962 adversarios
1330 1927 1418 1961 suos
1443 1925 1508 1961 de·

153 1983 340 2021 fendenti.
402 1983 509 2019 Illud
542 1983 707 2019 alterum
748 1984 833 2019 sane
867 1997 948 2019 non
980 1994 1083 2018 caret
1114 1994 1340 2023 momento,
1382 1983 1508 2018 fidem

154 2041 261 2076 cerni
282 2039 496 2088 probandis
531 2041 645 2075 etiam
676 2041 929 2076 inimicorum
965 2041 1206 2081 virtutibus,
1247 2040 1353 2088 quod
1382 2039 1509 2088 ipsum

154 2097 275 2135 modo
298 2098 525 2145 agnoscebat
544 2098 671 2132 noster
700 2099 831 2138 „decet
851 2118 906 2124 —
924 2096 1120 2147 persona“.
1172 2098 1253 2146 Ipse
1274 2098 1410 2134 Cicero
1432 2108 1507 2146 pro

154 2155 289 2190 Rabir.
329 2154 512 2190 Postumo
552 2155 682 2194 „suam
711 2156 745 2189 se
770 2154 894 2202 fidem
925 2155 971 2189 de
1002 2155 1172 2190 Gabinio
1205 2155 1363 2203 gravius
1394 2167 1508 2202 agere

154 2211 265 2261 pati“
296 2222 423 2259 negat.
484 2212 685 2259 Quidquid
721 2211 769 2246 est
791 2211 936 2247 dehoc
968 2211 1078 2252 loco,
1118 2225 1195 2247 una
1227 2223 1265 2246 et
1295 2210 1411 2246 altera
1441 2209 1509 2247 vel

156 2267 285 2303 addita
303 2268 369 2303 vel
389 2279 534 2304 mutata
555 2281 653 2303 voce
674 2268 802 2303 lucem
827 2269 863 2303 ei
880 2269 984 2317 poffe
1007 2269 1246 2317 contingere,
1260 2281 1340 2303 non
1355 2267 1507 2308 dubito,

156 2325 326 2360 maxime
347 2325 376 2359 [i
403 2325 492 2373 quis
522 2326 724 2361 sententias
754 2325 903 2374 aliquas
928 2326 1007 2360 huc
1037 2326 1221 2361 facientes
1249 2337 1295 2359 ex
1314 2325 1405 2373 ipsis
1424 2324 1508 2360 illis

158 2381 402 2417 orationibus
426 2381 620 2417 Tullianis
645 2381 824 2418 alicunde
845 2382 1079 2431 protulerim
1114 2393 1157 2418 ut
1184 2394 1287 2416 nunc
1309 2381 1371 2422 est,
1392 2379 1508 2416 intel-

156 2435 232 2485 ligi
255 2438 360 2487 poss'e
393 2450 507 2486 nego·
536 2438 641 2481 [Vid.
674 2439 890 2483 Addenda,]
938 2442 986 2475 In
1017 2439 1099 2475 illis
1126 2453 1199 2475 non
1223 2437 1268 2487 se
1297 2439 1342 2472 de
1380 2437 1509 2474 Guelf-

160 2493 311 2530 omittit
331 2494 385 2544 se.

246 2558 312 2598 74.
345 2552 450 2587 illud.
480 2548 585 2588 Flor.
616 2553 691 2588 iud.
724 2554 858 2602 Camp.
890 2549 940 2589 ἱᾶ.
1224 2551 1341 2601 adse.
1374 2550 1506 2590 Turio·

158 2606 265 2645 Flor.
293 2609 421 2644 Guelf.
457 2607 546 2657 ase.
575 2609 734 2657 Reliqui
765 2610 852 2660 ipse.
886 2611 1074 2648 Nostrum
1101 2623 1120 2645 e
1143 2610 1379 2656 conjectura.

234 2667 442 2715 perductus.
501 2666 564 2701 Sic
605 2667 738 2702 Turic.
777 2668 880 2704 Flor.
923 2666 1052 2703 Guelf.
1095 2668 1228 2716 Cainp.
1271 2680 1359 2702 cum
1391 2666 1509 2704 Goth.

217 2759 409 2807 perductus
439 2754 538 2807 effet.
610 2757 705 2794 Non
735 2767 814 2794 tam
861 2757 1092 2794 Scamander
1133 2757 1298 2794 libertus
1329 2735 1511 2798 Fabricii,

221 2827 327 2864 Tom.
358 2826 426 2864 IV.
1025 2826 1049 2860 S
