1779 3062
245 140 343 200 346
549 140 625 186 M.
673 140 807 185 FAB.
856 140 1276 203 QUINTILIANI

167 272 220 310 26
244 268 359 315 Hoc
378 261 496 312 satis
525 261 610 312 est.
663 265 884 331 Alioqui
904 265 1074 314 nitida
1094 267 1187 314 illa
1210 277 1261 314 et
1284 275 1460 314 curata
1477 281 1586 314 vox

242 339 522 391 insolitum
545 341 781 390 laborem
799 341 1070 400 recusabit,
1085 353 1145 390 ut
1161 340 1349 391 assueta
1365 359 1587 407 gymna-

241 416 331 467 siis
355 428 405 465 et
429 418 549 466 oleo
576 435 814 483 corpora,
831 420 1123 484 quamlibet
1145 417 1324 467 sintin
1344 418 1451 468 suis
1475 435 1586 467 cer-

241 494 537 543 taminibus
568 493 809 560 speciosa·
828 506 983 561 atque
1008 494 1245 552 robusta,
1284 494 1326 543 si
1355 497 1585 544 militare

241 572 359 629 iter,
395 569 694 638 fascemque
726 582 776 620 et
795 567 1007 638 'vigilias
1033 575 1275 637 imperes,
1317 570 1586 629 deficiant,

242 659 295 697 et
323 659 578 714 quaerant
606 659 851 699 unctores
885 648 1031 707 suos,
1070 649 1391 713 nudumque
1426 647 1585 697 sudo·
1633 660 1634 663 ’

166 744 221 782 27
242 742 370 775 rem.
442 727 537 774 Illa
567 726 785 790 quidem
817 728 876 775 in
895 727 999 774 hoc
1022 743 1182 794 opere
1206 725 1439 791 praecipi
1464 725 1585 788 quis

240 802 402 860 ferat,
442 803 687 853 vitandos
715 802 847 853 soles
882 813 1038 868 atque
1073 813 1294 860 ventos,
1329 813 1379 850 et
1401 801 1585 852 nubila
1644 794 1647 798 ’

241 881 401 928 etiam
437 897 493 927 ac
520 879 809 929 siccitates?
854 883 931 929 Ita
966 879 1009 927 si
1044 879 1334 929 dicendum
1363 881 1423 927 in
1457 878 1584 937 sole,

240 968 333 1006 aut
353 956 601 1015 ventoso,
639 957 886 1015 humido,
927 958 1100 1007 calido
1127 957 1213 1005 die
1238 956 1418 1014 fuerit,
1457 972 1581 1004 reos

237 1032 576 1085 deseremus?
626 1035 768 1084 Nam
790 1033 1020 1085 crudum
1043 1034 1287 1102 quidem,
1326 1043 1416 1083 aut
1445 1031 1678 1083 satu-1003

326 1189 392 1224 26.
426 1188 616 1238 recusabit.
641 1189 773 1224 Turio.
799 1187 986 1237 recusavit.
1028 1189 1154 1224 Modo
1182 1188 1308 1224 Guelf.
1335 1187 1484 1224 omittit
1502 1189 1581 1225 illa.

236 1249 339 1284 Mox
366 1247 499 1282 Turio.
532 1245 636 1280 Flor.
669 1244 756 1289 (hic
784 1259 803 1280 a
830 1258 888 1294 pr.
922 1240 997 1294 m.)
1031 1254 1067 1279 et
1090 1257 1163 1293 pro
1190 1253 1239 1285 ut,
1269 1244 1425 1294 adsueta
1443 1246 1578 1283 iidem.

235 1304 372 1341 Turio.
407 1305 497 1337 item
524 1313 597 1350 pro
626 1303 704 1336 iter.
923 1299 1150 1350 fascemque.
1185 1302 1248 1336 Sic
1276 1302 1408 1337 Turio.
1443 1302 1580 1339 Ambr.

236 1371 275 1397 2.
308 1358 435 1395 Guelf.
460 1357 637 1406 (horum
660 1368 824 1405 uterque
843 1357 943 1392 male
963 1370 1058 1392 mox
1079 1358 1265 1393 desiderat
1287 1360 1349 1407 et)
1368 1371 1457 1393 cum
1477 1359 1580 1396 Alm.

233 1416 342 1456 Voss.
370 1425 406 1459 5.
439 1414 601 1462 Reliqui
617 1413 820 1463 fascesque.
861 1413 1029 1461 Aliquot
1049 1415 1164 1450 etiam
1190 1425 1284 1450 vett.
1308 1415 1393 1451 edd.
1419 1416 1464 1451 de
1485 1407 1583 1453 in'fe-

233 1473 411 1510 liciffima
434 1471 550 1519 Regii
578 1472 799 1516 conjectura
813 1469 1001 1518 facesque.
1038 1470 1207 1512 (Similis
1238 1485 1346 1507 error
1365 1473 1492 1513 Badii,
1515 1475 1585 1522 qui

225 1528 401 1581 spaciosa
426 1530 488 1564 sua
520 1527 563 1561 in
590 1537 737 1562 textum
761 1540 916 1575 quoque
943 1527 1152 1570 affumsit.)
1200 1528 1300 1563 Mox
1318 1529 1448 1565 Turio.
1472 1529 1577 1568 Flor.

235 1587 331 1632 (hicz
362 1599 382 1619 a
411 1597 470 1633 pr.
497 1583 582 1631 m.)
609 1583 759 1630 implere
789 1596 878 1617 cum
898 1581 1000 1618 Alm.
1026 1582 1203 1629 deficient
1222 1585 1355 1620 Ambr.
1378 1596 1414 1622 2.
1447 1587 1577 1624 Guelf.

235 1637 326 1678 curii
353 1641 456 1676 Voff.
496 1653 529 1674 1.
564 1648 601 1682 5.
652 1639 868 1674 Postremus
899 1649 935 1675 et
965 1650 1158 1686 quaerent,
1199 1650 1408 1689 utrumque
1429 1642 1532 1679 Flor.
1557 1658 1579 1679 a

233 1700 302 1735 sec.
329 1711 380 1732 m.
415 1694 569 1744 deficiat
600 1697 731 1743 Camp.
758 1695 941 1743 idemque
966 1699 1131 1732 victores.
1151 1695 1254 1731 Flor.
1281 1698 1319 1743 (a
1335 1711 1393 1746 pr.
1418 1701 1492 1744 m.)
1511 1714 1579 1747 pu-

233 1756 361 1791 dorem
384 1766 471 1788 cum
491 1752 594 1789 Alm.
625 1751 693 1797 (cf.
719 1754 804 1796 22.)
825 1752 1022 1800 ludumque
1040 1752 1150 1787 Bam.
1174 1766 1255 1789 non
1277 1767 1296 1789 e
1318 1754 1541 1804 sphalmate.

316 1865 381 1900 27.
416 1854 553 1890 calido.
592 1854 654 1889 Sic
682 1852 785 1889 Flor.
817 1853 952 1889 Ambr.
978 1865 1013 1889 2.
1049 1854 1175 1890 Guelf.
1206 1869 1294 1891 cum
1328 1857 1445 1893 Goth.
1470 1859 1576 1897 Voss'.

235 1925 273 1951 2.
301 1923 336 1956 3.
371 1912 469 1951 Jens.
501 1923 538 1945 et
557 1911 641 1946 edd.
664 1909 825 1959 'postem
851 1921 936 1945 ante
961 1910 1050 1948 Ald.
1067 1924 1142 1947 acc.
1169 1914 1260 1947 Bad.
1277 1914 1416 1960 gallico
1441 1916 1575 1953 Turio.

231 1984 322 2008 cum
345 1968 447 2004 Alm.
473 1967 538 2011 (cf.
565 1967 848 2015 25.).gelidove
882 1968 1012 2014 Camp.
1061 1968 1219 2016 Reliqui
1253 1960 1431 2007 cal'idove'.
1457 1972 1574 2009 Goth.

231 2032 331 2070 (tac.
367 2026 505 2066 Gesn.)
540 2022 774 2071 cli-sereremus
795 2036 883 2057 cum
903 2024 1006 2059 Voff.
1031 2035 1066 2059 2.
1096 2024 1334 2073 desereremus
1356 2027 1453 2065 Vall.
1484 2023 1573 2079 (tac.

228 2084 394 2126 Burni.)
423 2079 618 2129 diseremus
646 2080 742 2117 Jens.
774 2081 872 2123 (tac.
899 2078 1038 2127 Gesn.)
1069 2079 1272 2128 deseramus
1293 2083 1407 2118 Tarv.
1432 2083 1578 2133 differe·

229 2154 309 2176 mus
335 2139 436 2176 Voss'.
469 2151 501 2171 1.
529 2146 565 2180 5.
618 2137 717 2170 Mox
743 2136 889 2183 quidem
919 2137 1066 2171 crudum
1086 2137 1217 2171 Turic.
1243 2136 1346 2173 Flor.
1373 2141 1507 2176 Ambr.
1536 2150 1573 2178 2.

232 2199 366 2244 Camp.
399 2193 515 2230 Goth.
539 2193 637 2230 Jens.
660 2194 747 2237 (tac.
774 2192 906 2235 Gesn.)
931 2193 1046 2227 Tarv.
1099 2193 1320 2228 Necessario
1342 2197 1577 2244 transposuit

230 2254 393 2301 Regius.
429 2251 475 2286 cf.
504 2256 540 2294 4,
565 2259 602 2290 2,
631 2254 720 2291 128.
749 2247 873 2282 Guelf.
899 2249 1047 2296 quidam
1069 2250 1220 2284 crudum
1240 2260 1277 2285 et
1297 2264 1392 2288 mox
1416 2253 1573 2302 quidem.

231 2310 365 2345 Turio.
390 2307 494 2343 Flor.
521 2306 603 2353 (hic
623 2318 642 2340 a
662 2317 720 2354 pr.
744 2306 816 2348 m.)
839 2313 976 2341 evecto.

291 2444 356 2481 26.
425 2441 649 2492 fascemque.
729 2439 872 2489 Virgil.
928 2441 1134 2477 Marianos
1144 2441 1236 2478 vide
1253 2441 1296 2477 in
1307 2443 1463 2480 Lexicis
1475 2456 1573 2479 voce

233 2502 375 2549 Georg.
388 2509 425 2543 5,
442 2499 504 2543 46.
521 2506 585 2543 [47.
614 2499 807 2534 Romanus
819 2515 874 2522 —
929 2499 1058 2533 mulus.

229 2555 369 2604 Itzjusto
386 2555 456 2605 sub
473 2555 579 2604 fasce
604 2556 728 2590 viam·
741 2556 871 2600 carpit.
983 2555 1190 2605 nudumque
1209 2554 1394 2604 sudorem.
1435 2555 1570 2604 Oppo-

231 2613 410 2658 Quornm
424 2611 488 2646 hic
503 2611 645 2647 Pseudo
658 2630 711 2636 —-
723 2610 872 2644 Turne·
927 2610 1036 2645 nitur
1054 2611 1099 2652 ei,
1125 2613 1193 2659 qui
1210 2613 1253 2647 in
1269 2612 1367 2648 veste
1376 2611 1570 2661 perferen-

229 2667 302 2704 bus
335 2668 577 2705 mentionem
612 2666 702 2703 facit
713 2693 723 2707 ‚
757 2668 872 2702 mutos
928 2665 999 2703 dus
1022 2667 1081 2710 est,
1108 2667 1147 2713 §.-
1163 2677 1229 2712 25.
