1779 3062
230 174 324 219 170
548 158 622 204 M.
661 159 796 204 ΕΑΒ.
834 161 1249 221 QUINTILIANI

224 287 373 336 libris
401 283 530 333 dicit
566 281 821 334 factitaffe.
900 286 961 334 Id
981 288 1167 337 Cicero
1205 287 1296 337 sua
1319 289 1427 355 ipse
1447 306 1565 355 per-

224 362 347 412 sona
395 360 802 425 frequentissime
861 365 1139 428 praecipit:
1218 366 1347 429 quin
1409 368 1566 415 etiam

222 440 386 487 libros
408 438 638 486 Platonis
678 448 832 504 atque
853 441 1223 504 Xenophontis
1258 441 1425 490 edidit
1458 445 1563 492 hoc

221 531 412 580 genere
439 515 725 566 translatos.
800 514 861 563 Id
887 514 1123 564 Messalae
1162 517 1388 581 placuit:
1425 519 1564 567 :rnul-

223 602 408 656 taeque
440 589 562 639 sunt
596 591 658 639 ab
696 608 760 640 eo
800 590 1016 656 scriptae
1049 591 1114 640 ad
1155 593 1301 641 hunc
1336 593 1564 642 modum

223 669 520 717 orationes:
565 667 695 716 adeo
731 678 790 716 ut
823 668 978 716 etiam
1012 685 1133 716 cum
1162 669 1255 716 illa
1275 669 1564 734 Hyperidis

222 761 320 811 pro
365 744 578 808 Phryne
623 743 929 792 difficillima
973 746 1227 794 Romanis
1279 744 1563 794 subtilitate

173 838 198 873 5
223 820 574 872 contenderet.
670 823 734 869 Et
770 819 1040 869 manifesta
1073 821 1144 869 est
1177 822 1562 871 exercitationis

216 899 436 958 hujusce
478 899 625 945 ratio.
708 898 848 944 Nam
887 907 938 944 et
968 914 1149 947 rerum
1197 900 1350 964 copia
1380 899 1564 947 Graeci

217 985 453 1024 auctores
480 972 774 1030 abundant,
816 984 866 1021 et
887 974 1186 1038 plurimum
1224 977 1346 1024 artis
1371 977 1429 1023 in
1453 976 1565 1024 elo-

215 1051 487 1116 quentiam
515 1050 838 1097 intulerunt:
902 1060 954 1097 et
985 1051 1083 1100 lios
1111 1042 1561 1109 trAnsferentibus,

213 1128 392 1177 verbis
460 1127 542 1175 uti
603 1127 819 1191 optimis
881 1126 1027 1174 licet:
1105 1129 1354 1178 omnibus
1417 1130 1560 1177 enim

215 1281 425 1315 maximum.
585 1278 629 1312 Id
656 1279 795 1313 Cicero.
828 1278 961 1325 Camp.
994 1279 1148 1315 Idcirco.
1294 1280 1338 1314 Id
1358 1278 1558 1328 Meffalae.

213 1336 347 1372 Turio.
385 1337 421 1369 in
454 1335 518 1369 M.
552 1334 648 1369 Obr.
680 1334 782 1368 Idem
806 1334 868 1367 M·
902 1335 999 1372 Jens.
1033 1336 1171 1371 Marco
1204 1337 1228 1369 i.
1251 1337 1314 1371 M.
1347 1349 1435 1371 cum
1473 1336 1559 1373 edd.

212 1403 298 1427 ante
328 1391 541 1426 Basilsexc.
576 1391 708 1437 Camp.
741 1390 784 1423 Id
814 1388 918 1425 flor.
948 1392 985 1434 (a
1004 1404 1060 1439 pr.
1083 1393 1157 1438 m.)
1181 1392 1340 1427 omittit.

296 1449 476 1484 Romanis
505 1465 560 1473 ·—-
588 1446 837 1481 contenderet.
888 1447 1022 1482 Turio.
1065 1461 1237 1483 romanus
1284 1446 1323 1495 (a
1352 1462 1409 1497 pr.
1443 1461 1562 1484 manu.

211 1507 384 1547 romana)
414 1522 468 1530 -—
488 1503 715 1537 contendere.

296 1570 333 1605 5.
376 1561 531 1604 hujusce.
583 1558 715 1593 Turie.
757 1561 796 1603 (a
827 1558 894 1594 sec.
925 1560 996 1603 m.)
1036 1559 1143 1604 hujus
1176 1559 1272 1610 effet.
1315 1561 1419 1599 Voff.
1455 1545 1561 1605 1.⁹5.

269 1684 440 1720 Platonis
453 1700 501 1709 -
517 1681 729 1716 translatos.
776 1679 858 1715 Pla-

209 1741 313 1778 tonis
366 1740 525 1787 quidem
567 1738 772 1772 Timaeum
821 1746 859 1771 et

207 1801 460 1843 Protagoram
481 1820 491 1834 ,
582 1792 857 1841 Xenophontis

207 1865 334 1889 antem
361 1850 682 1887 Oeconomicum.
721 1848 857 1882 Ruhn-

206 1909 346 1945 kenius
377 1909 418 1942 in
444 1906 681 1956 praefatione
702 1903 854 1939 Rutilio

205 1968 321 2014 Lupo
358 1963 558 2013 praemiffa
591 1976 628 2010 p.
664 1968 724 2005 ¹8·
752 1960 855 1995 laeu-

205 2035 294 2057 nam
351 2020 479 2068 arguit
534 2019 577 2052 in
625 2017 702 2051 hoc
752 2016 852 2056 loco,

207 2089 429 2126 quanquam
485 2073 635 2110 nemini
683 2072 854 2107 animad-

206 2135 365 2174 versam,
379 2133 469 2181 quia
486 2145 566 2166 non
582 2130 756 2178 potuerit
773 2141 854 2163 non

205 2191 279 2225 effe
320 2200 472 2224 memor
502 2189 574 2234 Qu.
609 2185 803 2220 versatum
835 2198 855 2219 a

205 2246 392 2282 Cicerone
436 2244 656 2280 orationum
701 2240 855 2276 Aeschi-

203 2303 264 2338 nis
295 2312 331 2337 et
359 2299 634 2336 Demosthenis
675 2297 720 2332 de
750 2296 855 2332 causa

205 2358 479 2407 Ctesiphontis,
511 2356 576 2391 cui
608 2354 718 2402 operi
748 2365 855 2401 prae·

203 2415 322 2463 posita
344 2415 389 2449 de
419 2413 569 2461 optimo
600 2423 739 2458 genere
769 2421 852 2444 ora-

205 2482 335 2506 torum
411 2467 623 2518 disputatio
700 2465 852 2513 reliqua

203 2527 299 2562 faeta
322 2527 382 2562 est.

261 2584 327 2618 illa
349 2582 553 2631 Hyperidis
566 2578 848 2628 —suhtilitata

203 2639 250 2674 cf.
291 2652 361 2678 10,
420 2653 462 2679 1,
506 2647 570 2680 77.
623 2635 692 2671 ubi
723 2634 848 2669 citatis

202 2696 432 2744 scriptorum
451 2694 548 2729 locis
569 2702 735 2742 apparet,
762 2690 847 2727 fub-

907 2592 1120 2619 ,‚conamur
1156 2581 1338 2621 reddere,

907 2646 1049 2677 „tatem
1071 2650 1130 2671 res
1152 2636 1278 2677 habet,
1301 2650 1388 2672 cum
1410 2638 1557 2686 optima

906 2693 1012 2738 „jam
1030 2703 1215 2742 occupata
1231 2693 1344 2729 [int.“
1357 2695 1558 2730 Gesnerus.

917 1682 1097 1719 tilitatem
1131 1684 1252 1731 magis
1286 1697 1401 1732 quam
1443 1683 1566 1720 robur

915 1737 1066 1774 laudari
1104 1741 1146 1775 in
1185 1741 1396 1788 Hyperide.
1458 1741 1565 1786 Quae

916 1794 981 1830 hic
1013 1807 1169 1831 notatur
1208 1796 1250 1830 in
1286 1798 1463 1832 Romano
1490 1796 1562 1830 ser-

915 1864 1032 1886 mone
1083 1851 1220 1887 talium
1258 1853 1454 1888 Veneram
1502 1851 1563 1886 in-

916 1910 1017 1956 opia,
1033 1921 1117 1943 eam
1138 1909 1248 1956 supra
1271 1922 1428 1957 quoque
1449 1907 1564 1957 signi.-

913 1963 1049 1999 ficavit
1069 1964 1194 1999 noster
1218 1977 1281 2005 10,
1318 1979 1348 2007 ι,
1381 1978 1472 2001 100.

958 2030 994 2063 3.
1010 2021 1241 2055 omnibus—
1253 2019 1396 2068 nostris.
1410 2022 1482 2062 „In
1499 2021 1559 2056 in-

911 2076 1212 2124 „terpretatione
1236 2091 1254 2112 e
1269 2078 1422 2113 Graecis
1449 2078 1559 2125 quid-

911 2133 1035 2180 „quid
1090 2133 1303 2168 verborum
1362 2133 1560 2168 bonorum

910 2188 1189 2228 „adhibeamus
1262 2189 1433 2224 nostrum
1494 2188 1558 2230 est,

911 2256 1054 2284 „nemo
1134 2245 1363 2293 occupavit,
1433 2245 1559 2280 libere

911 2300 1107 2341 ‚,utimur;
1154 2311 1191 2336 at
1221 2302 1264 2335 in
1293 2301 1412 2337 altero
1450 2313 1556 2337 exer-

913 2356 1137 2396 „citationis
1168 2370 1318 2404 genere,
1351 2370 1429 2405 quo
1460 2357 1558 2393 alio-

910 2425 1026 2452 „rum
1057 2412 1122 2447 vel
1146 2423 1348 2461 poetarum
1383 2413 1449 2448 vel
1474 2426 1558 2449 ora·

909 2478 1091 2510 ‚,t01·11m,
1151 2471 1416 2504 Romanorum
1470 2469 1557 2518 qui-

909 2524 1046 2564 ,‚dem,
1110 2526 1242 2579 'sensus
1283 2525 1369 2560 aliis
1405 2525 1556 2561 Latinis

1395 2579 1558 2617 difficul-
