1779 3062
283 159 381 221 396
600 157 676 204 M.
709 157 844 204 ΕΑΒ.
881 156 1295 218 QUINTILIANI

280 286 477 352 pinam.
557 281 775 333 Collum
805 279 1010 330 diversa
1038 280 1256 345 quidem
1279 279 1368 330 sed
1391 281 1505 349 pari
1526 279 1619 331 de-

279 360 548 411 formitate
570 369 621 407 et
645 358 973 408 contrahitur
993 368 1043 406 et
1062 357 1324 406 tenditur:
1359 357 1448 407 sed.
1469 358 1616 409 tenso

281 436 454 487 subest
477 447 529 485 et
555 436 731 493 labor,
771 444 1124 500 tenuaturque
1148 451 1257 482 vox
1278 451 1334 482 ac
1355 434 1617 500 fatigatur.

281 513 512 564 Affixum
552 512 755 578 pectori
798 523 1041 560 mentum
1080 511 1262 559 minus
1299 512 1487 559 claram
1503 549 1516 569 ,
1566 523 1712 569 et1017

203 596 259 639 83
281 589 429 657 quasi
450 591 691 638 latiorem
710 585 876 654 preffo
899 598 1111 652 gutture
1136 585 1273 635 facit.
1353 591 1618 638 Humero-

279 685 405 718 rum
419 682 536 715 raro
560 665 748 714 decens
769 665 1013 713 allevatio
1036 673 1192 727 atque
1218 665 1505 713 contractio
1528 663 1614 713 est.

278 745 557 795 Breviatur
587 743 730 790 enim
772 742 973 798 cervix,
1025 749 1076 788 et
1113 738 1316 804 gestum
1350 739 1617 804 quendam

278 821 546 871 humilem
577 829 732 884 atque
766 816 1025 874 servilem,
1062 827 1113 864 et
1138 814 1285 879 quasi
1305 815 1618 866 fraudulen-

278 908 398 947 tum
417 896 556 955 facit,
595 911 719 945 cum
740 894 791 942 se
813 896 871 942 in
892 894 1134 942 habitum
1158 892 1491 952 adulationis,
1528 893 1618 942 ad-

203 975 592 1032 34-111irationis‚
630 981 802 1020 metus
827 970 1055 1035 fingunt.
1118 969 1326 1017 Brachii
1347 969 1617 1019 moderata

274 1051 534 1119 projectio
564 1045 784 1098 remissis
813 1047 1079 1105 humeris,
1120 1056 1276 1112 atque
1309 1047 1616 1113 explicanti-

272 1205 316 1240 ἰη
335 1214 419 1239 ante
442 1204 524 1238 coll.
551 1203 684 1249 Camp.
711 1199 866 1235 trahitur
886 1199 1016 1234 Turic.
1040 1196 1144 1234 Flor.
1171 1206 1207 1233 et
1230 1197 1331 1247 tenso
1350 1198 1494 1240 iidem;
1517 1198 1614 1234 item

272 1259 413 1296 labore.
444 1258 548 1294 Flor.
573 1260 691 1292 minas
711 1257 859 1290 clarum.

363 1322 428 1359 85.
458 1328 541 1349 raro
564 1314 702 1349 decens.
731 1312 864 1347 Turio.
886 1310 1179 1347 F101·.inserunt
1202 1319 1248 1346 et.
1276 1312 1411 1360 Camp.
1431 1313 1516 1346 rdra
1528 1319 1564 1346 et
1574 1311 1612 1347 d.

273 1371 409 1410 Turio.
434 1372 554 1407 adlev.
576 1369 681 1406 Flor.
707 1370 962 1404 contractatio.
995 1368 1111 1403 Goth.
1138 1369 1399 1408 contradictio,
1423 1368 1492 1415 qui
1516 1377 1552 1402 et
1572 1381 1616 1402 ao

271 1441 347 1478 pro
365 1437 475 1478 atque
498 1430 593 1473 (tac.
607 1426 715 1462 Gesn.
729 1426 759 1470 ).
781 1425 914 1460 Turio.
936 1423 1038 1460 Flor.
1067 1424 1258 1461 breviatus.
1278 1425 1410 1473 Camp.
1433 1425 1611 1459 breviata.

271 1486 378 1523 Voss.
402 1498 434 1521 1.
466 1486 610 1529 conjux.
643 1481 769 1517 Guelf.
792 1480 1045 1529 fraudentum.
1074 1482 1208 1515 Locat.
1237 1481 1365 1516 habitu
1394 1494 1480 1516 cum
1512 1481 1612 1517 Ven-

269 1542 384 1577 Rusc.
420 1553 490 1576 nec
522 1540 685 1578 habitus,
715 1548 758 1572 ut
774 1548 884 1584 putat
902 1539 1048 1578 Burm.,
1081 1537 1143 1570 sed
1163 1536 1376 1572 ablativum
1401 1547 1437 1572 et
1457 1536 1554 1584 legit
1575 1546 1614 1571 et

268 1595 515 1645 improbavit
545 1595 699 1629 Badius.
738 1593 996 1627 admirationis
1038 1593 1226 1628 omittunt
1255 1593 1389 1628 Ambr.
1415 1604 1449 1628 2.
1482 1591 1611 1628 Guelf.

270 1665 363 1687 cum
395 1651 498 1689 Voff.
529 1666 563 1686 1.
593 1660 629 1693 5.
671 1658 779 1684 nutus
806 1648 898 1683 Bad.
930 1661 978 1683 ex
1006 1648 1093 1683 Ald.
1120 1648 1192 1683 ubi
1222 1649 1317 1684 meis
1347 1648 1468 1684 oculis
1498 1656 1612 1683 metus

270 1709 448 1756 agnosco,
478 1707 595 1755 paulo
619 1705 817 1741 obscurius
844 1715 969 1739 tamen
989 1705 1127 1740 inAld.
1151 1711 1269 1748 ¹514·
1295 1705 1610 1752 exp1·effun1‚nec

269 1763 444 1801 absimile
473 1764 567 1798 voci
598 1772 715 1798 nutus.
759 1759 863 1795 Male
894 1772 1022 1796 autern
1054 1771 1091 1797 et
1122 1761 1199 1796 hoc
1230 1771 1267 1796 et
1299 1760 1406 1796 aliud
1438 1773 1608 1810 quoque,

327 1906 394 1944 82.
428 1894 570 1945 diversa
601 1896 760 1945 quidem.
810 1895 913 1931 Cave

265 1955 367 1991 hanc
387 1952 636 2001 diversitatem
652 1951 790 1986 referri
803 1962 911 1999 putes

265 2012 315 2047 ad
355 2013 526 2046 cervicem
567 2022 661 2056 quae
702 2007 907 2055 praecedit.

262 2067 437 2106 Pertinet
455 2067 533 2101 hoc
556 2065 602 2099 ad
620 2064 781 2099 alterum
793 2064 911 2111 ipsius

264 2125 356 2160 colli
375 2124 535 2159 vitium.

318 2166 491 2228 :Affixum
544 2178 685 2226 pectori
731 2185 905 2211 mentum.

260 2236 381 2272 Nihil
418 2236 484 2270 hic
519 2233 678 2284 proprie
708 2233 753 2268 dc
784 2239 905 2267 mento

262 2292 529 2340 praecipitur,
565 2289 629 2325 sed
661 2289 770 2337 prius
804 2286 905 2323 illud

263 2348 505 2383 contrahendi
537 2346 626 2382 colli
661 2345 805 2380 vitium
840 2357 904 2378 ex-

261 2404 448 2451 ponitur,
490 2402 598 2452 quod
628 2402 694 2443 fit,
738 2414 826 2437 eum
861 2401 904 2435 in

260 2470 394 2507 pectus
409 2458 633 2508 procumbit
652 2469 775 2508 caput.
808 2458 903 2492 Inde

261 2515 315 2550 est
345 2515 452 2564 quod
482 2516 596 2551 latior
629 2529 724 2564 quae
754 2515 831 2562 jam
855 2514 903 2548 fit

259 2581 344 2605 vox
371 2571 574 2619 respondet
603 2572 639 2607 ei
668 2585 763 2620 quae
780 2569 900 2604 modo

263 2638 343 2662 erat
373 2636 533 2663 tenuata.
587 2628 712 2675 Quare
742 2626 902 2662 hebetio-

260 2694 337 2718 rem
361 2696 435 2733 pro
469 2684 661 2726 latiorem,
689 2682 786 2734 *soli
819 2681 900 2718 Ob-

969 1894 1107 1934 rechti‚
1120 1905 1164 1930 ut
1175 1894 1349 1943 suspicor,
1369 1893 1530 1942 ingenio
1544 1894 1608 1930 de-

969 1952 1089 1988 bitam
1113 1951 1338 1999 scripturam
1354 1977 1365 1991 ,
1393 1951 1505 2000 plane
1527 1964 1609 1986 non

968 2008 1107 2056 probo.
1192 2007 1337 2042 Pseudo
1362 2027 1376 2034 -
1402 2007 1609 2043 Turnebus

969 2073 1158 2100 tenuatam
1181 2075 1320 2098 vocem
1339 2065 1481 2112 repetit
1501 2063 1609 2104 inde,

968 2120 1075 2168 quod
1107 2120 1273 2155 distento
1295 2118 1398 2155 collo
1428 2118 1608 2154 tendatur

964 2176 1100 2212 arteria
1111 2186 1224 2223 atque
1245 2184 1446 2217 tenuetur3
1471 2175 1604 2223 itaque

963 2246 1044 2269 vox
1065 2233 1111 2266 sit
1138 2229 1303 2270 exilior;
1337 2241 1482 2275 contra,
1512 2243 1603 2265 cum

963 2287 1185 2324 detrahatur
1209 2286 1254 2321 de
1275 2286 1524 2335 longitudine
1544 2299 1604 2321 ar·

962 2344 1078 2382 teriae
1091 2371 1100 2384 ‚
1151 2341 1307 2380 eandem
1347 2353 1473 2378 tamen
1511 2341 1604 2378 fieri

960 2401 1138 2437 latiorem
1160 2398 1265 2435 etsie
1285 2399 1506 2447 graviorem
1529 2410 1601 2434 vo-

961 2471 1040 2494 cem
1065 2466 1275 2504 erumpere.
1336 2457 1450 2490 Recte
1470 2453 1551 2495 ille,
1571 2453 1602 2490 [i

960 2515 1055 2563 quid
1074 2513 1205 2549 video.

1017 2577 1081 2613 83.
1113 2565 1481 2617 effinse—fingunt.
1512 2564 1597 2599 Ma-

958 2625 1029 2660 lim
1057 2638 1128 2674 quo
1158 2638 1247 2672 prae
1279 2637 1378 2664 cum,
1409 2621 1493 2657 satis
1513 2618 1596 2656 leni

959 2677 1239 2718 emendatione.
1265 2679 1314 2716 cf.
1329 2690 1368 2721 2,
1394 2686 1456 2724 15,
1476 2675 1515 2712 6.
1534 2721 1539 2726 Δ
