1779 3062
405 133 570 180 INST.
610 134 893 181 ORATOR.
926 133 1050 179 LIB.
1072 133 1202 190 ΧΠ,Δ
1227 146 1245 176 1
1262 147 1304 178 1.
1444 132 1543 192 ,687

182 262 445 314 maximus
494 260 616 312 fuit.
709 260 855 330 Quid
903 277 1068 327 porro
1119 259 1193 309 est
1239 258 1546 319 honestius,

184 358 348 407 quam
387 339 580 391 docere
618 339 770 405 quod
810 341 1014 406 optime
1054 336 1218 388 scias?
1260 340 1344 388 Sic
1385 337 1453 387 ad
1491 336 1545 387 se

184 419 438 470 Coelium
480 416 776 468 deductum
820 434 848 465 a
892 427 1040 483 patre
1081 417 1271 467 Cicero
1319 413 1547 483 profite-

183 507 306 547 tur:
385 494 458 545 sic
498 493 744 553 Pansam,
795 495 1066 554 Hirtium,
1105 494 1445 545 Dolabellam
1484 495 1547 543 in

184 591 396 625 morem
428 573 790 641 praeceptoris
818 574 1054 622 exercuit
1085 572 1332 638 quotidie
1363 572 1547 622 dicens

186 652 534 718 audiensque.
629 652 705 700 Ac
752 648 932 700 nescio
983 668 1051 700 an
1093 668 1222 700 eum
1260 661 1389 700 tunc
1424 650 1547 698 bea·
1575 662 1602 700 7

182 729 434 780 tiffimum
474 728 622 779 credi
660 738 903 794 oporteat
940 727 1084 787 fore,
1157 745 1285 778 cum
1325 731 1431 790 jam
1471 724 1549 776 se-

185 820 361 860 cretus
403 818 454 857 et
494 805 851 865 consecratus,
893 806 1030 854 liber
1068 806 1304 865 invidia,
1356 805 1551 873 procul

189 885 645 942 contentionibus,
684 883 880 933 famam
919 885 978 932 in
1014 894 1132 934 tuto
1176 885 1464 940 collocarit,
1499 891 1552 930 et

187 963 378 1014 sentiet
416 964 579 1011 vivus
619 978 762 1017 eam,
826 980 960 1027 quae
1000 960 1118 1027 post
1156 960 1261 1010 fata
1301 959 1553 1027 praestari

171 1080 174 1089 2
185 1043 357 1107 magis
392 1038 541 1098 solet,
580 1040 1000 1097 venerationem,
1042 1049 1094 1088 et
1120 1038 1255 1102 quid
1284 1038 1431 1103 apud
1452 1055 1550 1104 po-

189 1118 354 1169 steros
377 1117 597 1168 futurus
619 1116 699 1176 sit,
718 1117 939 1166 videbit.
979 1115 1238 1168 Conscius
1261 1114 1375 1166 sum
1392 1116 1549 1173 mihi,
1578 1120 1604 1160 8

191 1208 457 1263 quantum
497 1194 863 1244 mediocritate
899 1196 1075 1254 valui,
1116 1210 1364 1260 quaeque
1399 1203 1550 1242 antea

189 1275 418 1346 scierim,
458 1290 702 1339 quaeque
725 1274 902 1338 operis
922 1274 1148 1335 hujusce
1172 1273 1337 1337 gratia
1358 1281 1550 1337 potue-

193 1357 296 1404 rim
327 1352 632 1418 inquirere,
675 1350 900 1400 candide
930 1369 1016 1400 me
1046 1361 1206 1416 atque
1238 1347 1550 1416 simpliciter

310 1555 348 1592 6.
380 1551 550 1603 honestus
574 1553 680 1589 Flor.
713 1566 800 1590 vero
830 1566 904 1602 pro
936 1555 1064 1590 Cicero
1088 1551 1224 1588 Turic.
1246 1551 1354 1588 Flor.
1387 1566 1418 1588 e.
1449 1551 1553 1588 Alm.

316 1613 366 1648 do
390 1611 570 1648 tabellam
590 1612 725 1647 Turio.
755 1612 954 1661 Deinceps
978 1614 1015 1646 in
1037 1623 1116 1646 om.
1136 1610 1272 1647 Turio.
1295 1609 1400 1647 Flor.
1421 1609 1553 1647 Guelf.

195 1684 228 1707 c.
251 1670 356 1708 Alm.

314 1771 352 1806 7.
396 1775 477 1796 eum
505 1758 792 1810 turhaciffimum
816 1758 921 1794 Flor.
951 1757 1081 1794 Guelf.
1106 1758 1201 1794 Exc.
1226 1760 1330 1794 sant.
1352 1758 1444 1807 fore
1474 1772 1553 1795 om.

199 1819 300 1860 Jens.
329 1819 429 1865 (non
451 1818 570 1854 Goth.
595 1830 668 1852 err.
690 1817 822 1862 Gesu.)
849 1826 887 1850 et
917 1814 1013 1863 post.
1043 1826 1131 1850 ante
1162 1813 1253 1853 Ald.
1426 1816 1559 1863 procul

201 1887 298 1913 cont.
330 1876 394 1911 Sic
417 1875 550 1911 Turio.
571 1872 677 1910 Flor.
701 1873 834 1921 Camp.
858 1884 890 1908 c.
915 1871 1021 1908 Alm.
1079 1871 1243 1920 Reliqui
1266 1887 1290 1907 a
1313 1873 1499 1908 inserunt.

333 1932 446 1981 sama
470 1932 604 1968 Turio.
628 1930 729 1969 Jens.
753 1941 790 1966 et
812 1928 907 1979 post.
932 1939 1017 1964 ante
1040 1930 1135 1965 Bad.
1193 1930 1393 1966 collocavit
1414 1943 1435 1965 e
1456 1929 1558 1969 Jens.

205 1990 384 2027 enotavit
404 1989 515 2025 Gesn.
544 1988 607 2023 sed
627 1988 670 2022 in
691 1999 781 2023 meo
805 1999 864 2022 ex.
888 1986 1046 2034 liquido
1068 1986 1215 2035 legitur
1238 2001 1266 2022 r.
1521 1995 1560 2021 et:

173 2047 390 2098 ,sententia
417 2056 453 2082 ec
478 2048 582 2083 viros
605 2045 737 2081 Turic.
768 2043 874 2080 flor.
923 2054 958 2080 et:
982 2043 1190 2094 sententiat
1210 2046 1314 2080 vivas
1337 2043 1472 2092 Camp.
1522 2053 1560 2079 et

196 2104 384 2156 sententia
405 2106 509 2141 vivus
528 2102 631 2138 Alm.
696 2112 733 2137 et
743 2100 892 2151 sentiat
915 2112 951 2137 et
975 2104 1080 2137 vivus
1102 2101 1231 2138 Guelf.
1291 2110 1328 2136 et
1350 2098 1493 2150 sentiat:
1522 2115 1559 2137 v.

196 2161 364 2212 reliqui.
424 2160 562 2197 Nostra
596 2159 645 2195 est
669 2173 689 2195 e
716 2168 816 2198 certa
839 2159 999 2196 Gesneri
1024 2158 1307 2195 emendatione.
1515 2172 1564 2194 ea.

204 2233 297 2270 quae
326 2219 431 2257 Flor.
486 2216 596 2265 facta
627 2218 761 2253 Turio.
794 2215 899 2252 Flor.
954 2215 1054 2266 solet
1086 2225 1122 2252 ec
1143 2215 1249 2252 Flor.
1274 2214 1402 2254 Guelf.
1425 2215 1558 2265 Camp-

427 2275 582 2312 videbat
610 2274 740 2311 Guelf.

323 2377 364 2416 3.
421 2380 534 2418 opere
562 2367 596 2405 h.
623 2364 749 2417 gratie
779 2366 912 2414 Camp.
971 2378 1015 2401 ac
1037 2363 1166 2416 simpl.
1199 2362 1332 2402 Guelf-

269 2540 308 2578 6.
339 2541 430 2583 ..De
467 2540 596 2577 Coelio
627 2540 675 2576 ad
702 2541 860 2578 Cicero·
915 2538 1100 2589 „scipulis
1126 2538 1202 2576 ruis
1223 2538 1269 2575 ad
1290 2538 1394 2574 Fam.
1412 2547 1450 2586 9.
1474 2538 1568 2574 16.“

209 2608 479 2648 „nemapatre
496 2598 669 2634 deducto
680 2599 763 2636 vid.
778 2599 859 2634 Cic.
919 2602 1160 2646 [quanquam
1181 2595 1286 2632 nihil
1311 2594 1373 2631 ibi
1394 2595 1441 2631 de
1473 2598 1568 2632 Pan-

209 2657 280 2700 ,‚in
304 2656 413 2693 Orat.
437 2668 510 2705 pro
533 2656 619 2693 eod.
651 2669 683 2693 c.
707 2662 746 2702 4.
798 2656 861 2691 De
919 2653 986 2704 sa]
1017 2664 1083 2696 „et
1104 2654 1183 2690 al.“
1216 2653 1371 2690 Gesner.
1432 2653 1492 2689 Cf.
1519 2653 1568 2689 de

209 2715 377 2757 „Hirtim
409 2711 544 2764 Pansa,
574 2712 774 2754 Dolabella
801 2712 861 2750 di·
916 2712 1059 2751 iisdem
1069 2711 1240 2751 nostrum
1256 2716 1296 2758 8.
1317 2719 1358 2756 5.
1374 2715 1440 2761 54,
1461 2712 1567 2748 Suet.
