<?xml version="1.0" encoding="UTF-8"?>
<!DOCTYPE html PUBLIC "-//W3C//DTD XHTML 1.0 Transitional//EN"
    "http://www.w3.org/TR/xhtml1/DTD/xhtml1-transitional.dtd">
<html xmlns="http://www.w3.org/1999/xhtml" xml:lang="en" lang="en">
 <head>
  <title>
</title>
<meta http-equiv="Content-Type" content="text/html;charset=utf-8" />
  <meta name='ocr-system' content='tesseract 3.04.00' />
  <meta name='ocr-capabilities' content='ocr_page ocr_carea ocr_par ocr_line ocrx_word'/>
</head>
<body>
  <div class='ocr_page' id='page_1' title='image "./deinstitutioneor04quinuoft_0011.png"; bbox 0 0 1789 3068; ppageno 0'>
   <div class='ocr_carea' id='block_1_1' title="bbox 695 152 1604 202">
    <p class='ocr_par' dir='ltr' id='par_1_1' title="bbox 695 152 1604 202">
     <span class='ocr_line' id='line_1_1' title="bbox 695 152 1604 202; baseline 0.001 -4"><span class='ocrx_word' id='word_1_1' title='bbox 695 152 1155 200; x_wconf 75' lang='lat' dir='ltr'><strong>PRAEFATIO.</strong></span> <span class='ocrx_word' id='word_1_2' title='bbox 1516 166 1604 202; x_wconf 78' lang='lat' dir='ltr'>vu</span> 
     </span>
    </p>
   </div>
   <div class='ocr_carea' id='block_1_2' title="bbox 204 289 1605 2758">
    <p class='ocr_par' dir='ltr' id='par_1_2' title="bbox 204 289 1605 2758">
     <span class='ocr_line' id='line_1_2' title="bbox 250 289 1603 358; baseline 0.001 -19"><span class='ocrx_word' id='word_1_3' title='bbox 250 290 428 349; x_wconf 84' lang='lat' dir='ltr'>nibus,</span> <span class='ocrx_word' id='word_1_4' title='bbox 454 289 877 339; x_wconf 80' lang='lat' dir='ltr'>Burmannianos</span> <span class='ocrx_word' id='word_1_5' title='bbox 905 291 1079 350; x_wconf 89' lang='lat' dir='ltr'>etiam,</span> <span class='ocrx_word' id='word_1_6' title='bbox 1108 292 1207 358; x_wconf 91' lang='lat' dir='ltr'>qui</span> <span class='ocrx_word' id='word_1_7' title='bbox 1239 304 1362 341; x_wconf 84' lang='lat' dir='ltr'>cum</span> <span class='ocrx_word' id='word_1_8' title='bbox 1390 304 1603 356; x_wconf 84' lang='lat' dir='ltr'>quaque</span> 
     </span>
     <span class='ocr_line' id='line_1_3' title="bbox 251 377 1605 438; baseline -0.001 -10"><span class='ocrx_word' id='word_1_9' title='bbox 251 378 648 436; x_wconf 80' lang='lat' dir='ltr'>concordarent,</span> <span class='ocrx_word' id='word_1_10' title='bbox 658 378 825 428; x_wconf 83' lang='lat' dir='ltr'>libros</span> <span class='ocrx_word' id='word_1_11' title='bbox 846 380 1135 438; x_wconf 82' lang='lat' dir='ltr'>annotavit,</span> <span class='ocrx_word' id='word_1_12' title='bbox 1152 389 1216 430; x_wconf 90' lang='lat' dir='ltr'>ut</span> <span class='ocrx_word' id='word_1_13' title='bbox 1234 377 1405 428; x_wconf 84' lang='lat' dir='ltr'>statim</span> <span class='ocrx_word' id='word_1_14' title='bbox 1423 378 1513 428; x_wconf 87' lang='lat' dir='ltr'>hic</span> <span class='ocrx_word' id='word_1_15' title='bbox 1527 379 1605 436; x_wconf 48' lang='lat' dir='ltr'>leq</span> 
     </span>
     <span class='ocr_line' id='line_1_4' title="bbox 251 465 1602 526; baseline 0 -10"><span class='ocrx_word' id='word_1_16' title='bbox 251 469 386 518; x_wconf 80' lang='lat' dir='ltr'>ctori</span> <span class='ocrx_word' id='word_1_17' title='bbox 420 465 810 526; x_wconf 76' lang='lat' dir='ltr'>consuleretur3</span> <span class='ocrx_word' id='word_1_18' title='bbox 858 467 976 517; x_wconf 88' lang='lat' dir='ltr'>illas</span> <span class='ocrx_word' id='word_1_19' title='bbox 1010 478 1187 517; x_wconf 89' lang='lat' dir='ltr'>autem</span> <span class='ocrx_word' id='word_1_20' title='bbox 1223 468 1544 518; x_wconf 82' lang='lat' dir='ltr'>variationes</span> <span class='ocrx_word' id='word_1_21' title='bbox 1572 484 1602 516; x_wconf 88' lang='lat' dir='ltr'>a</span> 
     </span>
     <span class='ocr_line' id='line_1_5' title="bbox 247 554 1602 622; baseline -0.001 -16"><span class='ocrx_word' id='word_1_22' title='bbox 247 559 554 606; x_wconf 84' lang='lat' dir='ltr'>Burmanno</span> <span class='ocrx_word' id='word_1_23' title='bbox 570 554 871 605; x_wconf 77' lang='lat' dir='ltr'>Gesnerove</span> <span class='ocrx_word' id='word_1_24' title='bbox 894 559 998 618; x_wconf 84' lang='lat' dir='ltr'>jam</span> <span class='ocrx_word' id='word_1_25' title='bbox 1010 565 1230 615; x_wconf 88' lang='lat' dir='ltr'>notatas,</span> <span class='ocrx_word' id='word_1_26' title='bbox 1243 557 1375 622; x_wconf 81' lang='lat' dir='ltr'>quib</span> <span class='ocrx_word' id='word_1_27' title='bbox 1383 573 1442 606; x_wconf 86' lang='lat' dir='ltr'>us</span> <span class='ocrx_word' id='word_1_28' title='bbox 1456 573 1602 606; x_wconf 87' lang='lat' dir='ltr'>nova</span> 
     </span>
     <span class='ocr_line' id='line_1_6' title="bbox 241 641 1600 710; baseline 0 -16"><span class='ocrx_word' id='word_1_29' title='bbox 241 647 394 694; x_wconf 85' lang='lat' dir='ltr'>nulla</span> <span class='ocrx_word' id='word_1_30' title='bbox 424 645 704 696; x_wconf 84' lang='lat' dir='ltr'><strong>auctoritas</strong></span> <span class='ocrx_word' id='word_1_31' title='bbox 735 644 1030 703; x_wconf 83' lang='lat' dir='ltr'>accederet,</span> <span class='ocrx_word' id='word_1_32' title='bbox 1065 662 1406 710; x_wconf 81' lang='lat' dir='ltr'>quarumque</span> <span class='ocrx_word' id='word_1_33' title='bbox 1439 641 1600 694; x_wconf 84' lang='lat' dir='ltr'>usum</span> 
     </span>
     <span class='ocr_line' id='line_1_7' title="bbox 241 732 1597 801; baseline 0 -19"><span class='ocrx_word' id='word_1_34' title='bbox 241 733 558 801; x_wconf 83' lang='lat' dir='ltr'>perspiceret</span> <span class='ocrx_word' id='word_1_35' title='bbox 571 736 808 794; x_wconf 88' lang='lat' dir='ltr'>nullum,</span> <span class='ocrx_word' id='word_1_36' title='bbox 820 734 880 783; x_wconf 87' lang='lat' dir='ltr'>in</span> <span class='ocrx_word' id='word_1_37' title='bbox 899 732 1047 784; x_wconf 84' lang='lat' dir='ltr'>suam</span> <span class='ocrx_word' id='word_1_38' title='bbox 1067 750 1285 800; x_wconf 89' lang='lat' dir='ltr'>quoque</span> <span class='ocrx_word' id='word_1_39' title='bbox 1298 732 1597 784; x_wconf 79' lang='lat' dir='ltr'>editionem</span> 
     </span>
     <span class='ocr_line' id='line_1_8' title="bbox 240 822 1597 889; baseline 0 -19"><span class='ocrx_word' id='word_1_40' title='bbox 240 839 525 889; x_wconf 85' lang='lat' dir='ltr'>congerere</span> <span class='ocrx_word' id='word_1_41' title='bbox 547 823 871 873; x_wconf 84' lang='lat' dir='ltr'>detrectavit.</span> <span class='ocrx_word' id='word_1_42' title='bbox 912 825 1089 889; x_wconf 89' lang='lat' dir='ltr'>Atque</span> <span class='ocrx_word' id='word_1_43' title='bbox 1116 822 1183 872; x_wconf 90' lang='lat' dir='ltr'>ad</span> <span class='ocrx_word' id='word_1_44' title='bbox 1205 822 1343 871; x_wconf 90' lang='lat' dir='ltr'>hanc</span> <span class='ocrx_word' id='word_1_45' title='bbox 1369 822 1597 887; x_wconf 88' lang='lat' dir='ltr'>plenita-</span> 
     </span>
     <span class='ocr_line' id='line_1_9' title="bbox 237 907 1595 980; baseline 0.001 -22"><span class='ocrx_word' id='word_1_46' title='bbox 237 919 361 970; x_wconf 85' lang='lat' dir='ltr'>tem,</span> <span class='ocrx_word' id='word_1_47' title='bbox 374 929 511 978; x_wconf 91' lang='lat' dir='ltr'>quae</span> <span class='ocrx_word' id='word_1_48' title='bbox 531 914 777 980; x_wconf 85' lang='lat' dir='ltr'>quamvis</span> <span class='ocrx_word' id='word_1_49' title='bbox 790 913 980 963; x_wconf 84' lang='lat' dir='ltr'>lectori</span> <span class='ocrx_word' id='word_1_50' title='bbox 1000 910 1161 962; x_wconf 86' lang='lat' dir='ltr'>docto</span> <span class='ocrx_word' id='word_1_51' title='bbox 1177 911 1472 977; x_wconf 90' lang='lat' dir='ltr'>criticoque</span> <span class='ocrx_word' id='word_1_52' title='bbox 1485 907 1595 960; x_wconf 82' lang='lat' dir='ltr'>suf-</span> 
     </span>
     <span class='ocr_line' id='line_1_10' title="bbox 235 996 1592 1061; baseline 0.001 -15"><span class='ocrx_word' id='word_1_53' title='bbox 235 996 444 1061; x_wconf 78' lang='lat' dir='ltr'>ficeret,</span> <span class='ocrx_word' id='word_1_54' title='bbox 472 1019 586 1052; x_wconf 89' lang='lat' dir='ltr'>non</span> <span class='ocrx_word' id='word_1_55' title='bbox 615 1012 792 1052; x_wconf 86' lang='lat' dir='ltr'>tamen</span> <span class='ocrx_word' id='word_1_56' title='bbox 820 1000 1020 1052; x_wconf 81' lang='lat' dir='ltr'>futuris</span> <span class='ocrx_word' id='word_1_57' title='bbox 1055 1000 1355 1050; x_wconf 70' lang='lat' dir='ltr'>editoribus</span> <span class='ocrx_word' id='word_1_58' title='bbox 1388 1008 1481 1049; x_wconf 88' lang='lat' dir='ltr'>aut</span> <span class='ocrx_word' id='word_1_59' title='bbox 1509 1015 1592 1048; x_wconf 86' lang='lat' dir='ltr'>re-</span> 
     </span>
     <span class='ocr_line' id='line_1_11' title="bbox 230 1087 1591 1157; baseline -0.001 -20"><span class='ocrx_word' id='word_1_60' title='bbox 230 1105 357 1138; x_wconf 84' lang='lat' dir='ltr'>rum</span> <span class='ocrx_word' id='word_1_61' title='bbox 380 1092 724 1157; x_wconf 88' lang='lat' dir='ltr'>antiquarum</span> <span class='ocrx_word' id='word_1_62' title='bbox 742 1090 1145 1157; x_wconf 82' lang='lat' dir='ltr'>indagatoribus</span> <span class='ocrx_word' id='word_1_63' title='bbox 1159 1087 1510 1155; x_wconf 80' lang='lat' dir='ltr'>supervacuas</span> <span class='ocrx_word' id='word_1_64' title='bbox 1524 1088 1591 1136; x_wconf 89' lang='lat' dir='ltr'>il-</span> 
     </span>
     <span class='ocr_line' id='line_1_12' title="bbox 228 1176 1589 1246; baseline 0 -21"><span class='ocrx_word' id='word_1_65' title='bbox 228 1176 303 1240; x_wconf 73' lang='lat' dir='ltr'>las</span> <span class='ocrx_word' id='word_1_66' title='bbox 328 1178 576 1229; x_wconf 89' lang='lat' dir='ltr'>redderet</span> <span class='ocrx_word' id='word_1_67' title='bbox 602 1180 884 1239; x_wconf 80' lang='lat' dir='ltr'>editiones,</span> <span class='ocrx_word' id='word_1_68' title='bbox 917 1180 1098 1246; x_wconf 87' lang='lat' dir='ltr'>priora</span> <span class='ocrx_word' id='word_1_69' title='bbox 1127 1179 1286 1227; x_wconf 89' lang='lat' dir='ltr'>etiam</span> <span class='ocrx_word' id='word_1_70' title='bbox 1307 1177 1589 1227; x_wconf 81' lang='lat' dir='ltr'>volumina</span> 
     </span>
     <span class='ocr_line' id='line_1_13' title="bbox 227 1264 1585 1333; baseline -0.001 -19"><span class='ocrx_word' id='word_1_71' title='bbox 227 1264 612 1333; x_wconf 74' lang='lat' dir='ltr'>supplementis</span> <span class='ocrx_word' id='word_1_72' title='bbox 653 1285 845 1333; x_wconf 84' lang='lat' dir='ltr'>augere</span> <span class='ocrx_word' id='word_1_73' title='bbox 892 1266 1182 1333; x_wconf 86' lang='lat' dir='ltr'>aliquando</span> <span class='ocrx_word' id='word_1_74' title='bbox 1227 1264 1585 1316; x_wconf 82' lang='lat' dir='ltr'>constituerat.</span> 
     </span>
     <span class='ocr_line' id='line_1_14' title="bbox 227 1354 1589 1421; baseline -0.002 -17"><span class='ocrx_word' id='word_1_75' title='bbox 227 1358 370 1404; x_wconf 82' lang='lat' dir='ltr'>Haec</span> <span class='ocrx_word' id='word_1_76' title='bbox 405 1356 585 1421; x_wconf 88' lang='lat' dir='ltr'>itaque</span> <span class='ocrx_word' id='word_1_77' title='bbox 622 1373 771 1405; x_wconf 89' lang='lat' dir='ltr'>nunc</span> <span class='ocrx_word' id='word_1_78' title='bbox 809 1354 963 1404; x_wconf 86' lang='lat' dir='ltr'>restat</span> <span class='ocrx_word' id='word_1_79' title='bbox 991 1355 1300 1421; x_wconf 85' lang='lat' dir='ltr'>provincia,</span> <span class='ocrx_word' id='word_1_80' title='bbox 1340 1370 1504 1418; x_wconf 84' lang='lat' dir='ltr'>quam</span> <span class='ocrx_word' id='word_1_81' title='bbox 1535 1362 1589 1401; x_wconf 87' lang='lat' dir='ltr'>et</span> 
     </span>
     <span class='ocr_line' id='line_1_15' title="bbox 225 1442 1587 1509; baseline -0.001 -18"><span class='ocrx_word' id='word_1_82' title='bbox 225 1442 394 1509; x_wconf 77' lang='lat' dir='ltr'>ipsam</span> <span class='ocrx_word' id='word_1_83' title='bbox 420 1444 559 1493; x_wconf 85' lang='lat' dir='ltr'>mihi</span> <span class='ocrx_word' id='word_1_84' title='bbox 582 1444 827 1492; x_wconf 85' lang='lat' dir='ltr'>traditam</span> <span class='ocrx_word' id='word_1_85' title='bbox 848 1460 948 1509; x_wconf 84' lang='lat' dir='ltr'>ego</span> <span class='ocrx_word' id='word_1_86' title='bbox 971 1453 1090 1492; x_wconf 88' lang='lat' dir='ltr'>tum</span> <span class='ocrx_word' id='word_1_87' title='bbox 1114 1442 1338 1509; x_wconf 89' lang='lat' dir='ltr'>quidem</span> <span class='ocrx_word' id='word_1_88' title='bbox 1368 1458 1482 1492; x_wconf 86' lang='lat' dir='ltr'>non</span> <span class='ocrx_word' id='word_1_89' title='bbox 1504 1454 1587 1490; x_wconf 83' lang='lat' dir='ltr'>re-</span> 
     </span>
     <span class='ocr_line' id='line_1_16' title="bbox 219 1530 1585 1597; baseline 0 -18"><span class='ocrx_word' id='word_1_90' title='bbox 219 1530 420 1590; x_wconf 84' lang='lat' dir='ltr'>cusavi,</span> <span class='ocrx_word' id='word_1_91' title='bbox 453 1548 598 1581; x_wconf 89' lang='lat' dir='ltr'>nunc</span> <span class='ocrx_word' id='word_1_92' title='bbox 629 1530 870 1580; x_wconf 85' lang='lat' dir='ltr'>recusare</span> <span class='ocrx_word' id='word_1_93' title='bbox 899 1531 1105 1581; x_wconf 87' lang='lat' dir='ltr'>invitus</span> <span class='ocrx_word' id='word_1_94' title='bbox 1142 1548 1328 1597; x_wconf 85' lang='lat' dir='ltr'>cogor;</span> <span class='ocrx_word' id='word_1_95' title='bbox 1379 1531 1585 1597; x_wconf 80' lang='lat' dir='ltr'>quippe</span> 
     </span>
     <span class='ocr_line' id='line_1_17' title="bbox 215 1618 1581 1687; baseline -0.001 -19"><span class='ocrx_word' id='word_1_96' title='bbox 215 1621 319 1686; x_wconf 82' lang='lat' dir='ltr'>qui</span> <span class='ocrx_word' id='word_1_97' title='bbox 343 1628 590 1687; x_wconf 80' lang='lat' dir='ltr'>expertus</span> <span class='ocrx_word' id='word_1_98' title='bbox 613 1637 760 1670; x_wconf 89' lang='lat' dir='ltr'>nunc</span> <span class='ocrx_word' id='word_1_99' title='bbox 788 1620 1112 1685; x_wconf 81' lang='lat' dir='ltr'>intelligam,</span> <span class='ocrx_word' id='word_1_100' title='bbox 1147 1629 1411 1686; x_wconf 86' lang='lat' dir='ltr'>quantum</span> <span class='ocrx_word' id='word_1_101' title='bbox 1440 1618 1581 1668; x_wconf 81' lang='lat' dir='ltr'>mihi</span> 
     </span>
     <span class='ocr_line' id='line_1_18' title="bbox 216 1706 1580 1780; baseline -0.001 -23"><span class='ocrx_word' id='word_1_102' title='bbox 216 1719 350 1759; x_wconf 71' lang='lat' dir='ltr'>natu</span> <span class='ocrx_word' id='word_1_103' title='bbox 374 1712 480 1771; x_wconf 81' lang='lat' dir='ltr'>jani</span> <span class='ocrx_word' id='word_1_104' title='bbox 502 1709 778 1775; x_wconf 88' lang='lat' dir='ltr'>grandiori</span> <span class='ocrx_word' id='word_1_105' title='bbox 803 1709 896 1758; x_wconf 90' lang='lat' dir='ltr'>ille</span> <span class='ocrx_word' id='word_1_106' title='bbox 916 1709 1069 1758; x_wconf 90' lang='lat' dir='ltr'>labor</span> <span class='ocrx_word' id='word_1_107' title='bbox 1083 1709 1339 1780; x_wconf 65' lang='lat' dir='ltr'>temporis</span> <span class='ocrx_word' id='word_1_108' title='bbox 1360 1706 1426 1757; x_wconf 79' lang='lat' dir='ltr'>sit</span> <span class='ocrx_word' id='word_1_109' title='bbox 1450 1720 1580 1757; x_wconf 88' lang='lat' dir='ltr'>con-</span> 
     </span>
     <span class='ocr_line' id='line_1_19' title="bbox 213 1797 1576 1864; baseline 0 -18"><span class='ocrx_word' id='word_1_110' title='bbox 213 1797 548 1864; x_wconf 80' lang='lat' dir='ltr'>sumpturus,</span> <span class='ocrx_word' id='word_1_111' title='bbox 571 1814 748 1863; x_wconf 91' lang='lat' dir='ltr'>neque</span> <span class='ocrx_word' id='word_1_112' title='bbox 760 1808 937 1846; x_wconf 86' lang='lat' dir='ltr'>tamen</span> <span class='ocrx_word' id='word_1_113' title='bbox 950 1799 1197 1848; x_wconf 86' lang='lat' dir='ltr'>omittere</span> <span class='ocrx_word' id='word_1_114' title='bbox 1210 1815 1326 1846; x_wconf 88' lang='lat' dir='ltr'>mea</span> <span class='ocrx_word' id='word_1_115' title='bbox 1338 1797 1576 1857; x_wconf 81' lang='lat' dir='ltr'>debeam,</span> 
     </span>
     <span class='ocr_line' id='line_1_20' title="bbox 212 1885 1575 1953; baseline 0 -16"><span class='ocrx_word' id='word_1_116' title='bbox 212 1904 354 1953; x_wconf 88' lang='lat' dir='ltr'>quae</span> <span class='ocrx_word' id='word_1_117' title='bbox 368 1888 591 1953; x_wconf 89' lang='lat' dir='ltr'>proprio</span> <span class='ocrx_word' id='word_1_118' title='bbox 613 1887 807 1937; x_wconf 88' lang='lat' dir='ltr'>ductus</span> <span class='ocrx_word' id='word_1_119' title='bbox 821 1885 1000 1937; x_wconf 83' lang='lat' dir='ltr'>studio</span> <span class='ocrx_word' id='word_1_120' title='bbox 1026 1886 1240 1936; x_wconf 90' lang='lat' dir='ltr'>dudum</span> <span class='ocrx_word' id='word_1_121' title='bbox 1255 1887 1394 1936; x_wconf 88' lang='lat' dir='ltr'>mihi</span> <span class='ocrx_word' id='word_1_122' title='bbox 1416 1888 1476 1936; x_wconf 89' lang='lat' dir='ltr'>in</span> <span class='ocrx_word' id='word_1_123' title='bbox 1489 1886 1575 1937; x_wconf 81' lang='lat' dir='ltr'>his</span> 
     </span>
     <span class='ocr_line' id='line_1_21' title="bbox 211 1970 1574 2043; baseline -0.001 -18"><span class='ocrx_word' id='word_1_124' title='bbox 211 1970 406 2026; x_wconf 80' lang='lat' dir='ltr'>litteris</span> <span class='ocrx_word' id='word_1_125' title='bbox 436 1993 537 2043; x_wconf 88' lang='lat' dir='ltr'>pro</span> <span class='ocrx_word' id='word_1_126' title='bbox 571 1976 720 2024; x_wconf 83' lang='lat' dir='ltr'>virili</span> <span class='ocrx_word' id='word_1_127' title='bbox 753 1977 1075 2028; x_wconf 87' lang='lat' dir='ltr'>elaboranda</span> <span class='ocrx_word' id='word_1_128' title='bbox 1101 1974 1376 2043; x_wconf 83' lang='lat' dir='ltr'>proposui.</span> <span class='ocrx_word' id='word_1_129' title='bbox 1454 1979 1574 2025; x_wconf 88' lang='lat' dir='ltr'>Hoc</span> 
     </span>
     <span class='ocr_line' id='line_1_22' title="bbox 209 2065 1572 2146; baseline 0 -32"><span class='ocrx_word' id='word_1_130' title='bbox 209 2065 381 2131; x_wconf 77' lang='lat' dir='ltr'>igitur</span> <span class='ocrx_word' id='word_1_131' title='bbox 412 2076 568 2133; x_wconf 87' lang='lat' dir='ltr'>opto,</span> <span class='ocrx_word' id='word_1_132' title='bbox 601 2077 665 2116; x_wconf 91' lang='lat' dir='ltr'>ut</span> <span class='ocrx_word' id='word_1_133' title='bbox 691 2083 756 2115; x_wconf 85' lang='lat' dir='ltr'>ex</span> <span class='ocrx_word' id='word_1_134' title='bbox 789 2067 1081 2146; x_wconf 71' lang='lat' dir='ltr'>juvenibus</span> <span class='ocrx_word' id='word_1_135' title='bbox 1112 2065 1343 2115; x_wconf 84' lang='lat' dir='ltr'>idoneus</span> <span class='ocrx_word' id='word_1_136' title='bbox 1377 2065 1572 2129; x_wconf 83' lang='lat' dir='ltr'>aliquis</span> 
     </span>
     <span class='ocr_line' id='line_1_23' title="bbox 208 2146 1570 2222; baseline 0 -20"><span class='ocrx_word' id='word_1_137' title='bbox 208 2153 343 2203; x_wconf 85' lang='lat' dir='ltr'>huic</span> <span class='ocrx_word' id='word_1_138' title='bbox 368 2153 610 2204; x_wconf 75' lang='lat' dir='ltr'>succedat</span> <span class='ocrx_word' id='word_1_139' title='bbox 634 2155 801 2222; x_wconf 88' lang='lat' dir='ltr'>operi,</span> <span class='ocrx_word' id='word_1_140' title='bbox 817 2146 1168 2221; x_wconf 65' lang='lat' dir='ltr'>quintumque,</span> <span class='ocrx_word' id='word_1_141' title='bbox 1183 2152 1334 2219; x_wconf 87' lang='lat' dir='ltr'>quod</span> <span class='ocrx_word' id='word_1_142' title='bbox 1347 2151 1570 2203; x_wconf 72' lang='lat' dir='ltr'>studiosi</span> 
     </span>
     <span class='ocr_line' id='line_1_24' title="bbox 208 2241 1570 2311; baseline -0.001 -20"><span class='ocrx_word' id='word_1_143' title='bbox 208 2241 389 2293; x_wconf 83' lang='lat' dir='ltr'>adhuc</span> <span class='ocrx_word' id='word_1_144' title='bbox 409 2254 699 2311; x_wconf 85' lang='lat' dir='ltr'>expectant,</span> <span class='ocrx_word' id='word_1_145' title='bbox 729 2244 988 2304; x_wconf 78' lang='lat' dir='ltr'>volumen,</span> <span class='ocrx_word' id='word_1_146' title='bbox 1020 2245 1392 2311; x_wconf 76' lang='lat' dir='ltr'>supplementa</span> <span class='ocrx_word' id='word_1_147' title='bbox 1414 2252 1467 2291; x_wconf 93' lang='lat' dir='ltr'>et</span> <span class='ocrx_word' id='word_1_148' title='bbox 1486 2242 1570 2290; x_wconf 91' lang='lat' dir='ltr'>in·</span> 
     </span>
     <span class='ocr_line' id='line_1_25' title="bbox 205 2331 1569 2405; baseline -0.002 -24"><span class='ocrx_word' id='word_1_149' title='bbox 205 2331 352 2383; x_wconf 83' lang='lat' dir='ltr'>dices</span> <span class='ocrx_word' id='word_1_150' title='bbox 367 2334 741 2400; x_wconf 86' lang='lat' dir='ltr'>complectens,</span> <span class='ocrx_word' id='word_1_151' title='bbox 756 2333 918 2400; x_wconf 87' lang='lat' dir='ltr'>digna</span> <span class='ocrx_word' id='word_1_152' title='bbox 931 2345 984 2384; x_wconf 91' lang='lat' dir='ltr'>et</span> <span class='ocrx_word' id='word_1_153' title='bbox 999 2333 1338 2405; x_wconf 79' lang='lat' dir='ltr'>Quintiliano</span> <span class='ocrx_word' id='word_1_154' title='bbox 1358 2339 1411 2380; x_wconf 90' lang='lat' dir='ltr'>et</span> <span class='ocrx_word' id='word_1_155' title='bbox 1420 2331 1569 2397; x_wconf 86' lang='lat' dir='ltr'>Spal-</span> 
     </span>
     <span class='ocr_line' id='line_1_26' title="bbox 205 2420 1567 2489; baseline 0 -19"><span class='ocrx_word' id='word_1_156' title='bbox 205 2420 396 2488; x_wconf 80' lang='lat' dir='ltr'>dingio</span> <span class='ocrx_word' id='word_1_157' title='bbox 429 2439 555 2472; x_wconf 86' lang='lat' dir='ltr'>cura</span> <span class='ocrx_word' id='word_1_158' title='bbox 585 2422 844 2489; x_wconf 86' lang='lat' dir='ltr'>perficiat.</span> <span class='ocrx_word' id='word_1_159' title='bbox 905 2421 1232 2485; x_wconf 69' lang='lat' dir='ltr'>Cuiusmodi</span> <span class='ocrx_word' id='word_1_160' title='bbox 1264 2421 1386 2471; x_wconf 84' lang='lat' dir='ltr'>viro</span> <span class='ocrx_word' id='word_1_161' title='bbox 1420 2420 1567 2489; x_wconf 84' lang='lat' dir='ltr'>apud.</span> 
     </span>
     <span class='ocr_line' id='line_1_27' title="bbox 204 2509 1565 2579; baseline 0.002 -22"><span class='ocrx_word' id='word_1_162' title='bbox 204 2525 293 2557; x_wconf 87' lang='lat' dir='ltr'>me</span> <span class='ocrx_word' id='word_1_163' title='bbox 306 2509 512 2577; x_wconf 86' lang='lat' dir='ltr'>praesto</span> <span class='ocrx_word' id='word_1_164' title='bbox 524 2510 646 2561; x_wconf 83' lang='lat' dir='ltr'>sunt</span> <span class='ocrx_word' id='word_1_165' title='bbox 668 2529 732 2561; x_wconf 84' lang='lat' dir='ltr'>ex</span> <span class='ocrx_word' id='word_1_166' title='bbox 745 2524 1000 2579; x_wconf 88' lang='lat' dir='ltr'>apparatu</span> <span class='ocrx_word' id='word_1_167' title='bbox 1014 2515 1044 2562; x_wconf 89' lang='lat' dir='ltr'>S</span> <span class='ocrx_word' id='word_1_168' title='bbox 1051 2510 1313 2579; x_wconf 82' lang='lat' dir='ltr'>paldingii</span> <span class='ocrx_word' id='word_1_169' title='bbox 1327 2510 1565 2560; x_wconf 83' lang='lat' dir='ltr'>volumi-</span> 
     </span>
     <span class='ocr_line' id='line_1_28' title="bbox 204 2597 1564 2664; baseline 0.001 -19"><span class='ocrx_word' id='word_1_170' title='bbox 204 2604 282 2646; x_wconf 80' lang='lat' dir='ltr'>&#39;na-</span> <span class='ocrx_word' id='word_1_171' title='bbox 299 2598 476 2664; x_wconf 88' lang='lat' dir='ltr'>aliqua</span> <span class='ocrx_word' id='word_1_172' title='bbox 497 2599 746 2651; x_wconf 82' lang='lat' dir='ltr'>codicum</span> <span class='ocrx_word' id='word_1_173' title='bbox 762 2602 1079 2652; x_wconf 58' lang='lat' dir='ltr'>collatione&amp;</span> <span class='ocrx_word' id='word_1_174' title='bbox 1096 2599 1437 2657; x_wconf 87' lang='lat' dir='ltr'>continentia,</span> <span class='ocrx_word' id='word_1_175' title='bbox 1451 2597 1564 2647; x_wconf 89' lang='lat' dir='ltr'>edi·</span> 
     </span>
     <span class='ocr_line' id='line_1_29' title="bbox 204 2686 1565 2758; baseline 0.003 -24"><span class='ocrx_word' id='word_1_176' title='bbox 204 2686 380 2738; x_wconf 82' lang='lat' dir='ltr'>tiones</span> <span class='ocrx_word' id='word_1_177' title='bbox 418 2689 650 2756; x_wconf 82' lang='lat' dir='ltr'>priores,</span> <span class='ocrx_word' id='word_1_178' title='bbox 710 2689 1024 2758; x_wconf 82' lang='lat' dir='ltr'>chartaeque</span> <span class='ocrx_word' id='word_1_179' title='bbox 1064 2690 1278 2756; x_wconf 81' lang='lat' dir='ltr'>aliquot</span> <span class='ocrx_word' id='word_1_180' title='bbox 1316 2686 1565 2745; x_wconf 76' lang='lat' dir='ltr'>editoris,</span> 
     </span>
    </p>
   </div>
  </div>
 </body>
</html>
