1779 3062
397 167 560 214 INST.
599 166 876 214 ORATOR.
909 168 1031 213 Lm.
1069 168 1154 211 xi.
1193 181 1239 211 ρ.
1391 177 1486 223 303

148 296 354 347 discunt
390 310 550 359 quam
579 291 807 340 maxime
844 290 1090 357 spatiosa,
1122 293 1289 342 multa
1319 293 1489 342 varie-

147 385 250 423 tate
295 370 518 437 signata,
568 369 793 419 domum
834 367 973 417 forte
1017 387 1290 435 magnam,
1351 380 1402 418 et
1429 371 1488 418 in

145 451 343 500 multos
384 447 654 496 diductam
702 442 936 494 recessus.
1039 449 1101 494 In
1133 464 1191 494 ea
1218 446 1490 512 quidquid

143 527 380 577 notabile
407 523 495 582 est,
518 525 695 572 animo
720 521 1004 587 diligenter
1023 518 1272 588 affigitur,
1298 535 1358 572 ut
1377 523 1489 572 sine

146 604 484 653 cunctatione
507 618 562 649 ac
585 617 734 650 mora
756 609 927 665 partes
949 602 1059 659 ejus
1085 617 1271 649 omnes
1296 602 1490 665 cogita-

143 683 220 731 tio
243 677 398 747 possit
421 694 742 744 percurrere.
795 668 1088 741 Et‘primus
1120 677 1208 724 hic
1231 677 1383 725 labor
1403 676 1492 735 est,

146 776 260 809 non
300 758 515 807 haerere
562 756 622 803 in
670 751 906 803 occursu.
996 754 1119 803 Plus
1159 755 1303 802 enim
1334 771 1494 818 quam

237 927 300 968 18.
331 921 484 972 discunt.
520 923 654 971 Camp.
687 919 840 970 discant.
864 917 982 956 Goth.
1011 918 1198 968 discuntur
1218 933 1306 955 cum
1328 919 1432 958 Voss'.
1457 929 1494 956 2.

145 980 247 1019 Vall.
279 979 393 1016 Colb.
431 980 557 1013 dicunt:
585 978 674 1015 Ald.
703 978 765 1012 sed
792 990 888 1013 mox
915 976 997 1025 post
1010 975 1167 1024 signata
1187 977 1339 1012 insertis
1361 976 1494 1012 verbis

146 1037 388 1085 concipienda
418 1034 506 1084 effe,
539 1034 651 1070 nullo
681 1035 786 1069 haud
809 1034 926 1069 dubie
951 1034 1034 1068 MS.
1058 1044 1238 1074 auctore,
1271 1046 1495 1081 quanquam

146 1105 183 1130 et
205 1095 338 1142 Camp.
363 1093 494 1128 eadem
514 1092 716 1138 interjicit.
731 1090 859 1126 Guelf.
887 1090 1075 1125 continuo
1086 1088 1267 1139 speciosa.
1427 1104 1495 1124 no-

147 1150 271 1185 tabile.
307 1150 440 1184 Turic.
472 1148 574 1183 Flor.
607 1144 739 1183 Guelf.
782 1149 915 1196 Camp.
948 1147 1073 1182 nobile
1118 1160 1206 1182 cum
1240 1146 1341 1182 Alm.
1378 1147 1493 1182 Bodl.

146 1206 264 1242 Goth.
289 1206 392 1244 Voss.
419 1215 456 1240 2.
495 1204 595 1242 Vall.
630 1215 667 1239 et
698 1205 782 1239 edd.
811 1214 896 1239 ante
919 1203 1009 1241 Ald.
1037 1216 1112 1238 acc.
1133 1204 1270 1238 Badio‘
1312 1205 1497 1239 Correxit

145 1263 305 1310 Regius,
319 1275 444 1310 neque
468 1274 539 1309 ego
563 1274 653 1296 cum
668 1262 833 1296 Gesnero
854 1274 929 1295 non
952 1261 1088 1294 malam
1108 1260 1275 1295 dixerim
1296 1261 1497 1309 antiquam

144 1320 386 1367 scripturam.
411 1319 457 1353 cf.
480 1331 516 1366 9,
543 1327 579 1360 5,
607 1324 643 1360 5.
869 1314 1051 1365 affigitur.
1067 1315 1373 1365 F101·.adfigunc.
1397 1319 1496 1353 Mox

145 1389 218 1425 pro
245 1377 476 1411 cunctatione
500 1375 615 1410 Tarv.
644 1376 889 1410 contactione-

136 1521 291 1572 scantur
319 1520 442 1564 locis3
477 1533 698 1570 quanquam
729 1517 790 1555 vi-

147 1580 220 1615 deo
252 1580 336 1614 sane
367 1578 537 1628 aliquam
569 1592 616 1612 ex
645 1577 721 1626 ipsa
750 1577 792 1611 in

148 1649 219 1683 qua
254 1636 452 1670 versamur
481 1634 641 1670 materia
663 1634 791 1668 lucem

145 1693 194 1728 iis
233 1692 471 1740 contingere.
540 1692 614 1727 Sed
648 1692 691 1726 iu
725 1689 793 1725 illa

850 1518 1054 1560 morando:
1097 1520 1291 1570 significat
1326 1521 1497 1559 titubare.

849 1577 919 1610 Hic
948 1578 1180 1615 adverbium
1207 1580 1253 1614 [it
1283 1593 1329 1614 an
1351 1592 1497 1627 prono-

849 1647 953 1674 men,
984 1635 1159 1671 dubitari
1178 1636 1312 1684 potest.
1363 1638 1450 1671 Hoc
1473 1636 1501 1670 si

850 1690 1004 1739 probas,
1027 1693 1208 1741 respiciet
1227 1694 1350 1729 sensus
1374 1694 1502 1729 noster

146 1749 263 1784 toties
293 1749 553 1784 animadversa
570 1747 793 1784 litterarum

147 1807 178 1841 C
203 1807 294 1841 et·G
313 1806 553 1847 confusione,
574 1818 654 1840 non
673 1805 796 1839 fuerit

148 1863 402 1897 temetarium
450 1862 660 1897 rescribere
703 1860 795 1895 cleli-

147 1927 255 1966 gunt.

207 1988 280 2010 non
301 1975 450 2011 haerere
463 1977 500 2011 in
517 1974 676 2025 occursu.
702 1975 797 2010 Non

150 2031 246 2067 adeo
289 2034 380 2068 trita
415 2033 580 2081 potestas
614 2030 796 2080 occursus,

139 2088 222 2137 ,qui
241 2089 306 2125 hic
331 2090 380 2124 est
399 2102 470 2139 pro
494 2090 603 2125 omni
624 2103 676 2129 re,
701 2101 798 2137 quae

149 2157 310 2194 repente
331 2147 364 2182 se
389 2147 504 2183 nobis
526 2148 650 2182 offert.
687 2146 798 2184 Usus,

149 2216 228 2251 quo
263 2217 409 2240 nomen
443 2202 606 2252 occursus
640 2203 721 2239 abit
754 2203 797 2237 in

141 2272 231 2294 ·rem
250 2260 316 2295 vel
343 2261 546 2297 hominem
578 2261 701 2310 ipsum
727 2259 797 2308 qui

149 2327 329 2356 occurrat,
354 2318 443 2366 plus
461 2318 576 2352 semel
603 2318 797 2367 reperitur

149 2372 194 2406 in
220 2373 438 2410 Declamm.
458 2373 571 2410 velut
589 2381 626 2418 8.
647 2390 684 2424 p.
704 2383 792 2417 ¹57·

149 2428 512 2469 „indifferentiam“
549 2433 799 2479 geminorum

153 2487 418 2532 quorundam)
458 2507 513 2515 ——
571 2489 799 2528 „mirantur

150 2542 368 2591 ‚,occursus‘·‘
400 2546 426 2581 i.
450 2555 708 2580 occurrentes.
736 2549 799 2588 ¹8·

148 2611 190 2647 Ρ.
214 2608 307 2642 522.
338 2600 610 2642 „laudandus“
625 2603 694 2646 (ob
711 2601 799 2649 pul-

151 2655 436 2705 chritudinem)
447 2652 714 2706 „occurfilaus.“
727 2660 796 2694 Ca-

149 2727 199 2753 ve
225 2725 353 2751 autem
374 2716 522 2751 haerere
545 2715 708 2765 accipias
722 2729 794 2766 pro

851 1749 897 1784 ad
922 1750 1218 1797 praecedentem
1250 1764 1419 1799 eumque
1442 1763 1503 1785 re-

851 1816 968 1855 petet.
1036 1806 1100 1840 Est
1131 1806 1235 1841 enim
1268 1807 1346 1842 hoc
1376 1808 1505 1855 ipsum

853 1876 927 1898 non
957 1862 1103 1897 haerese
1134 1864 1171 1896 in
1203 1862 1369 1911 occursu,
1414 1875 1506 1898 cum

853 1920 959 1960 „sine
980 1920 1226 1955 cunctatione
1240 1933 1280 1954 ac
1291 1933 1402 1955 mora
1419 1933 1505 1968 par-

856 1987 941 2018 „tes
973 1977 1113 2012 domus
1151 1975 1315 2022 alicujus
1344 1990 1507 2024 magnae

856 2047 1019 2075 „omnes
1048 2034 1234 2081 cogitatio
1260 2034 1466 2082 percurrit.
1483 2041 1507 2056 ‘⁶

857 2091 922 2125 Sin
957 2090 1189 2126 adverbium
1223 2092 1412 2139 agnoscis,
1450 2091 1508 2125 hic

854 2148 882 2182 i.
914 2147 956 2182 in
990 2147 1099 2183 omni
1128 2149 1205 2183 hoc
1235 2147 1396 2194 negotio
1423 2149 1506 2195 pri·

1140 2205 1275 2252 quavis
1309 2203 1507 2239 occasione

854 2262 940 2297 data
966 2261 1086 2296 >totam
1117 2261 1227 2296 illam
1260 2261 1421 2295 domum
1448 2275 1507 2296 re·

853 2318 1031 2359 minisci,
1063 2332 1110 2353 ne
1143 2329 1227 2352 ante
1261 2317 1362 2352 fores
1399 2318 1506 2365 quasi

855 2377 936 2423 ejus
973 2375 1137 2411 ocelul‘xs
1178 2375 1245 2409 stes
1278 2386 1348 2408 nec
1380 2374 1505 2409 intro-

857 2431 1037 2467 mittatis.
1081 2429 1274 2479 Occursum
1297 2431 1408 2465 etiam
1424 2444 1505 2466 non

856 2488 956 2524 male
1006 2488 1273 2536 interpreteris
1323 2488 1504 2536 quamvis

856 2545 966 2580 illius
1000 2545 1139 2580 domus
1173 2554 1345 2591 partem,
1407 2557 1503 2592 quae

856 2603 956 2638 forte
981 2603 1014 2636 se
1038 2602 1172 2636 offe-rat
1192 2601 1423 2640 memoriae,
1455 2612 1504 2636 ex

853 2218 964 2239 mum
994 2206 1088 2245 erit,

859 2672 931 2707 qua
955 2658 1093 2694 deiude
1114 2659 1154 2692 in
1178 2670 1310 2693 omnes
1331 2656 1501 2708 reliquas

858 2715 995 2751 ordine
1018 2728 1058 2750 ea
1082 2715 1284 2750 discurret.
