1779 3062
397 177 562 223 INST.
603 175 885 223 ORATOR.
924 179 1047 223 ΜΒ.
1083 178 1154 234 x,
1194 189 1239 233 7.
1400 189 1501 233 207

143 317 351 358 tantum
383 303 518 354 fidat
552 304 801 370 ingenio,
851 316 911 353 ut
943 305 1001 354 id
1035 305 1133 355 sibi
1168 305 1339 373 speret
1369 306 1504 356 inci-

144 385 316 452 pienti
348 381 522 432 statim
551 379 695 449 posse
730 383 1066 448 contingere3
1117 383 1232 442 fed,
1280 382 1416 432 ficut
1445 386 1504 432 in

145 461 466 527 cogitatione
488 459 862 527 praecipimus,
886 461 959 507 ita
979 459 1286 509 facilitatem
1311 471 1509 510 extem-

143 539 383 606 poralem
409 555 437 585 a
459 537 636 603 parvis
660 537 829 585 initiis
854 538 1113 602 paulatim
1148 538 1509 603 perducemus

147 615 215 664 ad.
237 614 526 665 summam:
569 631 704 679 quae
732 631 909 678 neque
934 614 1140 680 perfici,
1183 632 1356 680 neque
1384 632 1510 664 con-

147 694 336 751 tineri,
376 691 480 741 nisi
512 690 639 752 usu,
677 689 862 757 potest.
941 693 1194 742 Ceterum
1225 695 1510 758 pervenire

146 788 215 835 *eo
255 770 439 828 debet,
480 780 540 818 ut
571 769 820 834 cogitatio
855 786 970 818 non
1003 772 1192 833 utique
1223 770 1417 819 melior
1449 769 1513 819 sit

150 864 225 908 ea,
238 846 328 897 secl
351 848 554 905 tutior3.
584 864 707 895 cum
726 846 864 894 hanc
884 844 1193 895 felicitatem
1219 865 1333 896 non
1358 847 1513 913 prosa

59 941 139 984 955
153 925 318 977 modo
342 925 502 973 multi
527 922 630 972 [int
651 922 935 982 consecuti,
964 923 1054 973 sed
1079 926 1237 973 etiam
1263 925 1514 984 carmine,

149 1014 213 1054 ut
244 1004 523 1068 Antipater
557 1000 842 1060 Sidonius,
905 1012 957 1050 et
989 1003 1231 1051 Licinius
1269 1001 1515 1051 Archias:

151 1079 480 1129 credendum
548 1079 694 1127 enim
747 1080 999 1129 Ciceroni
1057 1078 1155 1128 est:
1211 1097 1324 1129 non
1389 1081 1517 1144 quia

149 1156 342 1208 nostris
383 1172 604 1222 quoque
652 1157 987 1222 temporibus
1030 1175 1143 1206 non
1194 1168 1247 1205 et
1293 1155 1519 1205 fecerint

151 1234 373 1301 quidam
422 1234 554 1292 hoc,
621 1244 672 1281 et
712 1232 920 1282 faciant.
976 1234 1127 1299 quod
1176 1245 1352 1282 tamen
1399 1252 1514 1284 non

152 1310 328 1379 ipsum
353 1322 459 1360 tam
487 1311 765 1376 probabile
788 1322 938 1376 puto,
963 1314 1161 1376 (neque
1188 1313 1332 1359 enim
1355 1312 1515 1360 habet

153 1401 248 1438 aut
270 1387 430 1438 usum
455 1405 563 1446 res,
608 1398 698 1436 aut
728 1387 1098 1454 neceffitatem)
1139 1406 1300 1454 quam
1323 1389 1517 1439 exhor-

247 1541 311 1579 18.
346 1529 686 1582 incipientistatim
719 1534 853 1582 Camp.
885 1534 1044 1570 omittit.
1077 1533 1175 1568 Mox
1197 1533 1302 1569 Flor.
1334 1532 1459 1584 poffit.

239 1592 499 1640 praecipimus.
534 1590 597 1625 Sic
620 1591 752 1625 Turic.
783 1590 888 1626 Flor.
922 1592 1055 1639 Camp.
1089 1603 1176 1625 cum
1201 1591 1320 1629 Goth.
1351 1592 1455 1629 Vols.
1484 1605 1520 1628 1.

155 1650 234 1693 (An
258 1645 337 1693 222)
369 1658 407 1681 et
438 1646 522 1681 edd.
555 1658 642 1682 ante
672 1647 761 1682 Ald.
792 1646 955 1695 Reliqui
991 1649 1254 1696 praecepimus.
1288 1647 1413 1683 Modo
1445 1662 1521 1699 pro

145 1705 246 1756 sicut
285 1703 419 1739 Turic.
452 1701 521 1752 sic.
831 1702 1067 1751 facilitatem
1098 1705 1401 1751 extemporalem.
1457 1706 1522 1741 Sic

157 1764 291 1799 Turio.
327 1760 431 1795 Flor.
461 1759 546 1804 (hic
569 1774 588 1795 a
611 1773 669 1809 pr.
694 1763 764 1803 m.)
797 1763 931 1810 Camp.
975 1759 1139 1807 Reliqui
1159 1762 1333 1797 inserunt
1365 1776 1523 1812 quoque.

212 1850 225 1867 x
248 1830 311 1866 19.
342 1819 466 1852 tutior.
495 1817 628 1852 Turio.
654 1810 764 1859 utior,
790 1832 809 1852 a
831 1819 898 1854 sec.
922 1831 974 1853 m.
1009 1818 1150 1857 utilior,
1182 1829 1218 1853 et
1243 1819 1292 1853 sic
1304 1818 1408 1854 Flor.
1434 1833 1526 1855 cum

158 1875 272 1913 Bam.
305 1872 456 1922 Gryph.
503 1873 679 1918 (1536).
956 1873 1198 1921 felicitatem.
1234 1875 1370 1909 Turic.
1413 1877 1522 1912 Flor.

161 1935 296 1980 Camp.
332 1929 561 1977 facilitatem
604 1943 698 1965 cum
730 1929 845 1965 Bodl.
879 1931 998 1967 Goth.
1042 1930 1146 1969 Voff.
1182 1942 1217 1967 2.
1251 1943 1289 1967 et
1320 1931 1405 1967 edd.
1440 1945 1527 1969 ante

162 1987 316 2036 Gryph.
348 1999 423 2022 acc.
461 1985 558 2022 Obr.
590 1986 636 2022 cf.
665 1994 699 2030 5,
734 1997 770 2031 7,
809 1998 872 2031 17.
1100 2001 1176 2023 non
1194 1988 1306 2038 prosa
1331 2007 1384 2016 —
1410 1992 1526 2026 etiam

161 2047 335 2081 carmine.
378 2043 440 2077 Sic
470 2044 603 2079 Turic-
645 2043 750 2079 Flor.
786 2045 919 2093 Camp.
953 2056 1042 2079 eum
1080 2045 1198 2082 Goth.
1230 2045 1333 2081 Alm.
1374 2057 1411 2082 et
1438 2047 1525 2085 edd.

161 2113 248 2138 ante
278 2100 366 2136 Ald.
407 2099 570 2149 Reliqui
611 2102 649 2135 in
681 2101 740 2137 bis
770 2102 955 2137 inserunt.
1250 2105 1358 2139 enim.
1391 2105 1527 2140 Tua-ic.

160 2157 266 2194 flor.
308 2171 410 2205 ergo.
704 2171 777 2193 non
801 2157 929 2208 ipsum.
977 2157 1041 2193 Sic
1071 2159 1204 2195 Turic.
1245 2160 1350 2196 Flor.
1394 2161 1526 2199 Guelf-

162 2216 296 2265 Carnp.
340 2213 460 2250 Goth.
505 2215 604 2254 Jens.
651 2215 739 2260 (tac.
774 2216 905 2262 Gefn.)
937 2216 1053 2251 Tarv.
1097 2216 1258 2265 Reliqui
1291 2220 1313 2251 i.
1337 2231 1371 2255 n.
1412 2219 1526 2258 Blox,

161 2274 288 2321 Regio
309 2271 480 2318 jubente,
515 2271 643 2308 Guelf.
674 2272 773 2310 Jens.
805 2273 921 2309 Tarv.
952 2272 1143 2309 omittunt
1174 2283 1261 2310 tam.

246 2338 357 2378 puto.
390 2328 509 2363 Goth.
543 2329 649 2364 credo
683 2341 772 2364 cum
795 2329 902 2366 Voff.
926 2340 963 2365 2.
997 2330 1111 2366 colb.
1146 2332 1191 2367 cs.
1222 2345 1292 2371 10.
1330 2346 1365 2373 1,
1400 2340 1465 2381 98.

246 2385 359 2421 habet
379 2393 444 2420 aut
464 2384 568 2434 usum
590 2399 657 2428 res,
679 2394 746 2421 aut
767 2384 1027 2436 neceffitatem.
1049 2388 1181 2423 Turio.
1202 2389 1235 2424 lz.
1259 2387 1376 2439 visum
1402 2399 1523 2425 tamen

227 2517 292 2555 ²8·
319 2512 357 2544 in
381 2511 619 2557 cogitatione.
646 2523 708 2552 ιο,
728 2510 763 2550 6,
778 2518 815 2554 3.
933 2525 1008 2548 non
1032 2513 1131 2561 quia.
1162 2514 1369 2554 „Poteram
1391 2528 1529 2563 aequa·

227 2579 290 2614 19.
350 2567 552 2614 Antipater
570 2587 627 2594 -—-
647 2568 814 2602 Archias.
872 2567 957 2608 „les
978 2582 1218 2611 memorare,
1252 2571 1313 2605 sed
1336 2571 1440 2607 malo
1463 2573 1528 2608 Ci-

161 2626 249 2668 „De
271 2624 344 2659 illo
366 2623 447 2659 Cic.
472 2623 518 2658 de
542 2623 651 2660 Orat.
675 2633 712 2668 5,
746 2631 812 2668 50.
871 2626 1056 2666 „ceronis
1093 2628 1321 2663 auctoritate
1356 2629 1428 2669 uti,
1463 2631 1528 2664 cui

158 2683 234 2725 „de
283 2681 361 2717 hoc
408 2692 482 2729 pro
535 2680 617 2730 ipso
669 2694 701 2716 c.
742 2686 814 2727 8.“
869 2682 1022 2723 „fidem
1037 2695 1177 2732 negare
1194 2697 1310 2721 neruo
1328 2684 1528 2723 audebit.“

158 2740 360 2776 Gesnerus.
869 2737 1071 2777 Gesnerus.

1539 708 1588 745 ¹9
