1779 3062
437 136 604 182 INST.
640 136 921 184 ORATOR.
957 136 1082 183 LIB.
1115 134 1229 194 XII,
1266 135 1315 182 6.

1452 144 1551 192 555

191 261 427 321 nendum,
480 272 541 311 ut
579 279 755 328 neque
796 280 1154 333 praepropere
1193 246 1553 330 destringatur

194 439 232 467 et
257 441 354 466 mox
375 430 502 479 posito
529 428 704 466 tenenda.
730 430 866 466 Verba
890 433 983 468 mihi
999 431 1147 467 videtur
1171 431 1394 480 transponit
1416 431 1554 480 Campi

190 501 258 531 nge
289 500 448 535 propere
475 487 604 523 Guels.

193 554 280 579 ante
310 542 400 586 Ald.

192 610 254 635 tur
283 599 390 636 Flor.

212 833 217 838 ·
252 823 292 852 a.
314 812 574 864 destringatur.
597 826 638 852 v.
657 826 740 853 not.
762 815 847 852 crit.

253 882 295 908 uc
325 887 442 923 neque
462 893 515 899 —-
530 870 850 921 destringatur—-

196 940 234 967 et
253 949 309 957 -—
328 928 555 978 proferatur.
618 930 749 966 Miror
781 945 847 967 ne-

194 987 343 1023 minem
367 985 495 1021 adhuc
524 987 732 1035 quicquam
762 1000 847 1024 mo-

194 1042 318 1082 nuiffe
335 1042 383 1078 de
407 1041 485 1081 hoc
507 1043 612 1086 loco,
643 1044 715 1093 qui
735 1058 755 1080 a
775 1045 848 1082 sol-

194 1098 319 1135 lemni
344 1098 417 1134 illo
439 1101 767 1147 conjunctionum
786 1116 848 1137 ne-

195 1165 382 1206 que—et
403 1157 472 1191 usu
493 1156 607 1207 plane
638 1157 847 1199 abhorret3

196 1226 289 1258 cum
310 1212 504 1264 posterior
530 1227 724 1263 parsvnon
743 1216 848 1250 affir-

192 1270 356 1311 mative,
389 1270 450 1305 uti
469 1284 539 1320 par
570 1282 663 1311 erat,
694 1271 757 1307 sed
781 1286 849 1308 ne-

194 1320 327 1377 gative
353 1325 455 1364 velit
487 1327 675 1379 intelligi.
708 1373 712 1375 ¹
748 1331 852 1366 Fue·

191 1395 290 1420 runt
312 1383 473 1434 quidem
506 1385 576 1433 qui
610 1385 759 1435 singula
781 1400 851 1422 no-

193 1441 302 1476 mina
317 1454 388 1491 per
414 1452 646 1490 neque—et
670 1441 855 1493 copulari

199 1497 306 1547 posse
328 1497 554 1541 crederent3
587 1513 755 1549 quarum
787 1500 856 1537 do·

201 1555 367 1595 ctrinam
418 1555 543 1603 tangit
591 1568 630 1593 et
674 1557 856 1606 repudiat

197 1611 411 1661 Ruhnken.
433 1612 480 1646 ad
503 1612 604 1649 Vell.
624 1622 662 1656 2,
687 1620 752 1659 45.
784 1614 851 1660 (cf.

199 1668 328 1705 Bentl.
351 1669 398 1704 ad
417 1669 555 1706 Horat.
575 1674 603 1706 Ι.
626 1673 702 1707 Sat.
716 1669 754 1710 6,
768 1671 854 1716 68.)

200 1725 263 1761 sed
277 1726 356 1762 duo
369 1726 521 1775 integra
533 1728 723 1764 orationis
733 1741 854 1763 mem-

201 1781 272 1819 bra
292 1782 346 1818 ita
369 1783 578 1829 conjuncta
593 1797 726 1824 nemo,
748 1785 857 1832 quod

203 1838 333 1883 sciam,
357 1838 430 1874 fibi
449 1839 554 1875 visus
586 1840 637 1875 est
664 1840 857 1877 invenire.

201 1895 306 1931 Nam
343 1895 456 1931 Livii
491 1895 602 1932 locus
642 1897 709 1943 (4,
740 1899 855 1945 29.):

202 1952 284 1988 Nec
313 1952 405 1988 libet
432 1953 588 1995 credere,
621 1962 657 1990 et
689 1954 786 1994 licet,
819 1956 858 1990 in

201 2010 318 2044 variis
350 2010 611 2057 opinionibus,
653 2012 765 2057 cujus
795 2025 858 2047 me

168 2061 171 2064 ’
204 2066 413 2106 admonuit
452 2066 706 2103 amiciffimus
739 2069 858 2104 Caro-

206 2121 270 2159 lus
291 2122 518 2163 Schneider,
549 2123 612 2159 sed
632 2124 707 2164 ita,
736 2136 781 2161 ut
801 2125 860 2160 di-

206 2180 364 2218 versum
402 2180 474 2220 effe
504 2180 585 2229 ipse
605 2180 859 2231 intelligeret,

203 2235 284 2275 hue
303 2236 409 2275 trahi
426 2250 507 2273 n-on
527 2239 664 2286 potest.
717 2239 861 2287 Quam-

203 2293 268 2329 vis
311 2294 418 2329 enim
461 2294 505 2329 in
543 2295 754 2343 posteriori
804 2295 863 2332 ibi

204 2350 386 2389 membro
431 2360 562 2386 mente
602 2345 862 2401 repetendum

205 2405 254 2445 fit
274 2406 433 2455 negatio
458 2421 536 2442 non
565 2409 734 2451 credere;
765 2410 863 2446 ilico

210 2473 342 2509 tamen
361 2463 524 2499 sentitur
539 2474 579 2500 et
597 2466 705 2501 cansa
726 2477 764 2502 et
785 2480 865 2502 ma-

209 2521 318 2556 xima
340 2520 552 2561 diversitas,
581 2535 628 2558 eo
658 2523 765 2570 quod
785 2537 866 2560 non

895 1000 1023 1036 ‘neque
1043 1005 1099 1014 -
1121 984 1351 1034 proferatur.

668 500 785 536 neque
813 501 972 536 propere
996 487 1117 524 Goth.
1153 487 1252 526 Jens.
1297 500 1328 524 c.
1364 487 1422 523 ed.
1456 488 1556 537 post.

627 541 889 592 destringatur.

451 597 723 649 distringantur
749 600 885 635 Turio.

192 656 265 695 vis.
308 668 346 697 et
384 657 471 694 edd.
515 657 610 708 post.
656 668 742 696 ante
772 654 861 696 Ald.
894 656 1058 706 Reliqui
1096 655 1352 707 distringatur.

949 545 1012 580 Sic
1045 544 1181 580 Ambr.
1222 555 1258 580 2.
1319 541 1552 592 destringan-

946 598 1214 648 distringantur
1242 601 1349 639 Voff.
1382 609 1420 637 2.
1459 602 1556 636 Tar-

1411 659 1557 698 Veram

906 813 1029 852 alium
1052 814 1112 851 ibi
1133 825 1171 851 et
1189 815 1456 865 incongruum
1477 816 1561 852 sen-

907 874 990 911 sum
1005 871 1186 908 efficeret.
1249 873 1326 909 Hic
1345 885 1442 908 vero
1457 882 1563 908 et—

904 928 1122 981 proferatur
1132 928 1246 978 plane
1269 930 1319 965 est
1335 930 1440 966 idem
1452 928 1564 978 quod.

1422 989 1496 1022 Per
1526 987 1564 1021 se

906 1044 1033 1093 igitur
1073 1043 1294 1080 tractandus
1337 1042 1389 1078 est
1435 1043 1565 1079 noster

906 1100 1040 1143 locus3
1086 1113 1205 1149 quem
1236 1100 1307 1148 qui
1338 1100 1471 1135 sanum
1501 1101 1563 1147 ju-

908 1158 1023 1198 dicat,
1054 1169 1162 1193 novo
1195 1155 1459 1205 negligentiae
1498 1170 1565 1205 ge·

906 1228 999 1250 nere
1033 1215 1262 1261 scriptorem
1303 1213 1481 1262 superius
1521 1222 1564 1250 ut

905 1265 1024 1321 neque
1043 1271 1096 1306 ita
1109 1269 1212 1305 dicat
1229 1269 1446 1319 resPexiss'e,
1469 1283 1564 1319 qua-

909 1327 940 1363 fi
970 1327 1163 1376 scripserit
1184 1340 1229 1361 ne
1248 1335 1298 1362 et.
1332 1326 1450 1373 Quod
1474 1339 1566 1362 cum

910 1385 954 1420 in
987 1382 1280 1432 Quintilianum
1318 1383 1393 1418 vix
1432 1384 1563 1425 cadat,

910 1440 1115 1490 reliquum
1154 1440 1204 1475 est
1245 1451 1291 1476 ut
1331 1451 1566 1490 corruptum

911 1494 1046 1534 locum
1072 1497 1293 1533 statuamus.
1361 1497 1565 1534 Facillima

913 1566 1043 1591 autem
1074 1554 1300 1602 corrigendi
1332 1567 1421 1590 eum
1438 1584 1441 1587 .
1460 1554 1563 1589 ratio

914 1612 1006 1648 esset
1036 1612 1119 1646 sane
1151 1609 1242 1650 illa,
1273 1624 1371 1660 quae
1402 1622 1439 1647 et
1461 1610 1567 1646 mihi

915 1680 952 1705 et
982 1668 1136 1704 duobus
1164 1667 1298 1703 amicis
1322 1667 1565 1704 Schneidero

915 1736 952 1761 et
980 1724 1185 1761 Boeclzhio
1216 1725 1260 1760 in
1290 1735 1463 1760 mentem
1501 1725 1570 1760 sta-

916 1783 990 1818 tim
1010 1781 1135 1821 venit,
1153 1794 1308 1829 quaque
1327 1790 1368 1816 ut
1388 1795 1454 1816 nec
1466 1781 1569 1826 (vid.

916 1841 965 1876 V.
1001 1838 1080 1884 L.)
1110 1848 1330 1874 mutaretur
1366 1838 1408 1873 in
1439 1847 1479 1873 ut
1508 1852 1567 1874 ne.

916 1896 1066 1933 Verum
1097 1894 1217 1942 liujus
1255 1893 1450 1931 formulae
1480 1895 1572 1932 usus

916 1952 1020 2002 apud
1049 1952 1123 1988 hos
1153 1952 1400 2001 potissimum
1438 1963 1572 1988 aucto·

916 2023 989 2050 reS,
1021 2009 1092 2057 qui
1113 2009 1159 2045 ab
1183 2009 1415 2058 antiquitate
1445 2009 1571 2057 magis

916 2067 1064 2103 ‘remoti
1108 2067 1214 2106 sunt,
1246 2066 1374 2102 rarior
1415 2066 1490 2108 est,
1534 2077 1572 2102 et

917 2124 1079 2173 semper,
1108 2124 1256 2160 causam
1291 2122 1463 2170 aliquam
1487 2122 1571 2161 *ha-

913 2180 1007 2222 bet3
1026 2179 1152 2229 qualis
1174 2181 1237 2222 est,
1260 2193 1351 2218 cum
1369 2181 1405 2216 is
1421 2181 1493 2230 qui
1511 2179 1571 2216 lo-

921 2239 1058 2287 quitur
1103 2238 1160 2273 ita
1198 2239 1322 2274 sensus
1364 2237 1577 2286 disponere

920 2294 1032 2336 vult,
1063 2306 1109 2332 ut
1147 2294 1304 2343 negatio
1335 2294 1576 2343 praefigatur

913 2353 981 2393 ,rei
1007 2352 1082 2402 ipsi
1103 2363 1262 2401 negatae
1282 2351 1403 2387 serius
1428 2364 1577 2400 ponen-

925 2409 1006 2450 dae,
1039 2422 1119 2458 quo
1140 2409 1242 2445 facto
1262 2418 1438 2444 remanet
1467 2415 1508 2443 ut
1532 2408 1585 2448 in,

923 2465 1057 2502 fronte
1083 2465 1369 2515 propositionis
1392 2467 1445 2510 (e.
1471 2477 1508 2513 g.
1535 2474 1578 2500 ut

926 2523 986 2558 lex
1004 2521 1115 2571 Fufia
1134 2531 1170 2558 et
1185 2522 1337 2559 Valeria
1353 2536 1399 2558 ne
1417 2522 1577 2567 valeat„

209 2579 261 2614 ad
287 2568 456 2613 verbum
479 2577 565 2616 licet
584 2579 793 2628 repetenda
819 2580 869 2616 est
927 2590 995 2616 aut
1026 2592 1116 2615 cum
1147 2580 1271 2616 sensus
1302 2578 1577 2628 prohibitivus

208 2635 392 2683 negatio,
441 2634 496 2673 ita
527 2645 573 2673 ut
601 2645 638 2672 et
670 2636 756 2675 licet
780 2637 872 2673 esset
930 2648 968 2672 et
987 2630 1333 2685 cautionalissqui
1353 2636 1410 2672 est·
1427 2635 1471 2672 in
1490 2635 1581 2672 sim'·

210 2704 287 2742 pro
328 2705 392 2730 nee
439 2690 525 2729 licet
535 2706 547 2732 ‚·
584 2694 711 2743 quod
751 2693 870 2744 longe
927 2693 1030 2745 plici
1060 2708 1119 2737 ne,
1149 2693 1281 2732 minui
1312 2693 1440 2736 debet,
1469 2693 1579 2744 quod
