1779 3062
180 153 279 203 433
508 141 584 188 M.
619 142 755 187 FAB.
794 142 1214 202 QUINTILIANI

183 280 264 319 tot
289 285 344 314 ac
369 277 476 311 tam
496 266 656 314 variis
678 261 951 314 affectibus
973 264 1242 315 concisum
1273 277 1430 331 atque
1456 267 1531 315 la-

188 351 447 398 ceratum,
487 357 647 404 quam
670 343 804 389 mala
830 359 990 391 mens.

187 416 433 474 sidiatur‚
486 416 599 484 spe,
654 419 824 475 curis,
870 420 1050 469 labore
1083 418 1441 485 distringitur:
1484 431 1538 469 et

185 498 318 558 jam,
357 512 479 542 cum
505 493 711 544 sceleris
743 512 959 562 compos
987 495 1118 554 fuit,
1159 495 1537 555 sollicitudine,

187 573 534 638 poenitentia,
568 589 863 637 poenarum
896 574 1141 621 omnium
1175 574 1536 638 expectatiohe

188 659 486 712 torquetur.
570 650 702 717 Quis
728 651 867 698 inter
891 651 1018 697 haec
1042 649 1264 706 litteris,
1316 660 1406 698 aut
1436 651 1539 699 ulli

188 725 360 773 bonae
385 727 480 773 arti
504 725 689 776 locus?
767 728 897 775 Non
932 726 1110 774 hercle
1145 727 1334 791 magis,
1376 744 1539 791 quam
1588 779 1592 783 ,

188 800 438 867 frugibus
467 804 525 850 in
555 814 689 852 terra
718 802 956 852 sentibus
995 821 1051 851 ac
1080 803 1229 852 rubis
1264 814 1536 869 occupata.
1609 819 1611 821 ·

136 886 163 926 8
190 881 326 944 Age,
382 878 494 928 noh
525 879 590 928 ad
622 879 965 945 perferendos
998 879 1297 928 studiorum
1333 881 1542 929 labores

187 953 464 1004 necessaria
486 955 794 1022 frugalitas?
859 957 1005 1024 Quid
1035 958 1202 1022 igitur
1224 974 1286 1005 ex
1310 957 1541 1005 libidine

188 1049 246 1080 ac
267 1034 481 1082 luxuria
506 1033 650 1099 spei?
730 1036 861 1083 Non
886 1036 1169 1100 praecipue
1197 1036 1338 1084 acuit
1361 1033 1428 1082 ad.
1449 1051 1541 1082 cu-

188 1221 316 1259 Guelf.
361 1222 481 1258 Goth.
524 1223 623 1260 Jenf.
656 1226 753 1267 (tac.
790 1223 924 1266 Gesn.)
965 1223 1096 1270 Camp.
1129 1236 1217 1259 cum
1249 1223 1351 1260 Vall.
1382 1233 1420 1259 et
1451 1223 1537 1259 edd„

187 1290 273 1313 ante
311 1278 398 1314 Akd.
444 1288 480 1313 et
519 1281 630 1313 etiam
671 1293 750 1313 curn
793 1278 894 1315 Voff.
941 1288 978 1322 3.
1019 1288 1055 1314 et:
1093 1294 1173 1314 cum
1211 1280 1299 1315 Ald.
1345 1280 1391 1314 de
1422 1281 1540 1327 Regii

187 1336 289 1379 conj.
336 1334 397 1369 fed
431 1334 481 1369 sic
514 1346 551 1369 et
580 1334 715 1370 Floril.
749 1337 851 1370 Sant.
1153 1350 1298 1383 compos
1320 1335 1413 1384 fuit.
1476 1337 1540 1372 Sic

188 1391 322 1438 Camp.
356 1391 563 1440 'composuit
593 1392 722 1427 Turio.
759 1391 862 1426 Flor.
899 1391 1146 1441 composuerit
1170 1392 1268 1428 Alm.
1294 1390 1540 1440 composfue-

187 1449 237 1481 rit
284 1446 441 1494 reliqui.
492 1451 633 1495 poenit.
684 1457 720 1483 et
758 1462 867 1496 poen.
918 1449 1054 1485 Floril.
1104 1451 1206 1485 sant.
1246 1448 1540 1499 sollicitudinem

188 1507 353 1539 omnium
384 1505 517 1539 Turic.
548 1507 688 1552 poenit.
713 1519 822 1554 poen.
859 1505 1014 1540 omiffis.
1092 1507 1276 1541 articulos.
1310 1507 1399 1541 Non
1428 1505 1534 1541 Flor.

187 1561 324 1596 Ambr.
359 1571 394 1595 2.
438 1563 515 1596 arti
556 1562 685 1596 cultus.
725 1563 773 1596 N.
808 1563 904 1599 Jens.
961 1574 1048 1596 cum
1081 1562 1166 1597 edd.
1199 1563 1295 1611 Pofi·
1328 1574 1414 1598 ante
1444 1562 1535 1598 Ald.

187 1629 264 1650 acc.
301 1617 390 1651 ssad.
423 1617 565 1651 hercule
597 1616 726 1652 Guelf.
758 1617 860 1653 solus
893 1617 958 1653 hic
990 1618 1175 1666 quidem;
1235 1618 1282 1654 cf.
1318 1632 1391 1659 11,
1425 1627 1462 1663 5,
1496 1632 1535 1668 9.

186 1673 328 1707 interea
357 1673 456 1711 Jens.
491 1686 671 1708 meorum
703 1673 818 1709 solus.

273 1791 311 1828 8.
364 1794 428 1819 aut
465 1787 633 1821 luxuriae
670 1787 769 1823 Jens.
813 1799 901 1822 cum
945 1787 1030 1823 edd.
1055 1777 1166 1835 *post
1209 1798 1295 1823 ante
1323 1789 1415 1824 Bad.
1448 1789 1539 1826 etl.

187 1839 306 1878 Goth.
341 1841 438 1887 (tac.
470 1842 624 1892 (ἰείη).
655 1857 787 1878 nomen
811 1846 1009 1892 praecipue
1040 1846 1123 1880 acui
1155 1845 1286 1881 Tui-ic.
1321 1845 1426 1882 Flor.
1463 1846 1542 1882 lau-

242 2022 279 2055 7.
344 2010 524 2060 concisum
550 2020 660 2057 utque
695 2013 832 2047 lacera-
891 2014 991 2049 forte
1012 2014 1154 2051 melius
1172 2016 1224 2050 ita
1240 2015 1537 2063 explicandum:

184 2075 271 2104 tum.
331 2068 392 2103 An
422 2069 616 2107 dicemus,
657 2069 831 2104 obversa·
890 2074 1056 2118 patravit
1077 2072 1175 2118 quod
1196 2072 1325 2107 voluit.
1347 2074 1538 2115 BUTTM.]

183 2133 266 2159 turn
309 2124 380 2160 effe
410 2124 541 2159 locum
572 2123 830 2166 Platonicum,
948 2137 1012 2162 aut
1039 2128 1105 2161 ulli
1127 2128 1245 2162 bonae
1267 2129 1350 2163 arti.
1414 2128 1539 2175 Appa-

1070 344 1211 391 Nam
1232 354 1283 391 et
1306 362 1429 393 cum
1451 345 1535 392 in-
1593 361 1610 368 ²

182 2193 262 2228 quo
284 2181 439 2228 respicit
464 2180 619 2215 Tacitus
641 2180 777 2216 Annal.
795 2182 830 2221 6,

188 2237 222 2271 6.
240 2236 257 2271 ¹?
293 2238 340 2272 cf.
371 2237 511 2272 Heind,
537 2236 583 2270 ad
597 2238 715 2285 Gorg.
739 2237 830 2271 Plat.

172 2293 216 2336 -ὒ,
238 2291 321 2337 ·70’.
339 2307 372 2341 p.
390 2293 481 2341 269.
509 2293 572 2327 Est
593 2294 694 2328 enim
714 2292 830 2340 longe

183 2350 486 2385 convenientior
532 2348 661 2384 Taciti
698 2349 830 2384 verbis

183 2405 251 2441 ille
283 2418 330 2441 ex
360 2407 506 2454 Gorgia
537 2405 711 2453 prolatus
751 2405 830 2439 [eu-

181 2462 261 2499 sus.
296 2476 411 2510 quam
445 2475 560 2511 quem
581 2462 728 2498 indicat
762 2461 829 2497 Li-

176 2519 281 2566 psius
317 2519 557 2568 reipublicae
591 2518 687 2554 Plat.

232 2644 382 2679 compos
406 2631 496 2679 fuit.
557 2633 723 2667 Dictum
753 2644 825 2679 pro

890 2197 974 2218 rere
1007 2193 1117 2231 puto,
1147 2192 1263 2218 artem
1292 2183 1358 2218 hic
1384 2196 1538 2231 genera-

893 2240 963 2274 tim
995 2239 1074 2274 dici
1106 2239 1151 2274 de
1186 2240 1295 2274 omni
1319 2240 1541 2288 occupatio-

889 2309 962 2334 ne,
1020 2293 1292 2339 ἐπιτηδεύματι,
1344 2295 1539 2338 morib-us,

889 2353 970 2386 non
1008 2353 1168 2400 proprie
1205 2351 1251 2387 de
1292 2351 1539 2394 eruditione,

890 2421 986 2456 quae
1006 2409 1080 2454 jam
1113 2419 1192 2444 erat
1211 2408 1253 2443 in
1277 2409 1421 2444 litteris.
1454 2407 1538 2445 P-le-

889 2477 1057 2511 rumque
1077 2465 1179 2500 euim
1203 2465 1322 2500 bonae
1340 2473 1438 2499 artes
1453 2465 1538 2501 [unt

888 2519 1086 2561 hominis,
1131 2534 1212 2556 non
1245 2520 1425 2562 studiosi,
1466 2533 1537 2557 nec

886 2575 932 2610 ad
952 2575 1099 2613 litteras
1122 2577 1330 2625 pertinent.

945 2639 981 2676 8.
1018 2632 1217 2684 neceffaria
1235 2633 1459 2683 frugalitas.
1487 2631 1535 2668 cf.

172 2685 302 2722 hisee:
339 2702 488 2737 compos
500 2687 626 2738 factus
643 2686 703 2738 cjst.
729 2688 833 2732 [Nisi
895 2701 957 2731 ιι,
979 2697 1016 2733 5,
1049 2702 1111 2739 19.
