1779 3062
403 132 568 177 1Ns'r.
609 132 889 179 ORATOR.
923 136 1042 179 Lm.
1080 136 1154 191 X,
1193 135 1238 179 6.
1402 146 1495 193 187

139 262 383 318 fidelius,
462 258 611 325 quod
675 260 826 308 nulla
888 260 1154 311 scribendi
1223 260 1499 319 securitate

138 341 355 389 laxatur.
438 337 540 386 Sed
577 353 645 386 ne
679 337 744 384 ad
774 338 912 385 lianc
950 340 1172 404 quidem
1206 343 1321 389 vim
1358 343 1501 407 cogi*-

138 416 286 465 tandi
323 416 597 481 perveniri
639 414 811 480 potest
846 426 936 464 aut
975 416 1178 475 subito,
1253 429 1344 467 aut
1377 421 1497 469 cito,

138 496 280 544 Nam
311 495 548 560 primum
583 490 823 540 facienda
853 494 1026 542 multo
1063 493 1182 543 stilo
1217 493 1387 544 forma
1412 496 1502 555 est,
1524 514 1550 550 5

48 589 279 637 943quae
322 588 420 620 nos
470 571 630 618 etiam
691 572 981 635 cogitantes
1033 570 1312 637 sequatur:
1390 585 1508 623 tum

140 648 478 699 affumenclus
505 646 631 696 usus
658 649 935 713 paulatim,
974 660 1036 697 ut
1069 666 1237 715 pauca
1263 652 1502 715 primum

139 728 555 792 complectamur
596 727 806 784 animo,
883 743 1019 791 quae
1057 726 1214 774 reddi
1262 726 1500 777 fideliter

138 804 351 872 poffint:
391 819 520 850 mox
557 821 651 869 per
676 805 1001 852 incrementa
1023 815 1129 853 tam
1158 804 1398 864 modica,
1439 817 1500 855 ut

140 883 349 932 onerari
378 879 429 928 se
451 881 603 929 labor
625 882 716 929 ille
747 899 861 930 non
893 880 1096 940 sentiat,
1140 882 1379 947 augenda
1402 885 1502 942 vis,

138 970 191 1009 et
226 959 600 1007 exercitatione
637 960 806 1007 multa
846 959 1170 1009 continenda
1205 959 1307 1019 eft,
1365 979 1502 1026 quae

137 1036 358 1102 quidem
405 1037 631 1084 maxima
681 1054 745 1084 ex
778 1048 926 1104 parte
969 1038 1229 1086 memoria
1271 1037 1500 1088 constat:

136 1114 371 1180 ideoque
417 1114 598 1179 aliqua
639 1115 778 1164 mihi
819 1116 880 1163 in
918 1115 1077 1164 illum
1117 1116 1303 1165 locum
1348 1113 1503 1166 diffe-

216 1327 386 1377 fidelius,
423 1330 534 1377 quod.
566 1330 700 1365 Turio.
733 1329 838 1365 Flor.
863 1327 899 1377 f.
929 1343 997 1378 que
1039 1329 1259 1369 diremtim,
1291 1328 1353 1364 sed
1372 1328 1501 1365 Guelf-

131 1384 371 1435 fideliusque.
407 1386 525 1421 Goth.
553 1387 588 1435 f.
612 1401 706 1434 quae
729 1400 817 1422 cum
830 1385 930 1421 Alm.
953 1387 1058 1424 Voss.
1076 1398 1111 1422 2.
1144 1387 1336 1421 inhaerent
1349 1385 1383 1432 f.
1410 1400 1503 1435 quae

136 1457 173 1478 n.
199 1441 231 1491 s.
255 1441 289 1491 s.
322 1443 498 1479 laxantur
548 1444 681 1492 Camp.
717 1444 825 1492 quod
861 1443 999 1493 placet.
1061 1443 1227 1480 Omittit
1255 1442 1383 1479 Guetf.
1410 1442 1503 1491 scri-

135 1499 259 1534 luendi.

223 1621 262 1656 3.
297 1613 415 1649 multo
439 1611 550 1662 fiilo.
594 1614 730 1649 Turic.
760 1614 976 1663 posterius,
1028 1615 1163 1664 Camp.
1199 1627 1288 1650 cum
1319 1613 1441 1650 Goth.
1472 1624 1511 1650 et

136 1668 239 1706 Vall.
273 1671 384 1719 prius
420 1671 580 1706 omittit.
819 1674 933 1706 etiam
965 1674 1189 1720 cogitante&
1230 1673 1330 1710 Jens.
1364 1673 1509 1720 incogi-

139 1735 260 1763 tantes
291 1740 380 1762 cum
404 1728 489 1763 edd.
514 1728 675 1777 posterr.
699 1739 785 1763 ante
810 1728 901 1765 Ald.
927 1730 997 1777 qui
1025 1743 1090 1763 nec
1111 1730 1332 1776 cogitantes.

229 1793 305 1819 tam
347 1785 494 1820 modica
520 1805 570 1811 —
599 1785 718 1820 labor.
773 1785 907 1821 Turic.
963 1795 1041 1820 tam
1087 1786 1170 1820 odit
1212 1787 1428 1821 autonetari
1465 1785 1504 1827 l.,

139 1855 161 1876 a
182 1842 250 1876 sec.
272 1854 324 1876 m.
368 1850 393 1875 t.
417 1842 520 1876 edita
542 1852 583 1877 ut
605 1855 665 1877 on.
710 1841 863 1889 reliqua
886 1855 966 1878 non
992 1841 1190 1877 adduntur
1215 1855 1235 1877 a
1266 1842 1504 1878 conferente.

139 1897 246 1933 Flor.
276 1903 325 1939 (a
346 1911 404 1946 pr.
427 1902 508 1941 m.)
543 1908 619 1934 tam
652 1899 733 1933 odic
763 1907 828 1934 aut
848 1900 996 1934 onerari
1027 1899 1051 1934 l.
1339 1900 1408 1935 vis.
1443 1899 1508 1935 Sic

142 1955 276 1990 Turio.
305 1954 411 1991 Flor.
443 1954 527 1999 (hic
548 1969 568 1990 a
587 1969 648 2005 pr.
672 1957 745 2001 m,)
776 1955 938 2004 Reliqui
967 1954 1042 2005 usu.

203 2135 241 2170 3.
270 2126 443 2174 augenda
475 2128 530 2162 vis
549 2147 605 2154 —
628 2142 722 2177 quae
740 2147 799 2156 -··
855 2126 1059 2176 postquam
1105 2125 1239 2174 forma
1290 2137 1510 2175 comparata

140 2185 321 2219 memoria
339 2180 491 2231 constat.
541 2185 798 2232 Significatur
856 2185 936 2219 fuit
959 2183 1131 2233 plurima
1162 2183 1376 2219 scribendo.
1437 2183 1514 2218 Sed

141 2243 199 2277 vis
249 2240 372 2275 animi
419 2240 577 2289 longam
637 2254 797 2291 quoque
855 2240 925 2276 illa
977 2241 1186 2290 „inscripta
1223 2238 1514 2288 complectendi

144 2297 364 2332 orationem
435 2298 515 2332 sine
587 2299 797 2346 scriptione
855 2299 972 2338 ,‚vis“
1024 2297 1120 2346 quid
1174 2307 1411 2344 magnopere
1462 2296 1514 2332 est

145 2352 466 2402 complectentis;
489 2368 608 2403 eaque
624 2357 797 2403 augenda
854 2354 929 2390 nisi
950 2351 1173 2390 memoria?
1194 2356 1328 2401 Itaque
1348 2355 1386 2388 in
1407 2355 1514 2389 illum,

145 2408 194 2444 est
231 2413 293 2452 (ut
322 2410 496 2446 vitulum
547 2412 648 2447 ferre
680 2413 799 2448 affue-
858 2412 977 2447 locum
1009 2410 1098 2460 (lib.
1132 2425 1195 2446 ιι.
1237 2423 1318 2459 cap.
1351 2411 1407 2455 2.)
1438 2411 1514 2445 dif-

143 2466 283 2501 scendo
332 2479 429 2502 mox
493 2479 647 2504 taurum
688 2469 798 2510 ferat,
858 2468 1044 2504 ferendus
1067 2481 1113 2503 ex
1136 2480 1274 2516 magna
1301 2478 1408 2515 parte
1430 2468 1513 2514 ejus

146 2523 194 2558 cf.
224 2538 267 2564 1,
302 2534 347 2570 9,
382 2525 436 2568 5.)
469 2533 506 2559 et
536 2528 802 2560 exercitatione
858 2535 1055 2560 tractatus.
1089 2524 1134 2560 cf.
1161 2525 1244 2570 ejus
1271 2537 1350 2573 cap.
1386 2527 1514 2571 §.41-

145 2581 371 2615 continenda
404 2581 470 2621 (cf.
508 2582 555 2616 de
587 2581 656 2617 tali
678 2583 799 2629 hujus
859 2582 931 2616 ubi
953 2581 1119 2616 Milonis
1139 2580 1388 2616 Crotoniatae
1412 2581 1514 2616 [imi-

144 2636 260 2672 verbi
280 2637 350 2672 usu
372 2637 472 2672 dicta
491 2638 537 2673 ad
555 2639 667 2674 infer.
679 2639 801 2674 nostri
858 2638 1029 2673 litudine
1047 2638 1163 2674 etiam
1178 2637 1367 2673 Gesnerus
1387 2639 1515 2675 utitur

145 2692 242 2730 libri
261 2704 298 2734 et
318 2695 453 2731 Burm.
480 2695 527 2730 ad
551 2697 706 2732 Petron.
729 2699 799 2743 2.),
858 2696 901 2731 in
922 2705 1028 2732 nota.
