1779 3062
1466 195 1565 241 223

341 522 421 572 M.
501 522 746 571 FABII
826 521 1441 592 QUINTILIANI

842 667 931 692 121¹.

555 767 1225 829 ORATORIA

209 900 1573 1017 INSTITUTIONE

438 1056 720 1101 LIBER
789 1054 1347 1102 UNDECIMUS.

119 1222 248 1286 9601.
295 1181 530 1278 Parata,
570 1219 706 1269 sicut
744 1218 1019 1287 superiore
1061 1220 1203 1269 libro
1254 1218 1576 1278 continetur,

213 1295 459 1347 facultate
494 1296 776 1355 scribendi,
819 1296 1225 1363 cogitandiqUte,
1264 1307 1316 1345 et
1345 1313 1410 1346 ex
1442 1307 1577 1346 tem-

213 1392 346 1443 pore
368 1376 543 1434 etiam,
589 1392 713 1423 cum
734 1391 817 1424 res
848 1373 1032 1441 poscit,
1080 1373 1297 1433 orandi3
1336 1376 1582 1439 proxima

215 1452 289 1501 est
336 1469 487 1510 cura,
547 1463 608 1501 ut
639 1454 869 1501 dicamus
901 1462 1055 1517 apte.-
1112 1469 1271 1517 quam
1321 1452 1582 1501 virtutem

216 1541 457 1594 quartam
482 1530 804 1579 elocutionis
830 1530 1019 1579 Cicero
1042 1527 1383 1587 demonstrat,
1421 1546 1584 1594 quae-

213 1624 320 1673 que
357 1606 429 1655 est
451 1624 574 1656 meo
612 1607 834 1673 quidem
857 1605 1061 1668 judicio
1099 1607 1329 1655 maxime
1358 1604 1582 1654 necessa-

329 1730 601 1779 Inscriptionis
631 1729 737 1764 nihil
769 1730 813 1765 in
843 1730 978 1765 Turic.
1011 1728 1116 1766 Flor.
1146 1728 1275 1765 Guelf.
1311 1729 1446 1778 Camp.
1508 1729 1584 1765 Sed

212 1787 333 1823 Goth.
361 1788 449 1832 (tac.
474 1780 603 1839 Gesn.)
623 1786 766 1822 litteris
789 1787 916 1822 aureis
937 1786 993 1822 De
1015 1798 1102 1835 apte
1124 1787 1307 1825 dicendo‚·
1336 1787 1380 1821 in
1394 1784 1529 1822 Ambr.
1544 1797 1583 1823 2.

215 1843 358 1880 litteris
384 1843 604 1879 uncialibus
627 1843 847 1891 designatur
871 1843 965 1879 finis
989 1843 1039 1879 X.
1063 1843 1229 1878 initium
1247 1843 1318 1879 XI.
1341 1840 1450 1879 libri„

309 1959 342 1982 1.
377 1944 581 1994 superiore.
646 1945 709 1980 Sic
741 1944 845 1981 Flor.
879 1946 1015 1981 Ambr.
1052 1955 1088 1981 2.
1126 1943 1256 1980 Guelf.
1293 1946 1427 1994 Camp.
1462 1945 1584 1982 Goth.

217 2003 315 2044 Jens.
339 2004 426 2050 (tac.
449 2003 582 2051 Gesn.)
601 2015 690 2039 cum
714 2001 799 2037 edd.
823 2013 909 2038 ante
928 2002 1041 2038 Leid.
1062 2000 1226 2051 Reliqui
1236 2000 1437 2052 superiori.

301 2059 432 2109 poscit.
474 2060 535 2095 Sic
556 2060 689 2096 Turio.
713 2058 818 2095 Flor.
846 2060 981 2109 Camp.
1000 2058 1162 2108 Reliqui
1179 2057 1318 2108 poscet.

305 2131 469 2168 quaeque
516 2114 566 2165 est
616 2130 711 2151 meo.
793 2116 857 2151 Sic
906 2115 1012 2151 Flor.
1059 2117 1192 2166 Camp.
1237 2129 1326 2151 cum
1371 2116 1491 2154 Goth.
1547 2127 1587 2155 et

217 2175 304 2211 edd.
330 2185 415 2209 ante
439 2176 562 2209 Stoer.
595 2186 772 2223 quemque
796 2170 845 2220 est
868 2187 914 2209 m.
943 2173 1077 2209 Turic.
1103 2172 1265 2221 Reliqui
1296 2174 1487 2210 omittunt
1523 2171 1586 2223 eft,

217 2231 328 2281 quod
366 2243 461 2267 mox
501 2241 656 2279 ponunt
693 2230 736 2264 in
783 2230 863 2265 fine
903 2230 988 2280 post
1022 2227 1150 2280 neceffi
1192 2241 1343 2279 praeter
1378 2231 1513 2266 Ambr.
1548 2241 1586 2269 2.

218 2287 346 2325 Guelf.
407 2289 513 2323 Tum
551 2287 685 2323 Turic.
714 2285 940 2336 neceffario:
988 2286 1061 2338 eſje
1090 2289 1219 2322 autem
1249 2287 1335 2336 post
1369 2289 1495 2326 Cicero
1526 2288 1587 2324 in-

216 2345 305 2381 serit
329 2344 448 2380 Goth.
468 2342 581 2379 male.

281 2462 316 2484 1.
348 2456 388 2482 ut
407 2448 571 2483 dicamus
590 2455 689 2495 apte.
727 2448 872 2484 Rectis-
991 2449 1130 2485 Cicero.
1189 2446 1252 2483 De
1285 2445 1391 2483 Orat.
1430 2455 1478 2491 5,
1523 2459 1588 2483 10.

216 2504 309 2541 sime
337 2503 680 2553 Capperonnerius
707 2505 873 2541 remittit
933 2505 1097 2556 Quinam
1156 2505 1271 2552 igitur
1334 2503 1481 2539 dicendi
1538 2501 1590 2552 es}
1648 2551 1651 2553 ‚

216 2575 290 2598 nos
365 2561 410 2596 ad
465 2561 759 2609 Hermogenem
827 2563 873 2597 de
933 2561 1064 2597 modus
1107 2561 1258 2601 melior,
1297 2579 1352 2587 —
1403 2573 1513 2610 quum
1546 2570 1588 2597 ut:

217 2620 361 2655 Formis
411 2618 558 2653 dicendi
602 2629 650 2659 2,
701 2630 736 2666 9.
802 2619 874 2668 qui
933 2619 1064 2659 latine,
1096 2628 1136 2652 ιιε
1158 2618 1283 2666 plane,
1314 2625 1355 2652 ue
1379 2626 1520 2658 ornate,
1546 2626 1587 2652 112:

214 2675 326 2712 locus
367 2674 586 2724 praeceptis
618 2675 784 2712 refertus
824 2676 875 2711 est
933 2675 984 2711 ad
1009 2674 1060 2715 id,
1074 2675 1315 2724 quodcunque
1335 2683 1481 2719 agetur,
1499 2682 1588 2725 apte

212 2731 531 2784 prudentiffimiS.
934 2740 1245 2781 congruenterque
1265 2732 1463 2768 dicamus?
