1779 3062
238 203 340 251 214
561 194 638 241 M.
666 195 802 242 FAB.
841 196 1258 258 QurN‘mmANr

239 331 329 369 aut
371 319 688 385 legendum,

238 407 513 446 momento
541 399 795 466 temporis
816 398 976 464 poffit.
1029 397 1307 463 Siquidem
1329 399 1386 448 C.
1417 399 1588 448 Carbo

241 538 279 563 et
316 528 400 565 edd.
435 539 520 564 ante
551 528 640 565 Ald.
673 542 749 565 acc.
785 529 896 565 Basil.
927 543 1045 578 eaque
1073 528 1231 578 posterr.
1254 539 1339 564 ante
1359 529 1463 564 Roll.
1493 529 1595 564 lucra

239 585 300 620 vel
318 594 358 619 uc
380 605 429 612 -
454 598 567 634 opera
610 587 743 622 Tur-ic.
786 586 868 634 (sed
905 587 966 621 hic
990 596 1027 620 et
1059 585 1158 620 tradi
1187 597 1260 632 pro
1291 585 1437 633 tradit).
1479 586 1592 621 lucre-

241 649 299 675 tur
320 641 380 675 vel
407 650 637 691 zat—opera
678 641 782 678 Flor.
822 642 1005 691 Reliqui,
1040 653 1209 689 quorum
1247 641 1397 689 primus
1420 641 1592 676 Andreas

239 695 448 732 ,Alerienfis
482 696 683 745 (1470.),
715 698 805 733 lucri
831 700 909 738 vel,
963 706 1003 732 ut
1024 716 1079 723 —-
1100 699 1339 744 (quanquam
1364 695 1452 732 Ald.
1500 698 1593 732 lucri

239 752 340 786 velut
370 753 642 803 ineptiffime)‚
674 768 818 804 operae.
878 755 962 790 Post
1003 755 1094 788 lucri
1135 753 1324 787 omittunt
1350 752 1410 787 vel
1440 753 1592 800 Gryph-

239 808 405 851 <¹536-)
454 810 600 847 vidov.
863 820 928 846 aut
954 810 1162 857 legendum.
1214 809 1277 843 Sic
1311 807 1445 844 Turio.
1485 808 1591 845 Flor·⁴

237 864 299 899 vel
329 865 378 898 ad
409 865 433 900 Ζ.
482 865 601 901 Goth.
653 868 741 911 (tac.
777 867 903 910 Gesn.)
955 867 1089 913 Camp.
1142 864 1304 900 Omittit
1340 864 1435 899 haec
1465 864 1593 900 Guelf.

767 332 857 371 aut
905 320 1194 371 dicendum
1242 322 1358 387 rapi
1406 321 1679 385 aliquo958

237 919 401 968 Reliqui
429 936 463 956 a.
487 923 537 957 ad
557 922 581 959 l.
613 923 686 958 nisi
709 922 816 972 quod
847 936 941 958 mox
973 933 1059 956 ante
1091 921 1160 955 dic.
1192 933 1349 969 quoque
1382 920 1432 956 ad
1462 920 1596 956 inserit

236 975 385 1010 Rollin.
425 977 535 1014 Harl.

238 1031 373 1081 Camp.
404 1034 529 1070 modo.

239 1156 320 1180 non
340 1144 390 1180 est
408 1145 451 1180 in
472 1159 685 1196 comperto.
714 1150 890 1185 Demon-

238 1200 356 1235 strant
377 1202 534 1249 quidem
547 1206 632 1241 VV.
647 1206 736 1240 DD.
757 1205 889 1240 Iocum

239 1255 419 1293 oratoris
442 1271 522 1308 cap.
550 1273 610 1295 10.
636 1265 667 1308 ᾖ.
691 1263 891 1306 54..„Jam

235 1324 451 1359 „quantum
500 1315 602 1350 illud
650 1317 720 1357 est,
784 1317 892 1364 quod

237 1368 308 1409 „in
341 1370 522 1406 maximis
566 1374 890 1421 occupationibus

238 1438 468 1473 „nunquam
507 1428 737 1465 intermittis
769 1430 891 1465 studia

238 1481 490 1521 „doctrinael
533 1485 680 1533 semper
722 1497 786 1521 aut
812 1487 891 1534 ipse

239 1537 403 1577 „scribis
422 1539 585 1587 aliquid,
608 1554 672 1577 aut
692 1556 754 1577 me
775 1555 891 1578 vocas

239 1594 317 1633 „ad
337 1594 620 1637 scribendum,“
637 1598 696 1632 fed
718 1599 791 1647 ipsi
812 1612 891 1633 non

240 1650 497 1697 acquiescunt.
520 1653 746 1702 Quanquam
770 1655 892 1690 fateor

241 1705 346 1740 mihi
366 1706 442 1742 hoc
461 1708 641 1750 sufficere,
674 1711 741 1758 qui
763 1710 893 1760 perfu-

242 1761 381 1797 soriam
411 1763 520 1798 illam
549 1765 781 1815 scriptorum
808 1767 893 1802 loca

245 1821 581 1856 commemorandi
619 1824 809 1859 rationem
851 1824 894 1858 in

243 1875 374 1911 nostro
454 1878 568 1913 toties
653 1880 891 1927 agnoverim.

243 1931 399 1967 Deinde
421 1934 638 1970 lucrativam
668 1936 786 1983 hujus
809 1936 896 1972 aevi

243 1988 481 2025 vocabulum
497 1991 568 2025 effe
585 2003 738 2040 negant,
750 1993 896 2029 nedum

243 2055 286 2079 ut
309 2057 354 2079 eo
376 2046 513 2082 Cicero
543 2048 628 2083 usus
657 2049 703 2083 sit
733 2051 837 2091 (nam
859 2060 896 2084 et

243 2099 321 2136 hoc
341 2113 450 2138 cavet
460 2105 720 2151 Burmannus)
736 2106 778 2140 in
797 2106 892 2153 ipso,

245 2158 315 2205 qui
334 2159 547 2207 respicitur,
575 2159 675 2196 loco.
709 2162 895 2198 Ciceroni

245 2214 329 2249 sane
365 2215 470 2250 nihil
503 2216 576 2252 tale
618 2218 893 2257 obtrudemus;

248 2270 310 2305 fed
338 2284 409 2307 nec
435 2273 579 2307 neceffe
619 2273 668 2307 est
707 2274 784 2322 ipsa
813 2275 895 2318 ejus

249 2327 367 2362 verba
388 2329 552 2376 posuiffe
571 2329 754 2364 nostrum.
806 2330 898 2364 Vox

250 2382 333 2418 sane
389 2383 455 2418 ista
512 2398 583 2420 nec
637 2384 897 2421 vetustiffimis

250 2437 362 2489 libris
388 2440 621 2482 defenditur,
649 2455 775 2488 neque
796 2441 899 2489 apud

251 2493 347 2531 alios
367 2510 479 2543 quam
497 2497 597 2543 juris
613 2497 741 2533 civilis
765 2507 894 2532 aucto-

249 2564 308 2586 res
330 2551 487 2599 legitur.
535 2555 713 2588 Attamen
735 2553 894 2589 structu-

249 2620 287 2640 ra
304 2633 313 2646 ,
346 2607 470 2656 qualis
493 2610 602 2644 estin
622 2609 798 2658 vulgata,
831 2622 894 2656 ap-

249 2662 385 2698 tiffime
405 2664 577 2700 decurrit
591 2679 662 2701 nec
681 2665 894 2714 quidquam

249 2717 365 2754 habet
385 2722 586 2770 peregrini
614 2721 780 2763 coloris;
806 2734 895 2757 cum

770 988 966 1016 momento.

1005 977 1109 1014 Flor.
1165 979 1205 1022 (a
1235 990 1295 1027 pr.
1323 978 1397 1026 m.)
1446 977 1590 1013 moden.

948 1147 1015 1184 illa
1037 1148 1203 1184 aliorum
1228 1149 1319 1183 lucri
1350 1147 1410 1183 vel
1432 1167 1485 1174 —
1506 1160 1596 1196 ope-

950 1219 1032 1245 rae,
1081 1204 1194 1252 plane
1224 1218 1304 1239 non
1345 1204 1392 1238 sit
1427 1203 1595 1239 ferenda.

949 1262 1088 1307 Neque
1120 1273 1190 1307 ego
1209 1261 1329 1306 liujus
1360 1259 1491 1295 aetatis
1510 1259 1598 1293 scri·

949 1328 1079 1365 ptores
1101 1316 1310 1352 abhorrere
1335 1316 1454 1350 video
1482 1330 1502 1350 a
1522 1314 1598 1350 fin-

950 1372 1086 1420 gendis
1122 1373 1264 1408 talibus
1301 1372 1515 1418 adjectivis.
1549 1371 1596 1408 cf.

951 1430 1050 1464 dicta
1072 1429 1118 1463 ad
1139 1438 1175 1471 5,
1206 1438 1243 1472 5,
1278 1440 1314 1476 9.
1345 1429 1507 1464 Lucrum
1524 1429 1598 1463 im-

949 1485 1087 1534 primis
1122 1486 1191 1525 est,
1224 1486 1331 1533 quod
1365 1484 1598 1533 insperatum

950 1541 1169 1577 commodis
1199 1542 1337 1578 nostris
1369 1542 1598 1588 acquiritur.

949 1600 1086 1645 Itaque
1133 1611 1284 1645 operam
1325 1598 1600 1633 lucrativama

951 1654 1023 1699 Qu.
1047 1653 1124 1688 dici
1144 1655 1309 1701 potuiffe
1331 1654 1462 1697 censeo
1487 1654 1601 1702 quid-

951 1710 1048 1757 quid
1079 1723 1217 1757 operae
1248 1711 1436 1757 injunctis
1473 1722 1510 1747 et
1534 1725 1600 1746 ne-

952 1766 1115 1800 ceffariis
1163 1765 1364 1802 laboribus
1414 1768 1601 1816 negotiis-

953 1835 1028 1869 que
1085 1822 1196 1857 velut
1254 1823 1531 1875 surriperetur¹
1564 1835 1601 1860 et

954 1877 1105 1913 dilectis
1127 1878 1256 1914 studiis
1278 1879 1484 1916 accederet.
1528 1881 1601 1916 'Si-

952 1933 1041 1969 mili
1080 1935 1200 1970 modo
1231 1934 1423 1983 subseciva
1461 1945 1602 1985 tempo-

953 2005 1032 2026 rum
1053 1992 1254 2039 usurpavit
1280 2005 1314 2031 1,
1353 2004 1414 2033 12,
1451 2002 1514 2036 15.

1013 2047 1050 2082 C.
1079 2048 1197 2083 Carbo
1219 2051 1330 2082 etiam
1361 2050 1397 2082 in
1431 2049 1601 2086 taberna-

953 2104 1048 2138 culo.
1105 2105 1192 2138 Hoc
1214 2105 1339 2151 ipsum
1363 2104 1408 2138 de
1429 2105 1601 2142 taberna-

953 2159 1043 2195 culo
1074 2159 1172 2208 apud
1207 2158 1361 2194 nullum
1390 2160 1510 2195 alium
1540 2163 1600 2197 in-

952 2216 1071 2251 venio
1105 2226 1324 2256 auctorem;
1367 2217 1427 2251 sed
1455 2218 1599 2254 Carbo-

953 2272 1014 2307 nis
1035 2271 1260 2306 industriam
1279 2271 1322 2306 in
1357 2274 1599 2309 exercitatio-

954 2327 1071 2363 nibus
1131 2339 1412 2364 commemorat
1461 2330 1599 2366 Cicero

952 2384 1062 2418 Brut.
1083 2397 1114 2418 c.
1139 2394 1202 2426 27.
1235 2385 1324 2427 (ubi
1353 2385 1444 2421 vide
1463 2387 1601 2422 Weze-

951 2439 1070 2487 lium)
1092 2451 1127 2475 et
1150 2439 1195 2475 dc
1222 2439 1328 2476 Orat.
1357 2456 1391 2482 1,
1414 2449 1478 2486 54.
1500 2443 1601 2483 Hoc,

954 2495 1266 2544 eloquentissimo
1316 2498 1374 2532 sui
1414 2499 1601 2546 temporis

952 2562 1130 2600 patrono,
1158 2552 1404 2601 percellendo
1425 2554 1601 2603 primum

952 2607 1136 2642 inclaruit
1180 2622 1341 2656 magnus
1384 2621 1514 2645 orator
1551 2611 1598 2645 L.

952 2664 1130 2699 Licinius
1160 2665 1333 2705 Craffus,
1369 2666 1486 2700 unius
1517 2677 1600 2701 tum

954 2730 991 2757 et
1049 2720 1194 2769 viginti
1250 2734 1442 2757 annorum
1510 2722 1602 2758 ado-
