1779 3062
466 142 631 187 INST.
670 141 951 188 ORATOR.
986 146 1108 191 LIB.
1147 146 1219 201 X,
1262 158 1308 199 5.
1465 146 1560 205 169

441 266 546 317 sint

214 268 350 337 quae
631 268 879 317 materiae
904 285 917 317 t
1016 287 1151 334 quae
1227 273 1399 337 prima
1475 284 1566 322 aut

213 345 441 396 secunda
459 383 474 403 ‚
564 355 655 394 aut
747 345 996 410 deinceps
1082 349 1349 397 tractanda
1433 347 1563 399 sint:

213 440 339 473 nam
414 422 474 470 id
534 421 734 470 factum
803 421 877 469 est
947 424 1105 470 etiam
1167 427 1342 489 primo
1409 427 1568 485 libro,

214 518 324 565 quo
385 516 710 565 puerorum,
773 509 825 546 et
889 498 1154 558 secundo,
1231 517 1341 564 quo
1406 504 1571 553 robu-

214 576 439 626 stiorum
516 575 704 624 studiis
779 575 1025 624 ordinem
1102 576 1387 627 dedimus:
1463 579 1570 639 sed,

212 653 280 703 de
314 671 423 718 quo
459 670 606 702 nunc
635 654 835 718 agitur,
885 654 1034 701 unde
1072 656 1224 720 copia
1262 672 1318 702 ac
1350 654 1570 707 facilitas

212 732 439 779 maxime
473 731 667 778 veniat.
747 732 962 778 Vertere
995 732 1186 779 Graeca
1220 732 1280 779 in
1310 735 1562 782 Latinum
1583 760 1607 786 2

127 818 423 871 941veteres
464 805 629 855 nostri
668 818 900 856 oratores
942 808 1208 872 optimum
1252 808 1570 868 judicabant.

213 884 276 935 Id
306 883 445 934 se'L.
471 881 675 933 Craffus
713 887 773 934 in
804 885 913 935 illis
946 886 1221 935 Ciceronis
1251 885 1318 936 de
1351 889 1572 937 Oratore

215 1007 382 1055 exeplice
405 1008 442 1041 in
469 1009 529 1047 eis,
564 1020 583 1042 a
605 1007 674 1043 sec.
698 1021 750 1044 m.
787 1008 947 1055 exempli
967 1010 1024 1043 cui
1049 1010 1086 1042 in
1109 1009 1170 1043 eis.
1209 1007 1314 1044 Flor.
1355 1008 1396 1053 (a
1416 1023 1474 1059 pr.
1499 1012 1574 1057 m.)

217 1065 396 1112 explicem
416 1066 478 1099 eis.
732 1079 826 1114 quae
836 1063 926 1113 sint.
961 1065 1092 1100 Turio.
1124 1064 1163 1108 (a
1186 1066 1252 1102 see.
1273 1065 1411 1114 manu)
1444 1067 1573 1105 Guelf.

215 1122 349 1169 Camp.
383 1120 501 1156 Goth.
536 1121 634 1160 Jens.
668 1123 756 1167 (tac.
782 1123 910 1163 Gesn.)
942 1122 1058 1157 Tarv.
1101 1119 1240 1171 q.sunt
1281 1135 1370 1158 cum
1407 1124 1512 1159 Voff.
1537 1133 1574 1160 2.

212 1177 302 1213 ΑΜ.
537 1188 573 1213 et
586 1177 764 1226 secundo.
798 1177 902 1213 Flor.
932 1179 1065 1213 inferit
1099 1180 1147 1213 in.
1375 1193 1446 1227 quo
1466 1180 1575 1215 robu-

204 1231 376 1281 stiorum.
440 1234 503 1268 Sic
535 1235 668 1269 Turic.
699 1248 771 1284 quo
801 1236 879 1277 jam
912 1232 1156 1282 robustiorum
1188 1233 1316 1270 Guelf.
1364 1250 1434 1284 quo
1468 1237 1575 1271 robu-

208 1287 353 1337 fiorum
385 1289 489 1324 Flor.
524 1293 562 1333 (a
584 1303 641 1339 pr.
664 1293 738 1335 m.)
771 1289 872 1326 Alm.
914 1290 1076 1338 Reliqui
1120 1303 1190 1339 quo
1218 1291 1300 1335 jam
1334 1289 1575 1340 robustorum.

215 1346 407 1382 Nostrum
442 1347 611 1393 conjecit
640 1349 838 1382 Francius.
871 1348 917 1382 cf.
940 1358 987 1388 2,
1019 1357 1057 1387 2,
1095 1353 1156 1390 14.
1386 1348 1576 1396 facilitas.

215 1403 350 1437 Turic.
383 1406 422 1448 (a
456 1403 525 1438 sec.
556 1402 630 1449 m.)
662 1404 781 1439 Goth.
819 1406 908 1445 (tac.
932 1404 1061 1448 Gesn.)
1093 1405 1227 1452 Camp.
1260 1404 1370 1439 Bafil.
1397 1404 1577 1452 facultas.

219 1458 267 1494 cf.
304 1469 350 1499 2,
385 1470 430 1500 2,
468 1472 528 1494 11.
571 1466 622 1506 4,
658 1471 721 1503 17.
779 1473 850 1500 ιο,
888 1473 931 1501 1,
963 1468 1026 1507 59.
1078 1463 1154 1495 Pro
1187 1474 1229 1495 ac
1260 1461 1351 1496 dant
1381 1470 1418 1495 et
1447 1461 1575 1499 Guelf.

219 1514 338 1550 Goth.
374 1515 472 1553 Jens.
506 1518 594 1558 (tac.
617 1517 746 1560 Gesn.)
780 1530 868 1551 cum
896 1516 982 1551 edd.
1006 1516 1164 1564 posterr.
1195 1527 1280 1551 ante
1311 1517 1462 1566 Gryph.

301 1579 339 1606 2.
365 1571 593 1616 judicarant.
625 1573 688 1607 Sic
709 1573 839 1608 Turic-
861 1572 965 1608 Flor.
988 1572 1073 1618 (hic
1092 1585 1110 1606 a
1135 1586 1193 1620 pr.
1213 1574 1285 1617 m.)
1305 1587 1394 1608 cum
1416 1574 1520 1611 Alm.

303 1628 348 1662 Id
361 1627 414 1677 se.
440 1628 572 1664 Turio.
601 1630 732 1678 Camp.
758 1629 847 1678 ipse.
1085 1630 1257 1665 Oratore.
1279 1631 1414 1666 Turic.
1439 1635 1577 1680 (quan-

217 1696 334 1733 quam
367 1698 436 1733 per
472 1687 772 1734 compendium)
803 1686 907 1722 Flor.
946 1686 1029 1732 (hic
1052 1699 1071 1720 a
1091 1699 1149 1734 pr.
1178 1687 1250 1729 m.)
1282 1689 1464 1722 oratoriis.
1505 1689 1580 1725 Ille

218 1753 240 1776 a
269 1741 338 1777 sec.
370 1754 422 1776 m.
459 1751 610 1778 oratore
639 1743 680 1777 id
702 1742 757 1792 se.
796 1744 929 1792 Camp.
966 1743 1051 1792 post
1078 1756 1218 1779 vocem
1250 1744 1416 1779 nostram
1446 1744 1582 1783 inserit

274 1845 395 1893 primo
475 1844 569 1879 libro
612 1865 664 1872 —
693 1844 869 1895 secundo.
929 1845 1031 1880 mini
1059 1858 1121 1880 me
1151 1846 1321 1893 reperire
1358 1846 1401 1882 in
1430 1848 1582 1897 scriptis

225 1912 260 1935 1.
281 1913 362 1947 cap.
385 1912 421 1947 9.
457 1911 492 1935 2.
519 1914 626 1950 capp.
649 1908 685 1945 4.
723 1915 785 1937 ιο.

271 1955 361 2005 sed,
403 1957 448 1991 de
490 1971 559 2005 quo
603 1972 697 1993 nunc
735 1961 869 2007 agitur.

221 2013 488 2051 Commodum
520 2014 587 2048 hoc
616 2028 689 2063 pro
723 2029 791 2063 quo
820 2014 872 2051 le·

221 2070 394 2119 gendum
472 2070 604 2106 suadet
670 2072 871 2107 Gesnerus.

173 2140 176 2144 ’
219 2125 388 2162 Fortasse
418 2125 546 2162 lenius
579 2141 634 2163 eo.
705 2130 873 2176 Recepta

217 2183 407 2231 ,scriptura
464 2183 696 2232 impeditam
757 2185 876 2220 habet

219 2240 471 2280 structuram,
512 2241 542 2274 si
577 2254 622 2276 ex
652 2241 724 2277 illo
748 2242 876 2289 'expli-

221 2308 340 2331 cemus
381 2297 574 2345 repetitur
617 2299 877 2347 explicandum

220 2349 284 2400 est.

281 2419 319 2444 2.
354 2407 567 2458 Craffus—
585 2411 723 2446 Cicero.
765 2410 878 2445 Prius

222 2464 316 2500 vide
348 2465 393 2499 de
428 2466 498 2502 Or.
524 2481 540 2501 ι
560 2493 570 2508 ,
601 2475 665 2510 54.
700 2466 878 2501 Alterum

224 2521 484 2557 demonstrare
540 2536 622 2559 non
670 2523 876 2570 contingit.

222 2578 364 2625 Neque
400 2578 504 2613 enim
545 2580 619 2614 nisi
652 2579 696 2615 in
738 2592 878 2627 genere

229 2634 544 2670 commendatam
557 2636 790 2671 Graecarum
813 2634 879 2670 lit-

214 2700 398 2726 terarum
441 2692 762 2729 exercitationem
798 2705 879 2728 me·

931 1901 1210 1941 Ciceronianis,
1223 1901 1334 1937 velut
1348 1903 1466 1939 initio
1483 1904 1583 1941 libb.

932 1959 978 1993 de
1004 1958 1167 1997 Officiis,
1191 1958 1237 1993 de
1263 1959 1439 2001 Finibus,
1463 1975 1583 2009 eaque

930 2025 1038 2064 parte
1068 2015 1201 2054 Bruti,
1252 2015 1322 2051 ubi
1360 2015 1406 2050 de
1438 2017 1583 2053 studio·

930 2084 1020 2107 rum
1040 2072 1198 2106 suorum
1220 2072 1374 2107 ratione
1404 2074 1580 2122 exponit.

933 2128 1113 2175 Suspicor
1174 2138 1212 2163 et
1256 2128 1356 2163 hanc
1409 2128 1585 2178 frequen-

934 2187 962 2219 ti
992 2198 1065 2219 zrne
1112 2185 1159 2220 de
1214 2186 1390 2221 vertendo
1441 2186 1586 2222 Graeca

932 2243 1196 2290 praecipientis
1245 2243 1432 2278 Ciceronis
1478 2257 1586 2278 men-

936 2298 1084 2334 tionem
1136 2298 1207 2333 effe
1259 2298 1321 2338 ab,
1360 2297 1429 2334 illa
1470 2299 1587 2336 toties

937 2354 1053 2389 nobis
1085 2354 1345 2390 animadversa
1387 2356 1589 2391 securitate

939 2410 1186 2457 Quintiliani,
1224 2412 1295 2459 qui
1325 2410 1457 2448 libros·
1482 2425 1589 2447 cum-

936 2467 1107 2502 maxime
1137 2467 1311 2503 laudatos
1353 2482 1479 2517 neque
1508 2482 1589 2504 me-

937 2536 1064 2558 moria
1125 2534 1293 2559 tenuerit
1350 2538 1476 2573 neque
1533 2526 1589 2561 in·

936 2580 1116 2627 [pexerit.
1178 2580 1250 2615 Sed
1282 2580 1385 2615 suam
1414 2582 1589 2631 inopiam

937 2635 1004 2670 hic
1044 2636 1172 2672 testari
1207 2637 1436 2686 interpretes
1479 2639 1592 2675 debe-

936 2691 1042 2728 bant.
