1779 3062
462 172 629 218 INST.
664 171 948 221 ORATOR.
984 176 1107 221 LIB.
1142 175 1240 233 XI,
1287 187 1331 221 1.
1467 189 1567 236 259

204 302 336 351 riter
372 296 514 366 apud
552 299 765 356 amicos,
806 317 1201 367 nonnunquam
1235 304 1294 352 in
1325 302 1567 369 dialogis,
1619 345 1624 348 .

204 379 374 426 aliena
404 388 581 425 tamen
619 375 870 444 persona,
932 394 1122 428 verum
1151 380 1217 428 de
1256 382 1567 445 eloquentia

202 453 298 503 sua
330 454 473 503 dicit.
563 458 628 503 Et
671 464 849 521 aperte
881 465 1057 504 tamen
1093 459 1338 522 gloriari,
1388 457 1568 508 nescio

204 550 271 580 an
304 531 370 581 sit
413 533 580 598 magis
625 533 902 581 tolerabile
942 534 1031 581 vel
1079 533 1188 601 ipsa
1239 537 1360 583 vitii
1405 536 1571 597 hujus

200 609 536 678 simplicitate
553 628 566 669 ;
609 627 770 674 quam
799 611 890 658 illa
913 611 972 659 in
1000 614 1280 673 jactatione
1309 613 1571 678 perversa,

199 687 243 737 si
277 688 551 738 abundans
578 688 773 754 opibus
805 705 1096 756 pauperem
1133 688 1199 747 se,
1229 690 1441 740 -nobilis
1477 692 1573 741 ob-

200 765 433 824 scurum,
474 776 526 814 et
556 777 751 832 potens
784 765 1086 824 infirmum,
1127 778 1178 816 et
1213 766 1440 817 disertus
1469 771 1572 817 im-

199 846 439 913 peritum
460 844 618 912 plane
641 853 693 892 et
715 842 979 893 infantem
1000 855 1170 894 vocet.
1206 844 1569 895 Ambitiosum

290 1046 358 1072 21.
399 1035 536 1071 aliena.
579 1034 716 1071 Ambr.
742 1046 777 1072 2.
825 1034 954 1072 Guelf.
988 1038 1179 1074 omittunt
1210 1052 1298 1074 cum
1330 1039 1434 1077 Voss'.
1468 1051 1500 1073 1.
1532 1048 1571 1083 5.

190 1093 299 1132 'Jens.
325 1104 362 1128 et
383 1092 543 1142 posterr.
570 1104 656 1128 ante
681 1092 769 1128 Ald.
793 1092 865 1143 sub
888 1094 1008 1130 Goth.
1041 1098 1128 1140 (tac.
1156 1097 1286 1140 Gesn.)

289 1160 425 1185 tamen.
460 1149 579 1186 Goth.
615 1164 706 1191 cum,
740 1165 828 1187 cum
848 1152 945 1190 Jens.
968 1162 1006 1187 et
1027 1152 1112 1187 edd.
1136 1153 1294 1201 posterr.
1319 1163 1404 1188 ante
1423 1151 1512 1189 Ald.

288 1222 487 1243 verum—
507 1208 678 1255 gloriari.
717 1209 923 1255 Inter-jecta
959 1209 1150 1244 omittunt
1183 1210 1317 1245 Turic.
1347 1209 1452 1245 l'lor.
1486 1209 1570 1252 (hic

205 1280 225 1301 a
244 1279 303 1314 pr.
325 1265 399 1310 ιιι.)
427 1277 515 1299 cum
541 1263 642 1299 Alm.
671 1267 796 1313 Kapp.
1058 1264 1138 1314 ipsa
1169 1268 1264 1302 vitii.
1299 1265 1432 1301 Turic.
1462 1266 1567 1302 Flor-

202 1323 305 1367 (nisi
335 1321 441 1368 quod
477 1335 524 1356 ex
556 1320 634 1355 hoc
662 1316 792 1372 cupit)
825 1324 849 1358 ι’.
882 1322 961 1357 alia
990 1324 1074 1369 cupi
1103 1335 1193 1358 cum
1231 1322 1334 1358 Alm.
1377 1324 1400 1358 ι’.
1438 1323 1505 1357 illa
1534 1337 1571 1358 υ.

204 1381 339 1427 Camp.
363 1391 452 1413 cum
476 1377 562 1412 Ald.
588 1377 734 1414 Vidov.
964 1379 1032 1414 illa
1054 1380 1089 1413 in
1103 1380 1326 1423 jactatione.
1356 1379 1417 1414 Sic
1437 1379 1572 1415 Turic-

200 1436 308 1473 Flor,
340 1433 501 1483 Reliqui
532 1434 721 1470 omittunt
743 1437 792 1471 in.
1020 1434 1076 1485 se,
1104 1437 1251 1472 nobilis.
1285 1436 1418 1471 Turic-
1443 1434 1514 1484 sed
1536 1450 1574 1471 n.

192 1493 309 1529 ‚Flor-
344 1491 382 1540 si
413 1506 447 1526 n.
490 1491 713 1527 Nobiscum
747 1492 897 1528 faciunt
928 1491 1031 1528 Alm.
1059 1494 1206 1529 Vascos.
1243 1492 1376 1542 Steph.
1408 1493 1574 1541 Capper.

204 1551 314 1586 Gesn.
340 1551 428 1597 Bip.
452 1548 615 1596 Reliqui
643 1559 680 1583 et
700 1550 832 1596 scripti
856 1560 892 1584 et
917 1550 1045 1585 excusi
1075 1549 1250 1585 inserunt
1277 1558 1400 1597 neget,
1436 1551 1574 1598 Camp.

192 1616 313 1655 ‚neget
334 1606 384 1655 si.
622 1604 825 1653 infirmum,
861 1615 897 1641 et:
917 1605 1082 1655 disertus.
1114 1606 1209 1642 Bad.
1242 1606 1377 1642 inserit
1409 1609 1431 1642 ι’.
1463 1618 1575 1656 quam.

194 1664 234 1715 si
250 1663 294 1713 se
315 1666 351 1699 d.
386 1677 474 1698 cum
495 1662 654 1712 posterr.
684 1674 769 1697 ante
791 1664 954 1712 Capper.
988 1663 1069 1712 Ipse
1090 1663 1174 1698 sane
1195 1663 1285 1698 Bad.
1309 1664 1463 1698 invexit
1482 1663 1574 1704 hoc,

201 1723 264 1758 sed
292 1733 335 1757 ut
358 1721 591 1761 remedium,
626 1720 655 1755 si
679 1720 915 1756 retineretur
939 1729 1061 1768 neget,
1092 1720 1197 1768 quod
1230 1720 1357 1769 ipsum
1374 1720 1576 1769 improba·

203 1779 291 1819 bat;
322 1791 358 1814 et
385 1776 442 1826 sic
473 1778 646 1818 suadens,
678 1790 749 1812 nec
781 1777 977 1826 recipiens
1012 1788 1152 1816 tamen,
1185 1790 1257 1825 pro
1283 1776 1321 1826 si
1353 1788 1440 1813 ante
1461 1777 1577 1813 abun-

203 1837 307 1873 dans.
341 1836 545 1874 Gesnerus,
579 1848 710 1870 carens
741 1833 810 1869 ille
835 1834 963 1882 prima
985 1833 1102 1868 Badii
1136 1834 1210 1874 ed.,
1245 1844 1446 1869 auctorem
1466 1833 1576 1869 hunc:

201 1893 401 1943 perversae
425 1905 521 1940 quae
545 1891 748 1927 obtinebat
770 1891 980 1939 scripturae
1010 1890 1246 1938 suspicatur3
1280 1891 1342 1925 sed
1363 1900 1467 1925 recta
1488 1901 1576 1926 ante

201 1952 238 1986 se
274 1950 536 1986 restituentem
567 1949 732 1997 Capper.
767 1958 876 1983 tacet.
1135 1957 1253 1983 vocer.
1294 1947 1429 1984 Turio.
1466 1945 1574 1983 Flor-

199 2007 288 2051 (hic
309 2021 328 2042 a
348 2020 406 2055 pr.
428 2007 501 2050 m.)
533 2014 676 2041 vocent.
914 2002 1176 2055 Ambitiosum.
1205 2005 1268 2041 Sic
1303 2003 1438 2041 Turic.
1467 2002 1574 2040 Flor.

149 2072 151 2075 '
200 2064 365 2115 Reliqui
384 2061 743 2114 Ambitioszffimum.

263 2236 327 2262 21.
362 2226 429 2260 illa
467 2227 504 2262 ἱη
543 2226 749 2269 iactatione
777 2239 860 2272 per·
975 2220 1235 2271 Ambitiosum.
1325 2222 1442 2258 Plane
1500 2235 1574 2272 pro

201 2281 320 2331 versa.
372 2283 528 2318 Neutro
564 2295 703 2329 genere
731 2282 859 2330 accipe
910 2280 1126 2331 superbum.
1161 2280 1206 2315 cf.
1238 2283 1270 2326 ᾗ.
1299 2289 1364 2324 5ο.
1401 2280 1465 2324 67.
1512 2291 1575 2321 ι2,

203 2342 271 2375 illa
307 2338 502 2389 perversa,
540 2351 610 2374 nec
642 2338 859 2387 quidquam
925 2353 939 2373 1
955 2354 987 2378 ι,
1007 2345 1117 2382 14.εῑ
1137 2335 1290 2384 aliquot
1307 2339 1469 2372 Senecae
1491 2336 1576 2371 loca

203 2397 375 2432 offendet
410 2396 451 2430 in
472 2397 558 2433 loco
574 2423 583 2436 ‚
614 2408 730 2443 quem
752 2394 859 2431 varie
918 2397 961 2431 in
985 2393 1155 2443 epistolis
1185 2407 1221 2441 p.
1245 2394 1329 2441 Bip.
1363 2401 1456 2436 407.
1481 2400 1575 2437 408.

204 2464 402 2489 tentarunt
420 2454 503 2489 VV.
527 2453 620 2490 DD.
650 2464 738 2487 cum
761 2452 860 2487 abes·
919 2453 993 2491 bis.
1019 2460 1111 2494 410.
1139 2450 1312 2486 Martial.
1331 2462 1367 2497 9,
1392 2449 1455 2493 63.
1479 2451 1576 2484 item

202 2511 256 2546 set
279 2512 316 2544 in
339 2511 585 2558 praepositio.
629 2509 860 2558 Simplicita·
919 2522 992 2546 nos
1023 2509 1071 2543 ad
1107 2509 1151 2548 6,
1197 2519 1242 2551 4,
1290 2508 1327 2542 6.
1379 2506 1578 2541 Deridetur

204 2578 276 2602 tem
305 2567 398 2602 vido
435 2567 482 2602 ad
514 2577 558 2608 2,
599 2577 645 2606 2,
679 2574 714 2610 5.
747 2577 784 2601 et
814 2565 860 2601 cf.
921 2567 1090 2605 auditor,
1134 2578 1221 2600 cum
1253 2577 1369 2612 quem
1409 2564 1577 2599 divitem

203 2623 435 2663 Juvenalem
474 2633 518 2664 2,
556 2631 618 2668 13.
678 2625 862 2663 „Horum
921 2623 1037 2660 novit
1054 2622 1088 2657 is
1119 2623 1156 2657 ei
1187 2623 1222 2657 se
1243 2633 1454 2671 pauperem
1480 2633 1577 2655 ven·

202 2679 456 2730 „simplicitas
474 2679 748 2717 miserabilis.“
924 2680 1044 2718 ditat,
1106 2693 1154 2714 ne
1214 2680 1364 2727 sperans
1416 2676 1577 2725 quidem

615 2750 617 2752 ·
923 2736 1055 2774 uuum
1077 2736 1272 2772 mendacii
1291 2733 1506 2772 successum.
