1779 3062
1491 174 1592 208 221

461 800 974 839 ARGUMENTUM
1027 802 1223 839 LIBRI
1268 803 1359 847 „XL

222 1003 330 1053 ,Apte
361 1005 555 1040 dicendum
581 1001 674 1055 'effe.
711 1007 800 1054 Cap.
829 1019 846 1040 1
864 1015 970 1050 ——3.
1032 1008 1071 1041 in
1102 1005 1254 1055 diversis
1275 1005 1467 1056 causarum
1487 1020 1598 1055 gene-

280 1074 384 1109 ribus
417 1092 474 1100 --
506 1073 542 1110 6.
621 1076 659 1109 in
690 1074 855 1124 singulis
884 1077 1068 1111 orationis
1100 1075 1353 1123 partibus'r—
1392 1083 1430 1120 3.
1509 1076 1599 1125 quid

284 1141 430 1182 deceat,
463 1150 551 1178 ante
585 1144 712 1178 omnia
732 1141 981 1191 spectandum
1003 1163 1060 1171 ——
1087 1155 1149 1179 12.
1211 1157 1286 1179 non
1317 1158 1446 1180 revera
1475 1145 1598 1180 diver·

275 1208 361 1259 sum
385 1211 453 1247 hoc
472 1212 519 1247 ab
541 1212 626 1246 utili
646 1229 701 1238 —-
731 1219 794 1255 15.
857 1214 1039 1260 imprimis
1061 1212 1213 1248 dedecet
1239 1214 1401 1257 jactatio
1422 1213 1595 1262 eloquen-

285 1281 363 1314 tiae
383 1299 439 1307 —-
465 1290 528 1323 17.
583 1294 633 1315 an
655 1281 841 1315 Ciceronis
870 1280 937 1314 hoc
964 1282 1096 1316 vitium
1109 1279 1242 1327 fuerit.
1267 1301 1322 1308 —
1341 1287 1407 1324 25.
1468 1296 1594 1317 conce-

284 1348 443 1383 dendam
472 1358 595 1384 tamen
626 1361 888 1396 nonnunquam
901 1346 1100 1394 fiduciam.
1122 1365 1177 1374 —
1200 1358 1266 1392 27.
1329 1348 1441 1398 suam
1467 1360 1593 1386 aucto—

284 1418 435 1451 ritatem
463 1420 604 1452 oratori
624 1417 683 1453 vel
702 1429 776 1450 non
799 1416 860 1450 vel
882 1429 994 1463 parce
1015 1413 1085 1464 effe
1117 1417 1504 1463 interponendam—
1527 1431 1594 1467 29.

283 1485 362 1520 alia
396 1498 538 1519 morum
567 1487 678 1524 vitia.
701 1504 756 1511 —-
777 1492 842 1526 51.
907 1481 988 1531 ipsa
1009 1484 1243 1532 eloquentiae
1262 1498 1400 1531 genera
1419 1500 1488 1533 pro
1509 1502 1595 1537 per-

276 1551 384 1602 sonis
404 1552 549 1601 diversa
571 1570 628 1578 -—
651 1562 716 1600 39.
778 1565 894 1599 neque
921 1564 990 1600 pro
1013 1549 1184 1599 personis
1216 1561 1406 1586 oratorum
1434 1563 1592 1597 tantum,

274 1619 347 1670 sed
381 1634 507 1655 eorum
540 1622 654 1655 etiam
680 1633 750 1669 pro
789 1619 918 1670 quibu's
951 1628 986 1654 et
1025 1619 1071 1653 de
1111 1619 1239 1668 quilius
1280 1620 1419 1655 dicunt.
1447 1642 1502 1648 —
1523 1629 1592 1669 45.

273 1688 343 1738 sed
375 1687 543 1737 intereſje
564 1691 690 1729 etiam,
723 1689 824 1737 apud
855 1702 963 1737 quem
994 1688 1157 1722 dicamus
1178 1706 1235 1713 —-
1254 1687 1322 1733 46.
1383 1689 1594 1725 habendam

281 1759 463 1792 rationem
498 1760 675 1805 temporis
707 1766 744 1792 et
787 1758 862 1792 Ioci
905 1774 961 1783 —
994 1763 1060 1802 49.
1143 1755 1369 1791 condicionis
1404 1756 1595 1806 causarum

281 1845 338 1852 —
361 1833 425 1868 57.
488 1838 614 1860 eorum
648 1834 774 1860 contra
808 1838 900 1875 quos
934 1825 1088 1858 dicimus
1110 1841 1162 1848 —
1188 1822 1252 1866 63.
1317 1827 1506 1872 quomodo
1538 1829 1595 1861 in-

285 1893 428 1927 terdum
452 1894 666 1933 cavendum,
691 1906 737 1927 ne
763 1892 934 1941 offendas
956 1904 1016 1926 eos
1040 1899 1168 1925 contra
1195 1904 1288 1938 quos
1309 1892 1430 1927 dicere
1452 1896 1596 1942 cogeris

280 1982 339 1991 —-
371 1970 436 2005 75.
524 1961 712 2009 quomodo
753 1961 871 2005 judex
910 1959 1126 2007 captandus.
1159 1979 1214 1987 —-
1246 1967 1312 2006 78.
1403 1962 1592 2009 quomodo

282 2031 479 2066 tractanda
514 2031 552 2063 in
584 2029 668 2064 aliis
692 2042 750 2069 ea,
783 2041 937 2079 quorum
968 2041 1035 2063 nos
1066 2026 1136 2077 ipsi
1154 2029 1264 2064 nobis
1295 2027 1430 2078 conscii
1449 2049 1502 2056 -
1523 2035 1590 2075 84.

282 2098 467 2149 quomodo
497 2111 552 2132 res
581 2096 778 2144 pudendae
803 2116 858 2123 —-
894 2103 959 2141 85.
1020 2098 1118 2131 ratio
1156 2098 1381 2133 minuendae
1411 2098 1590 2134 invidiae.

279 2187 336 2195 -—-
352 2177 416 2215 92.
449 2163 703 2215 Diverfiffima
722 2165 874 2200 dicendi
894 2179 1031 2213 genera
1051 2167 1182 2200 merito
1206 2165 1357 2200 laudari
1374 2186 1427 2193 —
1449 2167 1539 2214 Cap.
1555 2176 1591 2202 2.

281 2236 474 2271 Rffenzoria
514 2234 728 2269 excolenda.
762 2252 816 2261 ——
852 2239 887 2277 4.
977 2232 1086 2282 causa
1139 2243 1175 2268 ec
1219 2243 1352 2268 natura
1392 2236 1594 2269 memoriae

278 2322 335 2333 —-
373 2318 438 2339 11.
511 2302 721 2337 Simonides
765 2304 858 2337 artis
897 2303 1097 2336 memoriae
1133 2311 1344 2337 auctor-——
1380 2307 1444 2345 ²8·
1514 2302 1594 2347 ejus

279 2375 374 2409 artis
405 2373 506 2406 ratio
536 2390 593 2397 -
617 2376 682 2416 24·
743 2371 906 2415 ejusdem
940 2379 1066 2405 tamen
1098 2371 1136 2404 in
1173 2369 1376 2418 ediscendis
1407 2370 1466 2411 ii5‚
1498 2382 1594 2418 quae

271 2440 363 2491 sunt
393 2441 597 2480 orationis,
646 2438 768 2487 nuilus
800 2437 881 2486 usus
913 2458 967 2466 ·—
1002 2448 1068 2482 27.
1159 2438 1374 2485 Simplicior
1405 2435 1595 2485 ediscendi

275 2512 385 2545 ratio.
404 2528 460 2536 —-·
489 2513 552 2550 40.
617 2507 792 2542 Omnium
825 2509 989 2543 maxime
1024 2506 1168 2554 confert
1195 2507 1426 2541 exercitatio.
1449 2523 1503 2532 —
1528 2511 1593 2549 44.

276 2578 337 2614 An
371 2577 421 2611 ad
450 2574 600 2612 verbum
625 2574 681 2624 sit
711 2573 956 2623 ediscendum.
978 2595 1031 2603 —-
1067 2583 1133 2619 5ο.
1196 2574 1366 2610 Celebria
1395 2575 1594 2608 memoriae

275 2646 527 2695 exempla.—-
551 2645 640 2687 (λδ.
703 2643 969 2691 Ρνοηιιηεὶάζίρ
984 2642 1067 2692 sive
1088 2643 1278 2678 Actio.--
1294 2654 1358 2677 10.
1419 2656 1469 2677 an
1487 2642 1591 2677 rudis

274 2717 372 2752 actio
397 2710 579 2763 sufficiat.
608 2731 661 2740 —
695 2722 758 2747 12.
821 2706 992 2748 Naturae
1022 2713 1126 2747 vitia.
1161 2729 1216 2739 —
1247 2717 1311 2754 ³4·
1376 2710 1488 2746 Vocis
1517 2711 1589 2746 vii·-
