1779 3062
241 184 337 232 504
543 170 618 219 Μ.
666 156 805 220 FABL
836 173 1270 234 -QUINTILIANI

165 313 213 354 54
241 297 366 365 ipsa.
405 297 614 364 Quibus
645 315 761 363 ego,
783 290 905 347 curn
931 297 996 346 de
1020 315 1139 346 meo
1164 287 1399 364 primurn
1425 312 1674 366 opere¹053

242 373 594 439 respondero,
643 377 798 422 etiam
839 392 937 441 pro
978 375 1108 424 boni
1153 377 1259 423 viri
1301 374 1509 435 officio,
1545 376 1589 425 fi

245 452 463 518 quando
503 467 626 499 eum
664 451 730 500 ad
764 449 1124 501 defensionem
1165 455 1475 502 nocentium
1508 469 1589 502 ra-

247 530 325 577 tio
355 527 581 586 duxerit,
604 526 921 577 satisfaciam.
1002 532 1243 577 Tractare
1268 531 1428 586 enim,
1457 545 1590 593 quo-

248 603 417 655 modo
448 616 539 653 aut
570 622 669 672 pro
709 603 870 663 falsis,
920 615 1010 654 aut
1050 606 1203 652 etiam
1241 622 1339 669 pro
1383 603 1592 664 iniustis

251 681 539 746 aliquando
561 682 789 740 dicatur,
827 699 938 730 non
981 680 1052 728 est
1093 681 1311 738 inutile,
1349 682 1437 729 vel
1467 697 1592 745 pro-

251 769 371 824 pter
401 759 503 807 hoc
537 755 737 816 solum,
789 769 849 807 ut
890 775 949 806 ea
975 755 1184 805 facilius
1222 767 1272 805 et
1300 756 1623 823 deprehen-¹

254 834 462 891 damus,
504 845 555 883 et
573 834 898 892 refellamus;
941 833 1392 899 quemadmodum
1425 849 1605 881 reme-¹

254 911 344 960 dia
369 913 562 961 melius
589 910 874 968 adhibebit,
917 913 1003 960 cui
1036 922 1176 968 nota,
1226 928 1359 975 quae
1379 920 1592 968 nocent,

176 1009 223 1047 35
254 986 472 1037 fuerint.
576 990 770 1051 Neque
813 989 956 1036 enim
989 987 1313 1045 Academici,
1371 1004 1492 1036 cum
1533 987 1594 1036 in

254 1076 535 1129 utramque
584 1062 939 1113 dxfferuerunt
974 1075 1201 1129 partem,
1258 1082 1369 1113 non
1411 1062 1594 1111 secun-

256 1139 389 1189 dum
426 1142 639 1188 alteram
671 1142 883 1189 vivent:
926 1158 1022 1188 nec
1044 1140 1335 1190 Carneades
1358 1141 1466 1198 ille,
1497 1138 1594 1203 qui

254 1219 458 1266 Romae
491 1217 738 1264 audiente
773 1215 1026 1265 Censorio
1055 1217 1258 1266 Catone
1282 1234 1392 1266 non
1419 1217 1596 1264 mino-

251 1293 403 1341 ribus
455 1293 661 1341 viribus
703 1303 884 1341 contra
925 1290 1177 1352 justitiam
1209 1292 1406 1340 dicitur
1445 1289 1595 1340 diffe-

252 1367 438 1426 russse,
478 1386 638 1434 quarn
672 1367 847 1436 pridie
882 1386 982 1437 pro
1020 1367 1216 1429 justitia
1248 1369 1474 1426 dixerat,
1512 1370 1598 1416 in-

251 1444 421 1507 justus
465 1444 573 1511 ipse
609 1446 693 1494 vir
722 1444 842 1493 fuit.
942 1448 1138 1493 Verum
1176 1457 1228 1494 et
1260 1449 1430 1496 virtus
1462 1444 1597 1510 quid

254 1521 336 1580 sit,
378 1520 591 1571 adversa
626 1523 677 1570 ei
707 1522 906 1570 malicia
938 1521 1149 1587 detegit,
1191 1534 1244 1572 et
1270 1526 1507 1588 aequitas
1530 1519 1596 1570 fit

343 1713 410 1755 54.
441 1706 758 1756 operespondebo
782 1707 914 1743 Turio.
939 1707 1041 1744 flor.
1069 1723 1101 1744 ο.
1133 1707 1359 1757 respondebo
1382 1709 1485 1746 Alm.

491 1764 676 1800 Tractare.
739 1765 800 1799 Sic
821 1765 951 1799 Turio.
983 1764 1082 1800 flor.
1107 1766 1238 1812 Camp.
1272 1779 1303 1801 c.
1327 1766 1426 1801 Alm.
1451 1774 1596 1812 protra-

254 1828 355 1856 otare
382 1819 517 1854 Ambr.
541 1830 577 1858 2.
613 1833 643 1854 c.
669 1821 780 1854 Bern.
803 1820 899 1857 Jens.
928 1821 1042 1855 Tarv.
1067 1830 1295 1869 pertractare
1323 1821 1481 1870 reliqui.
1533 1821 1599 1870 fa-

256 1877 362 1910 cilius
380 1889 454 1910 non
477 1875 744 1922 deprendanzus
766 1874 974 1922 refellamus
997 1877 1127 1913 Turic.
1151 1876 1187 1924 f.
1218 1886 1259 1912 ut
1279 1877 1545 1927 depremlamus
1568 1893 1598 1914 r·

254 1931 359 1968 flor·
382 1930 416 1980 f.
439 1945 468 1966 e.
494 1932 760 1979 deprendamus
786 1946 816 1966 8.
839 1947 866 1967 r.
893 1933 1025 1981 Camp-

343 2039 407 2075 55.
441 2033 479 2066 ἱη
500 2040 653 2080 utraque
675 2033 807 2068 Turic-
1090 2032 1341 2082 differuerunt.
1377 2035 1440 2071 Sic
1465 2036 1603 2085 Camp..

256 2086 497 2137 diffenserunt
518 2089 649 2123 Turic.
677 2089 780 2124 Flor.
802 2088 978 2136 clzfferunt
1001 2089 1119 2126 Goth.
1148 2094 1236 2131 (tac.
1264 2090 1396 2139 Gesn.)
1429 2092 1601 2126 dixerunt

256 2145 357 2185 Jens.
385 2147 478 2190 (tac.
508 2145 640 2189 Gesn.)
674 2144 788 2181 Tarv.
821 2143 1013 2193 differunt,
1058 2146 1234 2181 suadente
1270 2146 1598 2195 Regi0,1·eliqui.

536 2203 671 2236 vivent.
733 2201 792 2235 Sic
823 2201 955 2236 Turic
988 2201 1090 2236 Flor.
1125 2202 1258 2251 Camp.
1285 2205 1414 2238 vivunt
1439 2201 1598 2251 reliqui.

538 2269 602 2290 nec
632 2258 696 2292 Ca1
698 2257 852 2292 neades.
922 2257 983 2293 Sic
1012 2257 1143 2292 Turic.
1176 2258 1278 2294 flor.
1314 2260 1445 2308 Camp.
1479 2257 1599 2294 Goth.

256 2312 347 2363 (tac.
377 2313 508 2358 Gesn.)
541 2326 585 2346 ne
614 2314 653 2349 G.
686 2312 819 2347 Ambr.
846 2322 882 2347 2.
917 2313 1042 2349 Guelf.
1072 2327 1136 2348 nec
1165 2315 1255 2350 Arm
1289 2315 1390 2351 Voff.
1417 2324 1454 2358 5.
1484 2326 1600 2363 neque

259 2371 300 2406 C
331 2369 720 2417 leliqui.minori1bcs
752 2368 851 2403 vern'l
841 2382 870 2403 ις
903 2370 1034 2418 Camp.
1068 2371 1101 2403 ei
1129 2372 1295 2406 malitiae
1328 2371 1431 2406 Plor.
1462 2384 1506 2406 ex
1530 2372 1601 2406 im·-

258 2439 352 2475 quae
372 2425 637 2474 contemplatio
661 2425 793 2460 Turic.
814 2426 841 2458 Ι·
847 2424 917 2460 lor.
940 2434 1069 2462 contra
1089 2426 1144 2460 his
1161 2427 1268 2475 prol).
1290 2427 1426 2463 Turio.
1445 2439 1476 2463 c.
1494 2426 1600 2464 Alm.

315 2588 382 2626 55.
406 2579 903 2629 Carneades—diciturdts-
963 2582 1035 2617 ssus
1068 2593 1217 2625 narrat,
1254 2584 1428 2620 Laetam.
1462 2581 1600 2620 Divin-

255 2634 414 2686 seruiffe.
438 2639 482 2673 cf.
511 2639 558 2673 ad
579 2647 615 2678 2,
643 2646 704 2681 15,
721 2647 784 2680 25.
802 2640 903 2674 Con·
962 2638 1081 2676 Instit.
1106 2647 1143 2683 5,
1167 2648 1230 2684 ¹5·
1257 2651 1295 2677 et
1321 2641 1383 2677 16.

258 2691 403 2730 [ulatur
432 2704 573 2736 autem,
609 2694 681 2745 qui
721 2692 814 2730 haec
847 2693 908 2730 fu-
