1779 3062
271 154 364 208 536
410 190 415 198 .
586 153 662 199 M.
700 154 835 198 ΕΑΒ.
871 155 1285 215 QUiNTlLIANt

273 275 487 337 haustus
527 275 691 333 bibat,
759 275 885 326 hinc
938 278 1159 329 sumtam
1205 282 1495 330 libertatem
1538 282 1597 329 in

277 351 439 399 causis
484 361 636 415 atque
675 351 907 401 consiliis
955 355 1183 421 praestet.
1271 359 1463 421 Neque
1502 359 1601 405 erit

275 424 535 491 perfectus
573 437 770 483 orator,
821 426 922 476 nisi
958 433 1052 495 qui
1086 432 1299 480 honeste
1343 433 1515 480 dicere
1552 442 1616 480 etv

278 500 417 558 sciet,
455 511 506 548 et
542 501 766 550 audebit.

431 589 514 635 111.
566 589 716 640 Juris
743 603 957 652 quoque
985 585 1149 637 civilis
1177 588 1447 639 necessaria
1476 590 1603 640 huic

279 665 399 712 viro
422 658 642 732 scientia
683 660 778 719 est,
851 674 900 711 et
939 680 1149 712 morum
1193 682 1248 712 ac
1287 665 1604 729 religionum

281 743 392 799 ejus
424 739 770 804 reipublicae,
807 754 963 802 quam
994 737 1222 803 capesset.
1300 742 1437 787 Nam
1478 758 1603 804 qua-

280 815 346 863 lis
385 812 481 861 esse
514 812 689 862 suasor
729 814 785 861 in
830 814 1059 863 consiliis
1101 816 1336 879 publicis·
1364 817 1695 879 privatis-1065

282 907 347 938 ve
374 890 594 954 poterit,
634 899 712 938 tot
743 906 949 948 rerum,
991 892 1183 953 quibus
1217 892 1495 956 praecipue
1540 893 1610 939 ci-

281 967 415 1014 vitas
451 967 767 1021 continetur,
807 967 1054 1030 ignarus?
1096 972 1216 1033 Quo
1251 977 1422 1015 autem
1449 966 1609 1016 modo

281 1052 562 1108 patronum
592 1040 641 1088 se
671 1039 937 1090 causarum
966 1059 1074 1090 non
1106 1041 1230 1090 falso
1260 1042 1462 1099 dixerit,
1501 1045 1611 1106 qui,

283 1116 431 1182 quod
469 1116 540 1164 est
577 1118 634 1165 in
673 1115 835 1166 causis
865 1117 1294 1184 potentissimum,
1335 1118 1398 1166 sit
1437 1119 1499 1167 ab
1541 1120 1612 1167 al-

402 1302 434 1324 1.
493 1288 717 1336 Inscriptio:
760 1287 989 1338 neceffariam
1021 1287 1352 1337 (Turia—um)
1379 1292 1471 1336 juris
1501 1291 1614 1326 civilis

286 1347 425 1381 oratori
453 1344 601 1387 (Ambr.
639 1355 745 1379 2.-
771 1346 828 1389 is)
860 1344 1056 1393 scientiam
1096 1343 1249 1389 (Turio.
1283 1345 1528 1395 sententiam)
1568 1347 1616 1382 est

284 1402 327 1435 in
368 1400 490 1435 codd.
531 1400 627 1436 meis
672 1401 739 1446 (in
780 1399 912 1436 Ambr.
948 1411 981 1436 2.
1022 1402 1178 1449 quidem
1210 1402 1427 1438 uncialibus
1460 1402 1613 1444 litteris,

286 1458 327 1491 in
359 1456 475 1490 Goth.
508 1459 648 1492 oratori
679 1457 865 1492 continuo
895 1456 977 1505 post
1008 1454 1148 1505 neceſj‘.)
1180 1471 1259 1492 exc.
1285 1457 1400 1498 Flor„
1441 1458 1614 1506 itemque

285 1513 327 1547 in
361 1511 445 1545 edd.
477 1522 561 1546 ante
597 1513 703 1547 Gesn.
744 1525 822 1547 exc.
857 1513 989 1560 Camp.
1031 1523 1066 1546 et
1098 1511 1190 1547 Obr.
1233 1513 1305 1547 Sed
1336 1527 1354 1547 a
1385 1513 1493 1548 Bam.
1526 1513 1618 1548 inde

287 1566 357 1616 effe
386 1566 557 1601 inserun't
585 1578 669 1602 ante
697 1566 825 1615 scient.
883 1569 980 1603 Jur1's
1019 1569 1186 1617 quodque
1229 1569 1361 1603 Turic.
1404 1570 1438 1604 J.
1470 1571 1619 1619 quicque

287 1623 390 1658 Flor.
431 1619 624 1670 neceffario
665 1622 768 1657 Flor.
835 1625 896 1671 qui
941 1634 1024 1658 ante
1056 1622 1185 1671 scient.
1230 1624 1296 1657 ins.
1337 1624 1468 1658 Turic.
1514 1625 1617 1661 Flor.

289 1677 392 1724 Quid
422 1675 552 1716 lateat,
593 1691 671 1712 non
705 1689 862 1726 exputo.
933 1681 1091 1724 privatis
1133 1679 1192 1714 vel
1221 1677 1324 1713 Flor.
1360 1679 1425 1714 'vel
1462 1681 1620 1726 privatis

289 1734 420 1779 Camp.
454 1732 599 1767 dixerat
628 1734 759 1768 Turic.
792 1733 894 1769 Flor.
930 1735 975 1768 ab
1009 1746 1085 1769 om.
1116 1734 1249 1769 iidem.
1284 1731 1484 1783 dzffimulas
1516 1735 1619 1774 Flor.

289 1798 481 1836 poetarum
515 1786 655 1835 scripta
696 1790 830 1823 irarum
864 1789 1006 1837 scripta
1041 1803 1146 1837 pron.
1178 1789 1281 1824 flor.
1323 1802 1354 1824 c.
1387 1789 1486 1826 Alm.
1516 1791 1619 1828 miro

290 1844 382 1879 vitii
424 1844 624 1878 consensu:
667 1844 771 1879 nihil
810 1844 1004 1891 ejusmodi
1043 1859 1062 1880 e
1093 1845 1224 1880 Turio.
1265 1845 1547 1897 poeticarums.
1580 1861 1620 1896 p.

293 1900 422 1948 Camp.

348 2047 384 2078 in
432 2033 546 2091 causis
592 2052 700 2091 atque
746 2043 928 2093 consiliis;
985 2044 1108 2084 „cultu
1149 2048 1305 2084 oratoris
1339 2055 1447 2094 atque
1487 2049 1624 2095 impetu

293 2100 393 2147 apud
414 2100 562 2145 judices
583 2110 620 2134 et
645 2100 684 2135 iu
707 2101 853 2135 senatu:
882 2101 929 2136 cf.
986 2102 1177 2141 „remmia
1241 2101 1355 2148 Quod
1385 2093 1547 2138 fortassis
1577 2115 1624 2138 ex

295 2162 332 2197 5,
362 2162 399 2199 3,
431 2154 494 2197 65.
988 2155 1176 2202 „antiquo
1199 2156 1382 2204 scriptore
1403 2168 1624 2194 mutuatum

357 2223 389 2244 ι.
451 2211 548 2244 Juris
576 2223 718 2260 quoque
751 2210 932 2244 civilis—
989 2224 1035 2252 „a
1069 2210 1177 2248 Julio
1215 2212 1442 2252 severiano,
1482 2213 1623 2250 Fabius

289 2265 458 2316 scientia.
519 2266 675 2306 „Julius
703 2265 930 2301 Severianus
989 2266 1079 2306 „hie
1108 2267 1211 2313 quasi
1243 2280 1289 2301 ex
1314 2267 1480 2314 professo
1501 2281 1626 2316 repre-

295 2321 459 2363 „libello
482 2322 526 2356 de
541 2322 629 2357 Arte
643 2319 814 2356 dicendi:
840 2321 933 2355 Ora·
987 2321 1180 2362 „bendere
1215 2322 1410 2357 videtur.“
1466 2324 1625 2360 Passera-

297 2379 396 2417 „tori
423 2378 518 2421 juris
547 2378 661 2412 civilis
686 2390 798 2424 neque
827 2379 932 2410 omit·
989 2377 1079 2417 tius,
1111 2378 1431 2419 communicante,
1457 2389 1501 2414 ut
1519 2379 1626 2419 vide„-

298 2433 474 2472 „tendum
496 2430 660 2479 studium
694 2430 754 2480 eft,
785 2445 847 2465 nec
870 2445 933 2479 pe-
991 2443 1066 2471 tur,
1097 2433 1272 2469 Pithoeo.
1336 2433 1475 2470 Badius
1497 2446 1624 2470 autem

298 2490 422 2526 „nitus
453 2489 707 2536 appetendum.
751 2488 849 2522 Nam
871 2501 934 2522 nec
991 2501 1010 2522 a
1029 2487 1136 2523 Valla
1164 2489 1240 2524 huc
1264 2489 1490 2525 advocatum
1521 2503 1624 2526 com-

297 2545 424 2582 „rudis
455 2542 524 2592 effe
544 2544 649 2578 deboc
667 2545 761 2588 juris
785 2551 934 2581 oraton·
991 2544 1107 2578 mode
1147 2544 1277 2580 locum
1328 2546 1535 2594 Pomponii
1580 2546 1627 2580 cle

297 2608 371 2637 „ea
396 2598 432 2647 si
452 2599 495 2647 se
524 2599 677 2634 multum
704 2600 797 2643 juris
816 2597 934 2646 scien·
992 2601 1135 2647 origine
1162 2602 1251 2645 juris
1279 2600 1402 2648 (Dig.
1434 2605 1462 2642 l,
1494 2602 1552 2637 tit.
1589 2611 1625 2643 2,

299 2656 400 2693 „tiae
439 2649 599 2695 dederit,
655 2655 851 2704 plurimum
891 2653 936 2689 de
993 2665 1030 2691 2.
1062 2657 1094 2701 §-
1122 2658 1208 2704 43.)
1239 2667 1440 2700 memorat,
1461 2658 1528 2706 qui
1546 2659 1624 2695 Ser.
