1779 3062
225 191 326 242 400
549 180 627 227 Μ.
665 181 801 228 FAB.
840 183 1255 244 QUINTILIANI

228 323 399 373 grum,
423 308 671 356 tentantis
694 323 856 357 venas
876 307 1067 358 medici
1087 307 1451 366 similitudine,
1473 317 1656 362 aut1018

227 382 621 441 citharoedum,
662 381 898 433 formatis
934 385 998 433 ad
1019 385 1244 434 modum
1265 386 1564 451 percutien-

227 461 293 508 tis
315 476 509 508 nervos
537 460 796 518 manibus,
829 459 1081 518 ostendas,
1121 461 1271 524 quod
1297 461 1369 509 est
1391 478 1561 525 genus

153 545 206 588 89
229 553 388 601 quam
408 535 697 600 longissime
719 538 775 584 in
796 538 1000 586 actione
1021 536 1355 601 fugiendum.
1381 535 1563 585 Abesse

227 602 371 661 enim
392 613 688 677 plurimum
714 630 741 660 a
764 612 1000 662 saltatore
1023 613 1178 660 debet
1198 622 1388 670 orator,
1420 623 1480 661 ut
1499 611 1565 660 sit

226 688 398 754 gestus
426 687 492 736 ad
523 686 727 737 sensum
756 691 947 754 magis,
985 705 1144 754 quam
1172 688 1238 736 ad
1268 689 1445 747 Verba,
1483 705 1565 736 ac-

226 765 621 815 commodatus:
660 765 804 830 quod
838 767 996 813 etiam
1025 763 1372 814 histrionibus
1399 765 1563 830 paulo

225 842 562 908 gravioribus
593 840 763 890 facere
797 842 958 890 moris
992 840 1110 890 fuit.
1173 845 1312 907 Ergo
1337 851 1398 890 ut
1421 840 1481 889 ad
1511 838 1565 889 se

223 936 445 968 manum
477 916 695 976 referre,
745 935 866 966 cum
898 918 963 966 de
990 917 1042 966 se
1074 917 1187 983 ipso
1209 919 1475 983 loquatur,
1513 928 1565 965 et

223 997 283 1044 in
313 1012 456 1053 eum,
499 1012 656 1059 quem
682 994 1018 1052 demonstret,
1058 994 1351 1050 intendere,
1392 1005 1442 1041 et
1470 995 1563 1041 ali-

225 1089 329 1136 qua
350 1073 434 1120 his
460 1070 649 1119 similia
673 1070 1025 1136 permiserim:
1064 1073 1135 1118 ita
1155 1089 1284 1128 non,
1317 1069 1561 1134 effingere

224 1147 381 1197 status
416 1146 696 1211 quosdam,
737 1157 789 1194 et
819 1146 1088 1210 quidquid
1112 1147 1249 1194 dicet
1273 1145 1558 1195 ostendere.

151 1243 203 1281 90
225 1226 420 1288 Neque
467 1223 524 1270 id
567 1224 625 1269 in
666 1223 912 1270 manibus
940 1221 1139 1280 solum,
1194 1221 1284 1270 sed
1321 1223 1379 1270 in
1412 1223 1563 1271 omni

221 1299 370 1366 gestu
399 1315 456 1345 ac
476 1314 610 1346 voce
642 1295 961 1345 servandum
982 1296 1066 1345 est.
1146 1299 1279 1346 Non
1303 1299 1446 1345 enim
1470 1309 1561 1347 aut:

217 1378 278 1425 in
304 1376 396 1423 illa
423 1373 673 1439 periodo,
717 1375 868 1422 Stetit
881 1370 1113 1444 soleatus
1135 1377 1360 1423 Praetor
1375 1374 1560 1438 populi

216 1453 458 1510 Romani,
497 1451 771 1499 inclinatio
805 1450 1162 1501 incumbentis
1186 1451 1245 1499 in
1269 1451 1558 1501 muliercu-

215 1627 329 1666 etiam
350 1640 421 1677 pro
451 1637 486 1663 et
515 1641 605 1664 cum
631 1628 715 1664 edd.
732 1627 887 1676 posterr.
908 1638 993 1664 ante
1016 1626 1108 1663 Bad.
1120 1624 1406 1675 similitudinem
1420 1627 1555 1664 Turio.

212 1685 319 1722 Flor.
346 1685 479 1720 cithari
497 1686 583 1720 dum
594 1684 783 1732 formatur
802 1684 908 1720 Flor.

303 1804 369 1845 89.
402 1794 633 1846 asaltacore.
653 1797 785 1832 Tui-ic.
807 1795 911 1831 Flor.
935 1796 1120 1832 omittunt
1140 1811 1174 1844 q.
1406 1798 1456 1832 ad
1465 1796 1553 1846 sen·

204 1853 302 1905 sum.
349 1855 410 1889 Sic
441 1854 576 1891 Turic.
606 1852 710 1888 Flor.
744 1853 875 1900 Camp.
905 1864 992 1887 cum
1022 1852 1122 1887 Alm.
1154 1850 1313 1901 Reliqui
1343 1852 1392 1887 ad
1410 1852 1550 1902 sensus.

211 1910 348 1947 Ambr.
371 1919 408 1946 2.
440 1910 710 1944 accomodatur.
726 1910 858 1957 Camp.
883 1918 947 1943 aut
976 1912 1014 1943 in
1045 1923 1123 1943 eum
1158 1922 1245 1943 cum
1267 1908 1353 1944 Ald.
1370 1907 1447 1957 sibi
1476 1921 1549 1957 pro

209 1966 270 2002 his
293 1966 409 2002 Goth.
433 1968 476 2000 iis
495 1966 593 2003 Jens.
615 1978 703 2000 cum
725 1965 808 2000 edd.
830 1965 987 2013 posterr.
1008 1976 1092 2000 ante
1111 1965 1203 2001 Bad.
1225 1973 1262 1999 et
1281 1964 1363 2012 post
1381 1964 1552 2013 permise-

209 2025 282 2059 rim
303 2023 476 2058 inserunt
488 2021 620 2057 Turic.
635 2020 748 2057 ‘Flor.
769 2020 893 2056 iidem
914 2032 1008 2056 mox
1027 2022 1122 2056 dicet
1142 2021 1328 2056 omittunt
1347 2033 1435 2055 cum
1445 2020 1550 2056 Alm.

299 2148 364 2184 90.
398 2134 466 2170 illa
484 2147 561 2183 per.
591 2132 708 2169 Goth.
735 2136 835 2180 (tac.
861 2134 1000 2178 Gesn.)
1030 2133 1096 2168 illo
1117 2146 1154 2180 p.
1176 2131 1279 2166 Flor.
1300 2141 1453 2179 propter
1479 2144 1546 2178 po-

206 2193 337 2243 pulum
364 2204 567 2228 romanum.
597 2190 729 2238 Camp.
763 2192 801 2224 in
833 2190 1054 2226 muliercula.
1081 2188 1211 2224 Turio.
1234 2186 1337 2223 Flor.
1369 2185 1544 2237 mqffana.

265 2343 333 2381 33.
369 2338 546 2372 tentantis
567 2346 690 2371 venas.
719 2335 848 2371 Docet
905 2335 1102 2371 Gesnerus.
1133 2332 1252 2369 Addit
1267 2331 1459 2367 Almelov.
1477 2331 1544 2368 hic

203 2395 450 2431 Burmannus
475 2391 660 2440 exemplis
687 2393 844 2427 Sueton.
903 2395 1046 2439 §.181.
1071 2401 1107 2425 et
1129 2389 1153 2426 l.
1177 2402 1210 2423 1.
1232 2402 1262 2425 e.
1282 2403 1298 2423 1
1313 2401 1343 2424 ι.
1366 2388 1541 2433 initium,

203 2451 336 2486 triber.
359 2459 469 2492 e.72.
493 2459 529 2483 et
545 2447 840 2483 Ovid.Her0id.
901 2448 995 2482 item
1023 2459 1056 2486 1,
1096 2455 1159 2487 12,
1194 2450 1253 2491 14.
1299 2444 1463 2479 Erudite
1493 2444 1543 2479 ad

205 2517 281 2548 20,
319 2516 409 2552 159.
453 2515 595 2540 tentare
637 2503 843 2552 proprium
901 2503 1006 2538 hunc
1026 2501 1157 2537 locum
1169 2500 1442 2536 Lochmannus
1463 2500 1542 2535 dis-

204 2563 277 2596 effe
320 2562 485 2597 verbum
523 2561 565 2595 in
605 2559 843 2608 explorando
900 2570 1009 2607 putat
1044 2559 1089 2592 de
1134 2555 1347 2604 corruptela
1381 2568 1539 2590 morum

203 2628 387 2653 venarum
413 2616 539 2665 pulsu.
690 2615 692 2617 ’
898 2628 968 2663 per
984 2615 1245 2662 pantomimos
1265 2612 1427 2651 invecta,
1448 2610 1537 2646 testo

264 2679 327 2719 39.
353 2672 582 2721 asaltatore.
607 2671 722 2712 ,‚Vid.
735 2671 843 2719 supra
899 2671 1086 2706 advocato
1110 2670 1279 2705 Zosimo.

200 2726 297 2771 „66.
325 2729 423 2765 Add.
445 2741 539 2765 mox
561 2739 627 2777 9²·
657 2727 702 2764 it.
724 2732 846 2773 128.“
956 2737 1021 2775 90.
1051 2727 1163 2763 Stetit
1181 2725 1357 2775 soleatus.
1391 2723 1471 2759 Cic.
1492 2722 1536 2759 in

1771 2637 1773 2645 i
1767 2535 1774 2620 „sea-„-
