1779 3062
131 633 174 658 11

131 1005 180 1038 12

205 181 304 234 490
518 173 593 218 Μ.
630 173 765 219 ΕΑΒ.
805 173 1224 235 QUINTlLtANr

205 297 274 346 sit
305 297 496 361 aliquis
535 297 666 347 adeo
703 308 884 347 contra
921 300 1197 359 veritatem
1233 298 1553 358 obstinatus,

206 385 269 424 ut
292 373 481 422 audeat
502 373 694 433 dicere,
734 375 924 422 eodem
945 377 1181 441 ingenio,
1222 377 1415 435 studio,
1455 378 1552 426 do-

207 452 375 500 ctrina·
409 451 712 516 praeditum
745 453 921 502 nihilo
953 452 1270 502 deteriorem
1301 454 1552 503 futurum

208 539 472 577 oratorem
494 530 697 577 malum
719 530 914 587 virum,
955 548 1115 595 quam
1140 531 1362 579 bonum.
1405 532 1549 580 Con-

211 607 488 654 vincamus
506 606 670 666 huius
692 624 908 672 quoque
929 609 1223 655 amentiam.
1250 609 1391 655 Nam
1415 616 1553 655 certe

208 700 371 732 nemo
396 681 678 741 dubitabit,
719 701 931 733 omnem
969 685 1265 732 orationem
1295 684 1353 730 id
1386 699 1555 748 agere,

208 770 273 809 ut
292 758 489 821 judici,
529 777 663 825 quae
683 759 952 827 proposita
972 760 1192 818 fuerint,
1233 777 1360 808 vera
1380 770 1433 808 et
1454 760 1555 809 ho-

207 836 352 886 nesta
383 835 679 885 videantur.
760 839 956 885 Utrum
994 838 1161 901 igitur
1202 837 1306 886 hoc
1345 835 1556 886 facilius

208 914 386 963 bonus
406 915 492 961 vir
510 912 860 979 persuadebit,
901 931 967 962 an
987 915 1192 963 malus?
1234 917 1414 963 Bonus
1435 913 1556 978 qui-

212 991 334 1039 dem
368 990 507 1038 dicet
541 989 746 1055 saepius
782 1008 907 1038 vera
949 1002 1106 1056 atque
1142 990 1372 1040 honesta.
1451 989 1556 1040 Sed

210 1070 370 1116 etiam
404 1066 687 1132 siquando
725 1068 907 1132 aliquo
941 1067 1131 1117 ductus
1154 1066 1340 1117 officio
1373 1065 1556 1136 (quod

209 1143 472 1201 accidere,
512 1155 575 1192 ut
614 1163 740 1193 mox
780 1144 1120 1202 docebimus,
1167 1134 1376 1211 potest)
1423 1142 1555 1193 falso

208 1222 338 1270 haec
359 1217 622 1267 affirmare
646 1221 940 1278 conabitur,
957 1225 1154 1282 majore
1182 1239 1301 1270 cum
1327 1220 1438 1269 fide
1463 1237 1558 1269 ne-

209 1295 338 1345 cesse
379 1295 452 1344 est
496 1297 757 1345 audiatur.
794 1318 799 1323 ·
840 1300 907 1345 At
947 1299 1099 1346 malis
1140 1298 1453 1347 hominibus
1490 1314 1557 1346 ex

209 1384 484 1424 contemtu
509 1374 810 1440 opinionis,
849 1385 901 1422 et
924 1376 1222 1440 ignorantia
1244 1376 1388 1432 recti,
1421 1392 1560 1424 non-

207 1467 490 1517 nunquam
508 1450 704 1499 excidit
730 1450 841 1518 ipsa
865 1450 1147 1502 simulatio.
1207 1452 1338 1502 Inde
1367 1454 1562 1502 immo-

299 1619 360 1641 11.
395 1604 495 1641 Nam
524 1616 629 1642 certe.
664 1607 726 1641 Sic
758 1606 892 1644 Turio.
925 1607 1056 1654 Camp.
1095 1607 1163 1642 hoc
1191 1607 1366 1645 inserunt
1394 1606 1555 1655 reliqui.

208 1663 398 1700 dubitavit
429 1662 563 1697 Turio.
597 1663 702 1698 Flor.
737 1665 869 1711 Camp.
914 1677 1002 1699 cum
1034 1664 1138 1700 Alm.
1419 1665 1559 1699 oratio-

209 1734 305 1755 nem.
349 1720 413 1754 Sic
449 1720 584 1754 Turio.
619 1719 722 1754 Flor.
763 1720 898 1755 Ambr.
941 1730 977 1755 2.
1026 1719 1152 1755 Guelf.
1185 1728 1370 1755 oratorem
1399 1719 1559 1767 reliqui.

212 1790 321 1824 agere
349 1777 481 1811 vitium
510 1789 602 1824 quae
633 1777 767 1811 Turio.
799 1775 903 1812 flor.
937 1776 1133 1825 proposita
1175 1790 1250 1812 om.
1285 1777 1418 1811 Turic.
1453 1775 1560 1812 flor.

213 1846 303 1867 cum
335 1831 436 1867 Alm.
466 1829 656 1880 preposita
685 1833 822 1868 Ambr.
856 1842 891 1867 2.
924 1847 1017 1868 vara
1047 1834 1181 1869 Ambr.
1216 1844 1253 1869 2.

354 1888 502 1937 quidem.
531 1888 640 1923 dicet.
676 1889 739 1924 Sic
766 1889 903 1928 ²I‘u1ic.
935 1889 1039 1926 Flor.
1072 1890 1205 1939 Camp.
1236 1898 1273 1926 et
1300 1889 1473 1925 inserunt
1500 1902 1562 1926 re·

214 1945 328 1995 liqui.

306 2012 368 2037 12.
423 2001 524 2052 quod
554 2003 734 2039 occideret
761 2002 865 2040 Flor.
899 2004 1041 2049 majore
1072 2016 1150 2040 om.
1185 2004 1318 2052 Camp.
1348 2001 1466 2037 malus
1495 2001 1561 2039 Ῐιο·

276 2159 337 2187 12.
398 2158 438 2183 ut
492 2162 576 2183 mox
635 2148 857 2185 docebimus.
976 2146 1186 2196 immodeste
1205 2147 1358 2197 —-·s1'ne
1404 2146 1559 2194 pudore.

213 2208 319 2244 Infra
351 2221 369 2242 a
400 2207 434 2249 ᾖ.
462 2206 552 2240 iude
577 2213 641 2248 55.
703 2206 781 2251 Qui
808 2216 860 2240 ta·
916 2209 1016 2242 Puto
1033 2206 1223 2247 intereffe,
1236 2204 1342 2253 quod
1354 2205 1462 2252 prius
1476 2216 1562 2238 mo-

210 2278 302 2301 men
321 2264 451 2299 minus
467 2262 590 2296 faveat
609 2261 753 2301 nostro,
789 2275 859 2309 po-
919 2263 969 2297 do
998 2273 1116 2302 caret,
1150 2260 1314 2297 alterum
1345 2258 1563 2296 mentiendi

212 2322 307 2357 terit
327 2321 412 2355 [ane
442 2317 555 2353 miris
576 2318 705 2352 modis
728 2318 861 2365 exagi·
918 2319 1200 2367 turpitudinem
1215 2331 1296 2353 non
1315 2317 1440 2352 [entit-
1467 2316 1562 2359 ,Pro-

215 2390 294 2420 tare
327 2389 416 2411 eum
452 2375 529 2409 hoc
568 2387 726 2423 quoque
758 2374 860 2408 inter
917 2388 1053 2423 ponere
1075 2376 1178 2409 enim
1191 2374 1372 2425 potestate
1392 2371 1461 2407 illa
1478 2385 1564 2407 ora-

215 2433 423 2470 commoda
464 2430 624 2467 virtutis
666 2430 861 2465 recensen-
917 2431 1018 2466 toria
1053 2432 1216 2472 dieitur,
1269 2444 1341 2479 qua
1383 2429 1565 2464 indicunt

216 2502 315 2530 tem,
363 2487 471 2537 quod
501 2487 642 2536 species
682 2487 765 2532 ejus
797 2498 860 2521 ex·
918 2500 978 2523 res
1010 2501 1104 2523 mox
1126 2487 1366 2537 probandas:
1409 2484 1457 2520 cf.
1498 2497 1566 2523 ιι.

217 2558 323 2582 terna
348 2555 385 2580 et
410 2545 628 2579 bonafama
662 2543 754 2578 inde
776 2554 860 2578 nata
921 2552 957 2586 3,
995 2545 1087 2588 163.
1150 2545 1218 2581 Vir
1236 2541 1446 2578 malus‘hic
1467 2552 1567 2588 quo·

214 2603 358 2652 possint
377 2601 575 2636 interdum
594 2600 862 2635 fueumfacere
922 2614 997 2648 que
1028 2600 1149 2636 nimia
1175 2599 1409 2650 pollicetur,
1446 2594 1567 2632 standi

216 2658 428 2706 judicibus.
921 2658 971 2694 iis
999 2658 1165 2693 securus.

275 2716 472 2763 cpi11i011i5.
504 2713 550 2750 cf.
585 2723 631 2755 2,
669 2724 731 2756 12,
771 2722 805 2759 5.

1718 2923 1726 3013 wa,
1720 2872 1727 2890 μ,
1720 2825 1725 2858 :-
