1779 3062
248 136 343 188 602
567 143 644 192 Μ.
679 144 823 189 ΕΑΒ.
849 145 1265 205 QUINTILIANI

401 265 464 314 X.
544 267 804 334 Superest,
841 279 904 318 ut
932 269 1102 327 dicam
1136 271 1201 318 de
1238 288 1429 340 genere
1463 284 1679 328 ora-1035

246 344 412 391 tionis.
492 345 594 392 Hic
627 356 736 394 erat
770 345 1076 412 propositus
1108 365 1137 395 a
1172 349 1330 399 nobis
1357 351 1416 398 in
1447 347 1588 396 divi-

248 420 397 468 sione
432 420 605 486 prima
634 422 785 472 locus
815 424 1036 473 tertius:
1109 441 1234 473 nam
1271 426 1346 473 ita
1385 425 1590 489 promi-

249 494 443 555 seram,
482 514 570 546 me
600 497 666 547 de
694 510 835 559 arte,
873 499 941 548 de
965 495 1192 568 arczfice,
1233 498 1300 548 de
1325 517 1481 564 opere
1506 498 1590 548 di-

251 583 483 628 cturum.
530 574 672 624 Cum
699 572 763 623 fit
783 585 960 625 autem
978 575 1269 625 rhetorices
1293 585 1450 641 atquc
1474 592 1589 626 ora-

248 651 380 699 toris
410 668 546 716 opus
578 653 762 710 oratio,
797 653 1083 719 pluresque
1116 656 1229 714 ejus
1254 650 1473 710 formae,
1493 650 1590 715 fic-

247 737 314 775 ut
361 726 631 776 ostendam
642 746 657 788 ;
732 730 792 778 111
837 730 1090 778 omnibus
1125 729 1209 778 his
1236 740 1289 778 et
1322 746 1414 777 ars
1436 726 1509 777 est
1535 738 1591 778 et

247 800 481 874 artzfex:
519 806 815 871 plurimum
845 817 1019 854 tamen
1041 807 1276 855 invicem
1304 801 1611 865 differunu,

249 897 349 930 nec
377 880 565 931 solum
585 880 770 948 specie,
808 893 870 932 ut
898 881 1110 948 signum
1140 882 1307 949 signo,
1336 893 1387 931 et
1409 882 1590 932 tabula

247 958 485 1017 tabulae,
540 969 591 1008 et
622 961 756 1009 actio
792 961 1010 1018 actioni3
1089 958 1180 1011 sed
1214 976 1407 1026 genere
1447 957 1590 1025 ipso,

244 1045 310 1085 ut
332 1036 542 1086 Graecis
568 1035 883 1086 Tuscanicae
907 1035 1116 1096 statuae,
1143 1048 1205 1087 ut
1231 1035 1452 1088 Asianus
1477 1036 1588 1087 elo-

368 1229 404 1252 1.
454 1218 501 1252 In
535 1214 667 1251 Turio.
709 1225 747 1251 et
775 1215 879 1254 Flor.
913 1216 1021 1252 nulla
1050 1216 1161 1252 inser,
1193 1217 1250 1252 De
1277 1229 1412 1264 genere
1439 1215 1591 1252 dicendi

246 1270 375 1308 Guelf.
411 1272 530 1308 Goth.
563 1282 600 1306 et
628 1269 787 1319 reliqui.
960 1272 1198 1322 praepositus
1229 1271 1357 1308 Guelf.
1509 1270 1589 1308 rhe-

246 1330 377 1364 torices
415 1330 541 1377 utique
582 1329 742 1364 oratoris
783 1330 917 1375 Turio.
962 1329 1068 1365 Flor.
1136 1330 1291 1365 rhetoris
1321 1343 1356 1364 a.
1391 1342 1425 1365 o.
1459 1328 1591 1367 Guelf.

245 1384 366 1420 Goth.
400 1388 491 1429 (tac.
524 1385 655 1431 Gesn.)
683 1396 714 1420 c.
748 1385 847 1423 Vall.
877 1387 983 1425 Voss.
1016 1396 1051 1422 2.
1086 1395 1125 1430 5.
1155 1386 1246 1430 (nisi
1277 1384 1383 1433 quod
1414 1384 1479 1421 hic
1509 1385 1590 1421 rhe-

242 1445 369 1486 tores)
415 1441 528 1477 Basil.
568 1445 690 1478 Stoer.
733 1441 900 1479 Chouet.
943 1443 1055 1480 Leid.
1114 1457 1145 1477 r.
1184 1457 1219 1479 a.
1258 1450 1422 1478 oratores
1453 1443 1587 1492 Camp-

243 1512 342 1534 omn.
386 1500 431 1534 iis
469 1508 507 1535 et
547 1499 681 1534 Turic.
717 1499 816 1536 Jens.
853 1497 953 1545 (tac.
983 1499 1124 1543 Gesn.)
1186 1498 1355 1535 omnibus
1385 1507 1420 1533 et:
1457 1497 1587 1535 Guelf-

243 1554 364 1590 Goth.
589 1564 625 1591 et
656 1554 784 1591 tabula
812 1556 972 1596 tabulae,
1001 1565 1038 1591 et:
1067 1558 1166 1592 actio
1197 1556 1348 1591 actioni.
1409 1555 1472 1590 Sic
1503 1556 1586 1591 Tu·

241 1612 313 1647 ric.
343 1610 449 1646 Flor.
481 1611 573 1653 (nisi
603 1610 711 1659 quod
740 1611 806 1645 hic
836 1614 999 1647 actiones
1030 1612 1208 1660 sequente
1239 1613 1292 1655 ec)
1324 1610 1458 1646 Guelfi
1484 1611 1582 1648 Obr.

239 1667 311 1712 (ex
340 1668 433 1715 Arg.
463 1666 570 1702 haud
601 1667 740 1711 dubie)
782 1668 916 1702 Burm.
953 1668 1114 1717 Capper.
1172 1682 1205 1703 e.
1244 1677 1271 1708 t.
1312 1675 1339 1703 t.
1377 1680 1409 1703 e.
1445 1668 1588 1704 actioni

241 1725 340 1760 actio
381 1723 480 1761 Jens.
522 1734 559 1758 et
590 1723 676 1759 edd.
709 1721 803 1771 post.
838 1734 924 1759 ante
952 1724 1064 1760 Basil.
1095 1737 1168 1761 acc.
1204 1724 1313 1760 Gesn.
1346 1724 1433 1772 Bip.
1491 1737 1523 1760 e.
1554 1734 1584 1762 t,

239 1789 268 1815 2.
302 1794 332 1814 e.
365 1782 510 1815 actione
540 1782 640 1815 accio
670 1778 773 1814 Alm.
806 1779 917 1815 Baril.
981 1789 1018 1816 et:
1051 1781 1179 1817 cabula
1208 1780 1339 1818 tabula
1378 1789 1414 1816 et
1442 1783 1587 1817 accione

239 1838 340 1872 accio
371 1835 490 1872 Goth.
521 1837 611 1881 (tac.
642 1835 773 1884 Gesn.)
803 1836 956 1885 Gryph.
987 1837 1083 1872 item
1114 1839 1249 1886 Camp.
1281 1836 1355 1872 nisi
1381 1837 1487 1886 quod
1517 1837 1585 1874 hic

238 1903 454 1941 utrumque
485 1901 523 1928 et
552 1892 711 1928 omittit.
771 1905 802 1927 e.
846 1902 871 1929 t.
913 1892 1043 1929 tabula
1081 1903 1119 1930 et
1156 1897 1254 1931 actio
1283 1895 1428 1930 actione
1457 1896 1582 1932 stoer.

240 1949 409 1985 Chouet.
446 1948 558 1985 Leid.
597 1949 700 1985 Gibl‘.
743 1948 947 1985 Voffianos
991 1949 1076 1987 filet
1114 1953 1247 1987 Burm.
1292 1960 1338 1985 ut
1375 1951 1583 1987 videantur

241 2005 407 2041 nostram
441 2005 541 2040 dare.
765 2014 806 2039 ut
839 2005 1005 2042 Graecis.
1063 2007 1125 2044 Sic
1154 2007 1274 2044 Flor„
1293 2006 1420 2044 Guelf.
1445 2008 1580 2056 Camp.

242 2061 364 2097 Goth.
394 2062 482 2108 (tac.
514 2060 640 2106 Gesn.)
672 2060 770 2098 Obr.
830 2063 868 2097 in
900 2062 1055 2099 Graecis
1082 2064 1216 2100 Turio.
1277 2072 1319 2099 ut
1357 2078 1382 2099 a
1414 2063 1483 2102 Gr.
1517 2076 1579 2099 re·

241 2118 357 2167 liqui.
586 2155 589 2157 ,
623 2127 664 2153 ul:
701 2116 870 2166 Asianus.
928 2121 992 2156 Sic
1021 2119 1154 2156 Turic-
1189 2119 1291 2156 Flor.
1325 2112 1455 2155 Guelf.
1488 2119 1580 2167 (uiti

242 2175 350 2224 quod
375 2174 440 2210 hic
469 2174 598 2222 lepide
628 2172 848 2225 asinianus).
884 2182 920 2209 et
948 2176 996 2212 A.
1025 2176 1173 2227 reliqui
1188 2185 1341 2226 praeter
1352 2177 1483 2226 camp.
1505 2175 1576 2226 qui

240 2231 559 2279 conjunctionem
589 2230 751 2272 omittit,
787 2242 833 2267 ut
858 2233 992 2269 modo.

301 2412 336 2435 1.
349 2400 566 2449 propositus,
578 2401 687 2450 supra
709 2410 746 2441 2,
761 2413 824 2446 14,
839 2408 877 2446 5.
935 2401 1151 2452 primordia
1173 2402 1242 2438 illa
1255 2403 1347 2439 artis
1360 2400 1573 2444 referenda,

299 2454 517 2505 Tuscanicae
527 2455 687 2505 statuae.
712 2459 879 2508 Recepta
935 2473 1059 2507 quaea
1073 2459 1441 2495 Graecisinltaliam
1454 2469 1573 2495 trans·

237 2511 358 2549 hodie
391 2511 439 2548 est
469 2513 565 2549 inter
591 2515 766 2550 eruditos
797 2515 876 2551 sen·
931 2513 1019 2557 lata,
1051 2528 1119 2564 per
1145 2516 1318 2552 colonias
1339 2516 1420 2561 ejus
1447 2515 1573 2563 genti·

238 2569 371 2606 tentia.
396 2569 598 2605 Tuscanica
625 2582 722 2618 quae
743 2570 789 2606 ab
810 2584 875 2606 an·
932 2570 1108 2621 aliosque
1132 2571 1314 2622 populos,
1345 2572 1489 2607 Tuscos
1517 2580 1571 2606 et·

239 2622 358 2670 tiquis
389 2624 567 2661 dicuntur
587 2638 716 2675 opera,
742 2637 780 2662 et
797 2628 877 2677 ipsa?
930 2628 1020 2670 iarn,
1050 2629 1302 2665 invaluerint.
1363 2628 1491 2674 Hujus
1504 2639 1571 2662 au·

238 2686 372 2715 revera
403 2681 538 2719 Graeca
573 2681 708 2725 fuiffo,
740 2684 801 2721 sed
830 2685 878 2721 ad
935 2694 1013 2722 tem
1041 2686 1194 2736 generis
1214 2685 1258 2721 in
1285 2684 1459 2722 statuaria
1488 2678 1571 2719 nou
