1779 3062
431 143 596 188 INST.
633 143 912 189 ORATOR.
950 143 1073 188 LIB.
1111 143 1224 199 XII,
1259 155 1304 187 2.
1442 153 1538 197 511

202 270 411 326 munia,
459 265 642 336 costes,
692 270 920 326 litterae,
959 264 1310 340 szcſjyicz'ones,
1350 272 1544 333 opinio·

202 364 305 396 nes.
391 346 522 394 Non
565 346 716 392 aliter
767 356 943 395 autem
993 343 1328 403 verisimilia,
1379 363 1542 411 quam

205 439 346 479 vera,
388 431 440 469 et
480 419 869 470 confirmantur
904 433 955 469 et
988 421 1323 472 refelluntur.
1405 428 1545 492 Qua-

204 509 450 568 propter,
495 509 556 547 ut
594 515 675 547 res
714 496 874 553 feret,
920 497 1160 549 flectetur
1200 501 1398 559 oratio,
1436 517 1546 549 ma-

205 586 367 627 nente
406 574 624 625 honesta
660 573 951 624 voluntate.

321 732 382 779 11.
461 729 688 798 Quando
728 728 895 792 igitur
935 738 1112 776 orator
1141 727 1214 776 est
1251 733 1339 780 vir
1375 729 1553 791 bonus,

210 808 256 856 is
307 817 484 856 autem
536 807 663 854 citra
718 807 974 854 virtutem
1013 806 1245 871 intelligi
1293 826 1407 857 non
1455 827 1555 876 po-

211 884 334 943 test;
377 885 566 940 virtus,
596 879 799 930 etiamsi
832 881 1091 947 quosdam
1122 883 1354 950 impetus
1374 902 1437 933 ex
1461 904 1555 935 na-

213 972 347 1017 tura,
366 959 552 1018 sumit,
592 970 768 1008 tamen
808 957 1136 1025 perficienda
1173 959 1413 1012 doctrina
1452 962 1552 1012 est:

213 1055 382 1087 mores
429 1047 548 1086 ante
591 1038 770 1086 omnia
809 1038 1008 1087 oratori
1049 1035 1240 1086 studiis
1282 1051 1442 1088 erunt
1468 1057 1556 1088 ex-

212 1114 451 1172 colendi,
515 1126 674 1179 atque
723 1116 900 1164 omnis
947 1113 1158 1164 honesti
1202 1113 1436 1182 justique
1476 1118 1558 1167 di-

215 1294 320 1331 FIor.
349 1292 477 1329 Guelf.
513 1293 646 1340 Camp.
681 1291 801 1327 Goth.
832 1292 930 1330 Jens.
967 1293 1056 1334 (tac.
1080 1292 1211 1339 Gesn.)
1248 1306 1336 1329 cum
1359 1295 1443 1331 edd.
1472 1307 1560 1333 ante

217 1354 343 1396 Stoer.
365 1362 439 1385 acc.
470 1347 574 1384 Roll.
596 1347 632 1396 s.
663 1349 696 1384 cl.
729 1347 887 1396 reliqui.
948 1347 1062 1396 causis
1093 1351 1131 1383 in
1158 1350 1312 1397 aliisque
1342 1354 1378 1386 in
1404 1354 1561 1403 aliisque

218 1423 247 1446 c.
279 1407 413 1443 Turio.
441 1405 546 1440 Flor.
583 1404 677 1450 (fed
704 1405 769 1440 hic
800 1406 956 1440 nonnisi
985 1405 1099 1440 semel
1112 1401 1141 1457 ).
1201 1409 1316 1442 animi
1353 1410 1438 1457 post
1478 1412 1560 1458 opi-

219 1468 348 1502 niones
374 1463 508 1498 inserit
537 1461 671 1509 Camp.
735 1472 770 1494 et
800 1472 885 1496 ante
916 1461 1012 1509 conf.
1043 1475 1120 1497 om.
1151 1463 1286 1499 Ambr.
1314 1475 1350 1502 2.
1374 1466 1500 1501 Guelf.
1525 1480 1558 1502 e.

219 1521 324 1561 Voss,
356 1529 392 1563 3.
423 1521 538 1554 Bern.
569 1516 786 1565 refellentur
815 1519 947 1553 Turio.
977 1518 1080 1554 Flor.
1126 1518 1264 1553 Solum
1294 1520 1562 1569 confirmantur

222 1580 286 1615 dat
317 1577 414 1612 Obr.
445 1589 525 1610 non
557 1587 605 1609 ex
644 1574 883 1623 typographi
921 1575 1082 1622 quidem
1119 1574 1341 1623 sphalmate.
1402 1587 1442 1612 ut
1472 1578 1567 1626 refe-

222 1647 278 1672 ret
307 1634 439 1670 Turio.
465 1631 570 1667 Flor.
600 1645 634 1666 u.
655 1646 683 1665 r.
705 1630 826 1679 ferret
843 1630 977 1665 Ambr.
1005 1641 1042 1666 2.
1076 1647 1111 1668 u.
1134 1647 1161 1667 r.
1177 1630 1296 1678 fieret
1317 1633 1444 1670 Guelf.
1493 1636 1568 1683 fle-

218 1701 344 1730 vetatur
378 1688 505 1725 Guelf.
535 1699 565 1722 e.
599 1688 720 1723 Goth.
753 1687 849 1724 Obr.
910 1690 1030 1724 oratio
1063 1703 1138 1724 non
1170 1699 1340 1724 manente
1369 1692 1403 1726 Ιι.
1431 1692 1568 1728 Turic.

222 1749 327 1784 Flor.
365 1748 500 1793 Camp.
535 1757 567 1780 e.
600 1743 714 1778 Bodl.
749 1754 786 1779 et
817 1745 1032 1779 Andreana.
1091 1746 1235 1784 oratio,
1269 1759 1354 1781 vero
1381 1759 1566 1790 manente,

225 1817 261 1841 et
284 1806 317 1840 Ιι.
353 1804 410 1838 ed.
441 1801 536 1837 Obr.
584 1801 764 1848 Apparet,
790 1811 976 1848 quantum
996 1801 1179 1835 nocuerit
1199 1801 1241 1835 in
1267 1814 1287 1836 0
1308 1803 1480 1841 desinens
1499 1819 1570 1842 vo·

225 1859 420 1899 eubulum.
453 1859 539 1893 hon.
569 1858 645 1893 vol.
676 1869 753 1893 om.
782 1856 916 1893 Ambr.
953 1867 990 1892 2.

338 1971 565 2021 Inscriptio:
629 1968 895 2017 Cognoscenda
925 1972 1071 2014 oratori
1097 1969 1228 2019 quibus
1256 1985 1374 2007 mores
1394 1972 1569 2020 forman-

229 2041 287 2066 tur
318 2030 451 2066 Turio.
483 2027 617 2063 Ambr.
648 2036 684 2060 2.
728 2027 823 2070 (hic
853 2025 995 2062 litteris
1025 2026 1186 2072 uneial.)
1220 2027 1347 2065 Guelf.
1379 2030 1465 2074 (hie
1483 2030 1571 2079 for-

230 2090 389 2129 mentur)
423 2084 541 2120 Goth.
568 2084 653 2132 (hic
676 2097 704 2117 c-
729 2081 810 2131 effe.
832 2082 1179 2130 o.—f0rmentur).
1243 2085 1296 2119 Ut
1315 2086 1434 2123 Goth.
1455 2088 1571 2123 etiam

229 2145 328 2184 Jens.
351 2156 383 2179 c.
412 2142 496 2177 edd.
522 2142 616 2189 post.
648 2149 734 2175 ante
764 2138 862 2179 Obr.
893 2152 967 2175 acc.
998 2142 1131 2176 Burm.
1165 2141 1327 2190 capper.
1386 2145 1434 2178 In
1461 2143 1566 2180 Flor.

182 2211 185 2214 '
231 2201 338 2237 nulla
358 2208 612 2235 memoratur.

323 2316 356 2341 1,
417 2302 534 2348 igitur
565 2299 605 2338 a}
635 2308 801 2334 oratores
827 2301 885 2335 vir
915 2299 1049 2335 Turic.
1098 2300 1205 2347 Quid
1235 2299 1311 2336 hoc
1340 2299 1429 2337 loco
1459 2303 1575 2352 [igni-

231 2362 326 2398 ᾕρει
357 2368 462 2396 nota,
487 2369 569 2392 non
591 2366 753 2405 exputo.
811 2358 959 2393 oratori
998 2366 1084 2393 ante
1122 2359 1247 2392 omnia
1277 2358 1408 2408 Camp.
1472 2374 1576 2397 exco-

230 2517 328 2555 lito:
360 2512 518 2549 sedJam
536 2513 747 2549 nonmodo
760 2525 878 2550 trans·
938 2526 974 2562 9.
1010 2513 1104 2548 item
1126 2512 1325 2551 Drakenb.
1354 2511 1401 2549 ad
1421 2513 1511 2550 Liv.
1539 2525 1577 2560 5,

230 2575 332 2608 itum
355 2571 460 2611 facit,
495 2570 554 2604 [ed
576 2569 674 2604 novi
694 2571 790 2618 quid
812 2571 877 2605 ad·
936 2577 1002 2615 51¹3,
1026 2577 1063 2614 8.

220 2616 383 2677 'jungit‚
415 2625 683 2676 significatque
714 2637 876 2674 praeter·
996 2640 1030 2662 ι.
1063 2628 1422 2664 virtus—doctrina
1442 2625 1503 2676 est.
1525 2628 1574 2665 cf.

230 2700 297 2727 ea,
328 2684 484 2735 insuper.
520 2681 567 2718 cf.
595 2695 666 2719 nos
699 2683 745 2720 ad
770 2684 804 2723 6,
836 2691 874 2731 4,
933 2684 1027 2721 haec
1059 2684 1175 2722 etiam
1204 2684 1386 2720 citantem
1415 2684 1578 2725 Valcke-
