1779 3062
320 166 418 210 300

637 152 712 196 M.
744 151 880 196 ΕΑΒ.
917 151 1333 212 QUINTILIANI

320 278 473 335 crati,
514 293 580 325 an
610 275 967 343 Agatharcho,
1007 294 1072 325 an
1096 278 1291 341 Scopae
1313 275 1566 344 scriptum
1591 275 1658 326 fit

317 356 378 405 id
399 370 633 403 carmen:
671 347 970 409 et'Pharsali
995 352 1159 402 fuerit
1187 354 1314 401 haec
1338 354 1555 412 domus,
1595 364 1659 403 ut

314 432 425 499 ipse
459 429 694 497 quodam
716 430 836 478 loco
859 428 1153 496 significare
1179 430 1478 480 Simonides
1507 431 1658 480 vide-

317 521 423 568 tur,
459 519 615 573 atque
637 507 1006 572 'Apollodorus
1026 518 1075 554 et
1096 505 1459 556 Eratosthenes
1482 519 1533 555 et
1551 511 1658 562 Eu-

316 587 556 654 phorion
579 595 631 633 et
656 581 941 633 Lariffaeus
959 584 1271 650 Eurypylus
1298 574 1672 644 tradiderunt3'

318 681 387 712 an
416 665 687 719 Cranone,
727 671 789 709 ut
819 661 1035 726 Apollas
1074 660 1457 718 Callimachus,-
1496 677 1658 726 quem

244 748 297 787 ι5
318 739 525 791 secutus
552 739 740 788 Cicero
759 737 894 786 hanc
917 736 1107 785 famam
1133 737 1292 785 latius
1320 736 1476 786 fudit.
1536 741 1658 788 Sco-

313 835 437 886 pam
479 816 719 865 nobilem
756 812 1057 863 Thessalum
1092 811 1299 880 periiffe
1339 815 1398 862 in
1433 831 1496 864 eo
1532 833 1658 870 con-

312 895 465 945 vivio
499 891 722 949 constat,
764 890 1010 952 adjicitur
1034 890 1229 940 sororis
1250 890 1431 940 filius:
1467 902 1659 958 putant

312 983 366 1021 et
395 982 538 1020 ortos
565 970 854 1034 plerosque
890 968 953 1016 ab
982 969 1085 1018 alio
1117 970 1310 1035 Scopa,
1363 970 1458 1034 qui
1488 973 1658 1031 major

310 1117 399 1166 pha.
430 1117 562 1163 Camp.
590 1114 695 1149 idem
718 1113 792 1150 bis.
817 1116 1011 1150 Crannone
1031 1113 1157 1149 Guelf.
1175 1116 1309 1161 Camp.

1543 1114 1657 1150 Phar·

303 1173 394 1222 sali.
420 1171 549 1208 Guelf.
577 1172 709 1217 Camp.
732 1169 924 1217 pharsalii.
963 1170 1076 1204 Prior
1103 1172 1222 1205 modo
1239 1168 1295 1216 sic
1322 1181 1407 1205 ante
1431 1171 1470 1205 id
1496 1171 1655 1208 omittit.

483 1227 721 1275 Eurypylus.
752 1226 858 1261 Dedi
880 1224 986 1272 quod
1006 1225 1128 1261 solun]
1149 1227 1342 1261 rationem
1366 1227 1534 1266 haberet,
1566 1240 1656 1262 cum

308 1287 443 1323 Locat.
459 1296 495 1320 et
504 1282 639 1317 multis
653 1292 739 1316 ante
756 1283 890 1317 Burm.
911 1281 1002 1315 item
1020 1282 1181 1330 Capper.
1198 1293 1235 1317 et
1245 1283 1467 1318 Schneider.
1483 1283 1528 1318 ad
1544 1284 1656 1319 Arist.

309 1342 429 1378 Pom:
454 1349 492 1384 5,
516 1347 553 1382 5,
577 1349 611 1381 7.
637 1339 679 1373 in
701 1339 799 1374 Add.
824 1338 953 1372 Miror
982 1350 1166 1386 corrupto
1191 1339 1421 1387 acquieviffe
1449 1339 1659 1375 Dukerum

313 1410 352 1435 et
372 1412 448 1434 van
471 1398 623 1436 emens,
657 1395 762 1443 quod
795 1396 886 1430 dam
905 1393 1104 1442 plerique,
1136 1395 1370 1444 Eut-ypilus,·
1398 1395 1521 1444 aliqui
1544 1396 1659 1432 etiam

309 1456 517 1504 EuripiluS,
548 1453 681 1500 Camp.
705 1453 792 1500 (per
813 1450 910 1499 sph.)
933 1450 1127 1499 Ery-pilus,
1149 1453 1264 1488 Tarv.
1286 1452 1549 1501 Euryplzylus‚
1566 1452 1652 1489 Ald-

309 1510 558 1560 Euriphylus.
600 1508 741 1556 Scripsi
761 1519 889 1542 autem
919 1506 1135 1556 Lariffaeus
1165 1521 1237 1556 pro
1258 1509 1503 1557 reliquorum
1526 1508 1654 1558 Laris-

299 1568 405 1618 sens,
441 1566 580 1602 itidem
613 1577 702 1598 cum
721 1563 957 1599 Schneidero
972 1591 980 1603 ,
1008 1564 1070 1598 [ed
1093 1576 1130 1599 et
1149 1564 1327 1600 Dukero.
1365 1567 1467 1601 Nam
1486 1566 1652 1601 formam

305 1620 510 1673 Aapzco‘tv'g
530 1620 603 1656 soli
623 1620 718 1658 Jovi
741 1620 882 1655 tribuit
906 1619 1036 1667 Steph.
1057 1622 1151 1668 Byz.

398 1719 460 1756 15.
488 1710 630 1760 sororis
644 1710 765 1758 filius.
798 1709 901 1745 Flor.
940 1710 1072 1751 inserit
1107 1721 1165 1752 et,
1209 1712 1311 1747 unde
1344 1712 1490 1748 efficere
1516 1711 1654 1748 malim

304 1774 395 1818 ejus.
435 1767 559 1803 Modo
571 1766 703 1815 periſj‘e
717 1767 836 1803 Goth.

307 1841 397 1864 cum
414 1825 518 1861 Alm.
541 1823 629 1858 Ald.
647 1823 744 1859 Obr.
767 1824 955 1871 probante
973 1826 1105 1859 Burm.
1138 1824 1297 1873 Reliqui
1323 1826 1405 1861 illo.

1071 1770 1161 1803 alio.
1191 1770 1253 1803 Sic
1265 1770 1396 1804 Turic.
1407 1769 1510 1804 Flor-
1523 1769 1650 1806 Guelf-

1575 1840 1652 1861 rna·

303 1887 379 1930 jor.
423 1881 557 1917 Turic.
591 1882 748 1924 majora.
782 1880 910 1916 Guelf.
938 1883 1071 1931 Camp.
1099 1882 1197 1921 Jens.
1232 1884 1329 1926 (tac.
1353 1882 1490 1926 Gesn.)
1512 1883 1653 1928 majore

307 1954 397 1977 cum
419 1938 536 1975 Goth.
561 1937 677 1972 TarV.

302 2062 605 2102 Demosthenem
636 2074 709 2109 pro
735 2062 888 2098 Corona
910 2076 948 2111 p.

302 2122 491 2163 Reisk.55
503 2134 534 2153 1.
549 2118 700 2152 Pausan.
717 2118 752 2153 6-
765 2131 801 2165 p.
815 2118 948 2155 Huhn.

308 2185 401 2223 475.
439 2175 602 2211 Lucian.
643 2174 684 2208 in
729 2175 948 2216 Herodoto,

305 2235 375 2271 fin.
401 2246 439 2271 et
463 2230 738 2267 demonstratos
760 2230 820 2266 ibi
840 2245 860 2265 a
883 2233 950 2267 So-

305 2291 408 2328 lano.

359 2350 454 2384 hanc
468 2344 630 2393 famam.
671 2343 776 2391 quod
809 2345 947 2381 Grano-

301 2419 348 2440 ηε
377 2402 562 2440 acciderit
592 2399 659 2434 illa
684 2399 847 2434 triclinii
867 2401 947 2435 rui-

300 2475 373 2503 na3
412 2471 539 2507 neque
561 2457 664 2492 enim
689 2456 808 2491 totius
828 2456 945 2491 histo-

300 2519 381 2553 riae
412 2517 530 2561 hujus
565 2523 700 2548 auctor
730 2511 796 2547 hic
818 2512 945 2562 appel·

302 2573 404 2609 latur
426 2573 577 2608 Cicero.

367 2639 429 2673 15.
462 2629 647 2672 adjicitur.
674 2625 732 2662 Ab
751 2625 945 2661 historicis

303 2687 417 2722 etiam
446 2687 528 2732 ejus
551 2683 693 2720 sororis
721 2682 830 2718 filius
859 2695 945 2732 per·

1005 2063 1085 2098 iiss'e
1117 2072 1304 2098 narratur.
1359 2063 1417 2099 Cf.
1448 2074 1531 2099 not-
1565 2064 1647 2100 crit.

1006 2119 1112 2154 Illud
1154 2117 1301 2167 Perisse
1343 2119 1647 2155 subaudiendum

1008 2177 1123 2212 ctiam
1142 2187 1237 2209 mox
1257 2174 1302 2208 ad
1321 2183 1467 2223 putant.
1684 2190 1693 2194 ‘

1061 2232 1108 2267 ab
1129 2232 1204 2266 alio
1223 2232 1354 2277 Scopa.
1385 2232 1460 2266 Hic
1474 2232 1646 2281 quidem,

1005 2287 1169 2323 Dukero
1190 2288 1233 2322 in
1252 2287 1529 2324 Differtatione
1556 2290 1647 2325 cita-

1005 2355 1042 2380 ta
1084 2343 1326 2379 subtilissime
1359 2343 1527 2380 calculos
1559 2346 1647 2382 sub·
1702 2376 1705 2379 Δ

1006 2400 1189 2439 ducente,
1246 2399 1322 2435 fuit
1353 2412 1488 2436 auctor
1519 2402 1646 2450 gentis

1005 2456 1286 2503 Scopadarum,
1329 2469 1425 2503 quae
1454 2458 1584 2506 viguit
1602 2459 1645 2493 in

1005 2512 1195 2547 Thessalia
1222 2513 1300 2558 jam
1334 2523 1418 2548 ante
1442 2513 1652 2562 Olympia·-

1005 2568 1093 2603 dem
1133 2569 1207 2612 46,
1250 2569 1337 2604 teste
1373 2569 1577 2605 Herodoto
1606 2570 1643 2611 6,

1011 2634 1100 2668 127.
1136 2625 1239 2660 unde
1271 2635 1426 2675 apparet
1447 2625 1563 2674 longe
1587 2626 1645 2660 [u-

1003 2695 1070 2731 pra
1102 2681 1316 2718 Simonidis
1357 2691 1517 2718 aetatem
1547 2681 1645 2718 rele-
