1779 3062
350 170 514 216 INST.
566 171 847 215 ORATOR.
893 173 1015 218 LIB.
1065 174 1136 229 X,
1190 184 1232 218 1.

1406 187 1468 232 91

97 311 230 356 nus,
271 297 367 363 qui
391 297 522 349 olim
544 297 928 356 nominabitur,
965 316 1110 347 nunc
1132 301 1469 366 intelligitur.

109 464 214 495 „tur.
276 453 397 501 Atqui
427 452 553 488 noster
583 463 689 492 tunc,
718 463 761 487 ut

109 511 301 557 „opinor‚
369 509 428 544 nil

109 567 261 614 Lipsius
294 567 336 600 in
367 565 677 601 testimoniorum
715 567 760 601 de

111 623 248 658 Tacito
288 624 518 658 recensione.

491 508 760 556 vulgaverat.“

588 621 761 658 Plinium

109 680 297 726 majorem
331 677 536 726 significari
562 691 649 713 cum
675 679 760 715 aliis

109 746 221 783 putat
269 748 306 772 et
353 735 527 770 defendit
561 736 759 772 Gesnerus.

109 792 357 828 Burmannus
385 796 501 839 (quae
524 803 561 827 et
581 792 762 839 Gedoyni

108 847 312 893 sententia)
332 859 514 883 neutrum
540 847 761 896 intelligen-

109 904 202 938 dum
231 906 364 946 censet,
393 905 577 952 idemque
603 905 761 952 suspica-

111 970 175 995 tur
215 961 258 996 in
301 961 371 997 isto
412 975 487 995 rem
519 961 585 996 vel
624 963 762 996 remitti

108 1015 176 1062 (cf.
199 1029 295 1053 nott.
328 1018 434 1060 crit.)
469 1016 588 1053 latere
615 1031 760 1053 nomen

109 1073 276 1120 alicujus
299 1073 485 1110 historici.
515 1075 644 1116 „Nam
667 1075 761 1110 haec

107 1131 295 1171 „ve1·ba‚“
325 1131 475 1179 inquit,
507 1132 680 1173 „necesse
713 1132 763 1166 est

110 1200 274 1236 „capere
298 1189 342 1223 de
365 1188 519 1236 aliquo,
553 1189 623 1236 qui
643 1188 762 1223 hifio·

110 1243 237 1283 „riam
260 1245 591 1292 suam,antequam
617 1245 760 1284 ederet,

110 1300 342 1341 „recitavit;
389 1314 486 1348 quae
520 1314 609 1336 cum
640 1300 760 1335 liber-

109 1357 238 1396 „rime
295 1357 384 1391 effet
440 1359 604 1405 scripta,
654 1357 761 1392 fuere

109 1414 327 1460 „quaedam
368 1427 464 1461 quae
505 1414 655 1448 dixerat
688 1413 761 1448 cir-

110 1469 326 1510 ,‚cu1ncisa,
381 1481 417 1505 et
448 1471 501 1504 ita
535 1469 693 1505 libertas
727 1470 763 1504 ei

108 1527 321 1567 „nocuit.“
378 1526 550 1561 Plinium
589 1526 762 1574 quidem,

112 1582 309 1630 quidquid
337 1583 383 1617 ad
408 1583 763 1618 commendandum

110 1638 228 1674 talem
255 1638 335 1674 loci
363 1639 607 1674 intellectum
628 1652 763 1674 eruere

110 1695 182 1730 fibi
213 1696 372 1732 videtur
404 1697 593 1731 Gesnerus
633 1709 651 1730 e
685 1695 763 1730 Pli-

109 1752 246 1793 niana,
278 1765 393 1800 quam
426 1753 546 1788 modo
576 1752 762 1794 indicavi,

111 1808 284 1856 epistola,
312 1809 512 1844 manifesto
545 1820 648 1844 arcet
667 1819 764 1844 tem-

109 1878 253 1915 porum
285 1866 397 1905 ratio,
430 1879 517 1900 cnm
556 1866 675 1900 nimis
706 1865 766 1900 in-

113 1920 302 1957 credibile
326 1923 382 1961 fit,
394 1921 489 1956 haec
509 1935 527 1955 a
542 1923 614 1968 Qu.
631 1921 767 1970 scripta

111 1978 189 2024 jam
245 1977 356 2012 fuiffe
402 1988 486 2013 ante
541 1978 768 2013 Domitiani

112 2035 324 2083 imperium
366 2035 472 2078 (cum
512 2034 604 2069 Tito
644 2034 768 2083 impe-

113 2102 221 2125 rante
252 2090 402 2126 Plinius
441 2091 644 2140 perierit),
693 2091 766 2126 illo

112 2157 238 2182 autem
273 2161 405 2182 rerum
441 2158 616 2197 potiente
648 2158 768 2183 retra-

113 2214 211 2238 ctata
233 2205 355 2239 modo
386 2215 501 2253 atque
527 2203 642 2241 edita.
704 2205 768 2239 Sic

115 2260 220 2295 enim
241 2260 340 2295 hanc
373 2259 638 2296 difficultatem
661 2274 767 2296 amo-

113 2315 184 2350 liri
205 2327 368 2352 conatur
390 2318 499 2353 Gesn.
561 2318 769 2366 Quidquid

113 2372 230 2408 :nobis
255 2373 419 2409 offertur
448 2374 491 2408 in
528 2373 636 2410 hisce
657 2374 768 2409 Insti-

113 2428 314 2464 tutionum
365 2429 498 2471 libris,
548 2444 769 2479 quanquam

114 2486 345 2521 meditatum
370 2487 438 2522 diu
460 2497 497 2521 et
516 2488 726 2535 probatum
749 2501 769 2522 a

115 2553 271 2577 :maturo
338 2543 538 2578 scribentis
592 2543 768 2592 ingenio,

117 2599 280 2646 speciem
312 2610 439 2635 tamen
481 2599 599 2635 habet
638 2601 772 2649 sponte

117 2665 156 2690 et
177 2654 286 2690 illico
319 2656 520 2697 nascentis,
552 2669 633 2692 non
662 2670 772 2705 prae-

115 2712 262 2760 parati,
293 2712 473 2763 operisve
510 2723 693 2763 tanquam
726 2726 775 2749 ex

818 452 973 501 pridem
1049 454 1251 491 artificiose
1333 455 1472 505 politis

821 509 1060 557 edolatisque
1101 512 1228 547 frustis
1271 513 1474 561 compositi

821 576 858 600 et
879 566 1063 602 tessellati.
1096 568 1180 603 Nec
1203 580 1354 615 poterat
1379 568 1474 604 ferri

820 621 906 657 talis
963 625 1305 664 commemoratio,
1362 624 1476 664 velut

818 678 1014 720 viventis,
1045 693 1160 727 quam
1215 680 1318 714 nulli
1366 692 1473 717 certo

820 733 978 770 homini
1015 737 1104 771 esset
1134 736 1385 785 affignaturus
1406 737 1475 772 vel

819 791 1069 839 peritisslmus
1091 792 1226 834 lector,
1254 805 1341 826 curn
1365 807 1474 841 prae-

819 848 946 883 sertim
977 850 1139 897 intelligi
1183 862 1294 890 eum,
1356 862 1475 897 quem

819 918 922 939 nunc
955 905 1112 953 quidem
1157 919 1237 940 non
1283 899 1474 945 nominet,

821 972 897 995 tani
920 960 1159 998 confidenter
1178 963 1281 997 dicat
1300 962 1474 1010 scriptor.

820 1017 865 1051 Id
917 1031 1076 1066 quoque
1123 1018 1279 1054 excludi
1315 1018 1476 1054 videtur

819 1074 880 1110 his
903 1085 977 1110 tam
1013 1075 1132 1110 effufis
1166 1075 1367 1124 scriptoris
1392 1074 1475 1110 lau-

822 1131 945 1172 dibus,
978 1131 1216 1168 intercidisse
1250 1143 1476 1180 temporum

820 1188 966 1233 injuria
1001 1200 1038 1223 et
1075 1202 1219 1225 nomen
1257 1199 1294 1223 et
1331 1188 1475 1223 famam

824 1245 921 1290 ejus,
957 1257 1073 1292 quem
1097 1245 1163 1280 hic
1190 1244 1476 1281 commendarit

820 1301 958 1335 noster.
1019 1301 1160 1350 Aliqua
1192 1303 1288 1336 tanti
1321 1300 1476 1349 ingenii

821 1358 1011 1392 memoria
1043 1358 1088 1392 ad
1116 1372 1186 1393 nos
1215 1370 1373 1406 quoque
1397 1366 1476 1391 erat

820 1424 1068 1462 perventura,
1103 1417 1126 1449 fi
1146 1415 1315 1449 maxime
1337 1413 1475 1461 scripta

821 1470 965 1505 sublata
1000 1472 1126 1506 essent.
1191 1472 1236 1504 In
1270 1469 1340 1505 illo
1367 1469 1476 1504 intel-

821 1526 965 1573 ligendi
995 1527 1118 1562 verbo
1154 1528 1200 1563 ef·
1224 1526 1269 1567 6,
1312 1535 1358 1569 5,
1407 1532 1475 1569 58.

823 1582 1004 1617 Tacitum
1046 1595 1173 1618 autem
1224 1596 1303 1630 quo
1343 1583 1475 1617 minus

822 1638 889 1673 hic
929 1639 1188 1680 inveniamus,
1234 1639 1359 1675 multa
1391 1640 1475 1673 sano

821 1696 980 1743 possunt
1057 1709 1186 1732 vetare
1205 1710 1214 1738 3
1303 1708 1477 1745 quorum

824 1763 951 1787 tamen
974 1752 1089 1794 illud,
1123 1754 1229 1802 quod
1253 1767 1272 1787 a
1299 1764 1477 1801 temporo

824 1809 919 1844 editi
955 1810 1000 1845 ab
1031 1823 1076 1845 eo
1109 1810 1236 1858 operis
1272 1808 1476 1858 repetitur,

824 1877 1097 1914 argumentum
1134 1867 1219 1901 satis
1240 1865 1476 1906 infirmatur,

824 1923 861 1962 fi,
894 1922 936 1958 id
958 1923 1064 1971 quod
1086 1925 1219 1958 Burm.
1242 1932 1390 1963 monet,
1416 1935 1477 1956 re-

825 1979 1009 2015 citantem
1048 1980 1150 2015 inter
1190 1979 1335 2014 amicos
1380 1991 1478 2028 quae

825 2036 1001 2071 nondum
1025 2036 1249 2085 vulgaverit
1272 2034 1479 2082 fingamus.

828 2092 969 2138 Quales
1010 2105 1089 2128 non
1139 2092 1230 2128 solis
1276 2093 1405 2140 poetis
1443 2101 1481 2127 et

829 2149 1051 2185 oratoribus
1113 2150 1308 2185 consuetas
1369 2148 1481 2184 fuisse

826 2206 1074 2242 recitationes
1144 2217 1261 2240 nemo
1327 2205 1481 2240 dubita-

826 2262 930 2298 verit
945 2276 954 2303 ;
989 2263 1035 2299 cf.
1053 2263 1094 2298 in
1114 2261 1282 2298 Servilio
1294 2262 1482 2297 Noniano

826 2318 927 2355 Plin.
943 2320 1059 2368 Epist.
1078 2332 1110 2361 1,
1131 2317 1232 2363 13.l.
1248 2330 1278 2352 c.
1321 2320 1484 2354 Sueton-

829 2375 964 2411 Claud.
997 2383 1062 2420 4¹·
1109 2378 1297 2411 Remanet
1325 2375 1483 2423 scrupu-

828 2431 913 2472 lus,
949 2431 1056 2480 quod
1106 2432 1184 2481 ipsa
1238 2430 1307 2466 illa
1357 2431 1486 2466 Taciti

827 2488 985 2525 libertas
1025 2488 1259 2524 Domitiano
1311 2488 1484 2523 maxime

831 2546 1003 2580 timenda
1030 2556 1133 2585 erat,
1166 2557 1235 2579 nec
1257 2545 1416 2579 videtur
1438 2536 1493 2581 eo*

831 2602 1028 2650 superstite
1060 2616 1079 2637 a
1102 2613 1178 2636 tam
1201 2601 1378 2636 obnoxio
1404 2601 1486 2636 cul-

833 2668 917 2693 tore
953 2670 1039 2692 eum
1072 2657 1153 2693 ulla
1183 2656 1295 2692 laude
1319 2658 1486 2707 potniss'o
1524 2648 1527 2653 ’

833 2715 1147 2752 commemorari.
1228 2715 1359 2751 Etiam
1408 2714 1487 2751 hoe
