1779 3062
201 175 303 221 250
526 163 604 214 M.
625 162 770 213 FAB.
809 165 1231 229 QUINTILIANI

179 293 252 349 fise
271 292 452 359 magni
470 289 650 341 facere
675 292 865 358 aliquis
894 297 1191 359 poetarum,
1229 305 1401 344 utrum
1431 294 1563 345 Cae·=

184 368 292 444 sar
325 381 441 420 acer
462 388 530 419 an
557 367 705 419 albus
740 366 1002 443 homosic:
1040 370 1253 420 insania.
1294 384 1461 432 verte,
1500 382 1564 422 ut

198 448 347 498 idem
389 446 592 498 Caesar
617 447 684 496 de
727 448 825 497 illo
859 448 1082 507 dixerit,
1141 451 1439 515 arrogantia
1473 449 1562 499 est.

199 529 378 587 Major
397 527 455 574 in
481 524 717 591 personis
740 523 1036 575 observatio
1067 525 1140 573 est
1169 526 1313 591 apud
1338 528 1564 592 tragicos

201 605 561 667 comicosque.
640 605 832 654 Multis
857 605 1001 652 enim
1031 614 1275 661 utuntur,
1311 614 1364 651 et
1387 605 1562 652 variis:

198 681 400 731 Eadem
430 691 482 729 et
507 698 726 739 eorum,
787 683 884 745 qui
929 682 1195 731 orationes
1227 682 1342 729 aliis
1372 680 1565 729 scribe-

198 758 353 818 bant,
376 757 500 810 *fuit
537 763 700 817 rati03
743 769 794 806 et
827 758 1240 808 declamantium
1264 757 1350 807 est.
1430 759 1563 809 Non

200 838 347 885 enim
378 834 584 902 semper
614 848 678 885 ut
711 836 980 895 advocati,
1021 835 1111 885 [ed
1143 837 1466 902 plerumque
1502 844 1564 885 ut

119 929 174 969 59
196 915 488 979 litigatores
531 914 780 963 dicimus.
898 916 1100 963 Verum
1155 915 1315 962 etiarn
1372 916 1431 961 in
1475 913 1564 962 his

197 991 383 1050 causis,
424 992 620 1056 quibus
651 991 1003 1050 advocamur,
1039 991 1224 1042 eadem
1256 986 1562 1040 differentia

197 1069 484 1135 diligenter
527 1069 599 1117 est
658 1068 1019 1118 custodienda.
1140 1070 1361 1117 Utimur
1417 1069 1564 1116 enim

194 1146 418 1204 fictione
470 1145 847 1211 personarum,
926 1157 978 1194 et
1034 1147 1188 1195 velut
1243 1163 1335 1196 ore
1387 1146 1564 1194 alieno

195 1225 504 1289 loquimur:
547 1222 820 1288 dandique
851 1221 974 1272 sunt
1009 1225 1102 1281 iis,
1143 1223 1343 1288 quibus
1375 1238 1566 1286 vocem

196 1300 693 1359 accommodamus,
772 1299 856 1349 sui
903 1316 1100 1350 mores.
1200 1300 1370 1349 Aliter
1417 1300 1564 1348 enim

280 1461 347 1499 38.
383 1463 537 1490 ater—
561 1465 600 1490 ut
622 1455 730 1490 idem.
773 1455 908 1490 Turio.
948 1453 1052 1490 Flor.
1105 1453 1190 1501 (hic
1209 1468 1228 1489 a
1249 1467 1308 1503 pr.
1330 1455 1402 1498 m.)
1445 1453 1563 1489 omit!

193 1524 282 1550 tunt
321 1526 410 1547 cum
440 1513 543 1549 Alm.
576 1523 738 1560 propter
766 1511 1131 1547 homoeoteleuton.
1394 1502 1563 1558 tragicos

194 1571 432 1617 comicosque.
474 1571 562 1604 Hoc
590 1568 728 1604 ordine
750 1569 886 1604 Turio.
918 1567 1021 1603 Flor.
1055 1568 1191 1603 Ambr.
1215 1579 1252 1604 2.
1285 1566 1413 1604 Guelf.
1442 1566 1560 1603 Goth.

194 1629 284 1672 (tac.
313 1626 442 1671 Gesn.)
475 1639 563 1661 cum
588 1625 692 1662 Voss.
716 1634 754 1668 5.
784 1625 858 1659 nisi
879 1624 986 1673 quod
1018 1625 1269 1673 concedasque.
1291 1624 1453 1672 Reliqui
1477 1637 1506 1659 c.
1532 1623 1561 1658 t}

285 1684 382 1717 enim
404 1691 567 1717 utuntur.
607 1682 742 1716 Turio.
778 1682 940 1716 omittit.
1161 1680 1386 1730 scribebant.
1425 1679 1560 1715 Turio.

190 1739 295 1775 Flor.
327 1739 413 1784 (hic
435 1754 454 1774 a
477 1752 536 1788 pr.
557 1741 630 1781 m.)
664 1739 794 1787 Camp.
820 1737 998 1787 scribant.
1039 1736 1386 1786 Gothssct‘ibebat.

279 1804 318 1830 ut
348 1797 537 1831 advocati.
589 1788 722 1831 Turic.
777 1796 910 1844 Camp.
960 1804 996 1830 et
1025 1809 1060 1830 α.
1111 1793 1241 1829 Guelf.
1283 1792 1332 1842 est
1370 1809 1405 1830 α.
1446 1794 1561 1829 >Mox

191 1855 328 1902 Camp.
362 1853 514 1889 omittit
544 1864 584 1888 ut
616 1852 722 1897 (ante
754 1852 886 1899 litigo,
918 1865 992 1901 pro
1016 1864 1094 1898 quo
1115 1850 1220 1887 Flor.
1254 1852 1293 1895 (a
1315 1851 1384 1887 sec.
1409 1851 1483 1898 m.)
1513 1858 1561 1888 et.

281 1920 346 1958 39.
388 1912 426 1945 in
454 1910 520 1945 his.
563 1909 624 1944 Sic
649 1910 781 1944 Turio.
814 1907 917 1944 Flor.
949 1907 1111 1956 Reliqui
1141 1909 1167 1942 i.
1192 1909 1247 1943 iis.
1556 1903 1558 1905 ¹

278 1969 517 2004 advocamur.
561 1966 664 2001 Flor.
699 1964 829 2002 Guelf.
862 1965 1086 2016 advocamus
1119 1978 1209 2001 cum
1238 1964 1360 2001 Goth.
1393 1964 1491 2003 Jens.
1524 1973 1564 2001 et

193 2025 280 2064 edd.
301 2025 463 2074 posterr.
487 2033 572 2059 ante
597 2022 686 2059 Ald.

250 2168 316 2205 53.
349 2160 486 2208 aliquis
505 2164 714 2206 poetarum.
745 2156 849 2195 Vide
913 2155 963 2191 16
986 2166 1101 2205 caput
1122 2155 1312 2192 orationis
1333 2166 1407 2204 pro
1421 2152 1562 2191 Coelio

193 2228 340 2266 quanto
373 2229 463 2252 cum
493 2222 693 2252 contemtu
714 2212 850 2262 loqua-
909 2213 1134 2248 obversatur
1156 2211 1297 2253 nostro,
1311 2212 1354 2246 iu
1375 2224 1454 2259 quo
1477 2210 1564 2247 sunt

194 2286 281 2315 tur3
303 2287 431 2322 neque
454 2272 557 2308 enim
578 2282 661 2307 tum
685 2269 848 2311 oblitus,
908 2281 945 2305 et
958 2269 1171 2306 Caeciliani
1195 2279 1231 2304 et
1249 2267 1478 2304 Terentiani
1497 2280 1564 2316 pa-

192 2331 299 2366 hunc
330 2329 440 2367 fuisse
474 2327 673 2366 Catullum
710 2326 846 2372 (carm.
906 2326 977 2362 tris
1028 2327 1225 2375 personae.
1284 2326 1345 2360 Ex
1366 2324 1565 2362 Uen-inis

194 2390 290 2436 92),
319 2387 514 2437 putandus
537 2385 595 2421 est.
908 2396 1006 2433 quae
1059 2395 1156 2417 mox
1201 2392 1430 2431 ponuntur,
1471 2394 1564 2416 eum

250 2447 313 2494 qui
342 2464 396 2471 —
424 2445 509 2479 aliis
528 2441 750 2491 scribebant.
801 2440 848 2476 cf.
909 2439 1235 2488 compositionem
1292 2447 1492 2478 tractaret,
1541 2450 1563 2472 a

195 2511 232 2545 ⁶5,
256 2509 292 2547 8,
318 2509 384 2545 51.
419 2512 455 2541 2,
477 2507 537 2543 15,
561 2507 627 2541 50.
661 2507 697 2542 5,
722 2511 758 2538 ι,
784 2509 847 2534 10.
907 2496 1037 2532 nostro
1066 2497 1144 2542 jam
1174 2496 1216 2531 in
1244 2493 1471 2542 exemplum
1497 2493 1562 2529 ad·

908 2552 1037 2588 hibita
1054 2553 1140 2587 sunt
1165 2564 1201 2600 9,
1218 2558 1254 2595 4,
1269 2563 1337 2596 7ι.
1356 2561 1446 2586 102.
1467 2550 1562 2586 vido

250 2625 315 2662 59.
347 2615 469 2651 Aliter
490 2615 600 2648 enim.
614 2611 661 2648 cf.
676 2619 712 2655 5,
728 2617 765 2655 8,
783 2615 847 2653 54.
909 2620 947 2645 et
973 2616 1006 2653 4,
1022 2619 1057 2649 2,
1076 2608 1165 2644 106.
1182 2607 1423 2644 Milonianae
1443 2606 1564 2656 ipsam

193 2673 265 2708 ubi
292 2674 396 2708 idem
420 2669 622 2708 Ciceronis
657 2667 766 2703 locus
790 2679 849 2701 reo
907 2666 1040 2706 illam,
1087 2678 1204 2713 quam
1236 2665 1321 2704 hic,
1370 2664 1564 2699 virtutem

192 2730 372 2778 spicitur,
407 2729 480 2764 nisi
509 2725 616 2775 quod
643 2724 711 2760 hic
734 2725 850 2760 etiam
910 2723 1034 2770 tangit
1058 2733 1094 2759 et
1116 2723 1153 2763 6.
1189 2735 1224 2764 ι,
1258 2729 1323 2766 25.
1359 2728 1395 2764 5,
1429 2732 1492 2760 ιο.
