1794 3057
179 1001 228 1025 11

257 175 319 210 ιο
368 172 372 173 ’
560 162 638 210 Μ.
685 161 823 207 FAB.
877 128 1297 224 QUINTILIANI

251 289 505 347 sciamus,
568 299 726 354 atque
776 286 964 338 eorum
1008 307 1121 338 non
1175 285 1607 355 fignificaticnem

251 367 434 424 modo,
458 364 548 414 sed
569 365 764 415 formas
787 367 942 414 etiam
965 366 1341 431 mensurasque
1364 368 1607 415 norimus

252 455 328 502 et,
374 443 687 507 ubicunque
733 453 889 491 erunt
928 443 1119 508 polita,
1168 461 1233 491 an
1272 445 1608 500 conveniant,

251 519 350 570 nisi
403 520 572 568 multa
622 520 852 580 lectione
893 530 1049 586 atque
1094 521 1369 582 auditione
1414 517 1609 584 assequi

251 598 407 647 nullo
424 595 588 647 modo
607 593 902 662 poffumus;
938 614 1064 647 cum
1087 614 1300 645 omnem
1312 595 1610 645 [ermonem

253 675 472 723 auribus
512 675 753 739 primum
789 675 1119 740 accipiamus.
1208 677 1429 738 Propter
1461 670 1611 736 quod

251 750 479 800 infantes
521 768 549 798 a
591 751 754 799 mutis
803 751 1106 799 nutricibus
1152 748 1289 810 juffu
1323 766 1510 814 regum
1550 748 1610 795 in

252 827 542 877 solitudine
594 826 830 886 educati,
887 826 1087 899 etiamsi
1138 828 1300 875 verba
1348 824 1700 891 quaedamsssso

253 902 471 954 emififfe
505 904 814 962 traduntur,
855 915 1029 952 tamen
1067 903 1330 967 loquendi
1361 903 1611 951 facultate

253 992 551 1031 caruerunt.
614 983 747 1030 Sunt
771 992 945 1030 autem
973 983 1072 1029 alia
1097 980 1190 1040 huj
1201 998 1257 1030 us
1283 990 1514 1036 naturae,
1551 988 1613 1027 ut

251 1060 396 1109 idem
434 1059 681 1125 pluribus
719 1060 942 1107 vocibus
969 1058 1260 1116 declarent,
1297 1058 1370 1105 ita
1395 1067 1455 1105 ut
1472 1055 1613 1104 nihil

253 1135 672 1201 significationis,
712 1152 822 1198 quo
843 1137 1022 1200 potius
1045 1136 1238 1192 utaris,
1279 1133 1505 1182 interfit:
1551 1142 1615 1181 ut

253 1203 392 1283 fflfis
427 1223 479 1262 et
516 1205 781 1281 gladius:
834 1213 957 1270 alia,
998 1227 1132 1276 quae
1169 1210 1367 1260 etiamsi
1396 1210 1615 1277 propria

342 1402 405 1424 10.
438 1387 611 1437 sciamm.
671 1386 776 1423 Nor,
804 1385 953 1435 scimus,
1190 1393 1243 1420 et.
1277 1387 1489 1434 ubicunque.
1549 1385 1615 1421 Sic

252 1447 388 1484 Turio.
412 1445 515 1479 Flos.
551 1444 680 1480 Guelf.
714 1445 846 1491 Camp.
878 1456 967 1476 cum
999 1441 1118 1477 Goth.
1141 1452 1179 1477 et
1200 1443 1286 1479 edd.
1308 1455 1393 1479 ante
1416 1442 1522 1478 Bafil.
1543 1443 1614 1477 nist

253 1502 364 1552 quod
389 1502 476 1536 Bad.
497 1502 564 1535 [ec.
586 1511 628 1535 uc
649 1510 684 1535 el:
706 1515 740 1535 u.
801 1498 963 1545 Reliqui
984 1507 1023 1532 ut
1046 1513 1081 1533 u.
1318 1514 1366 1534 αη
1387 1513 1488 1534 conv.
1551 1497 1615 1533 Sic

254 1562 388 1607 Camp.
412 1557 574 1604 Reliqui
604 1557 793 1592 omittunt
814 1569 873 1590 an.
1080 1564 1191 1603 atque
1212 1555 1416 1590 auditione.
1478 1556 1613 1603 Camp.

254 1625 320 1652 aut
341 1629 374 1650 a.
400 1626 488 1648 cum
511 1612 610 1648 Obr.
845 1611 947 1645 nullo
970 1612 1092 1645 modo.
1156 1611 1218 1645 Sic
1239 1612 1371 1646 Turio.
1393 1611 1496 1646 Flor.
1523 1623 1614 1646 cum

253 1671 356 1708 Alm.
383 1669 542 1717 Reliqui
561 1683 658 1710 non,
691 1668 800 1716 quod
822 1667 947 1716 ipsum
971 1667 1121 1702 omittit
1143 1666 1272 1701 Guelf.
1415 1666 1615 1717 poffumus.

255 1728 390 1763 Turio.
416 1725 518 1761 Flor.
541 1724 729 1775 poffimus.
922 1737 1077 1758 omnem.
1139 1724 1272 1758 Turic-
1298 1723 1401 1759 Flor.
1424 1738 1529 1759 omne
1553 1725 1615 1759 mi.

254 1783 326 1818 Ille
358 1797 377 1817 a
405 1784 470 1817 sec.
503 1795 604 1816 man.
638 1795 743 1816 omne
773 1783 884 1816 enim.
945 1779 1074 1816 Guelf.
1103 1794 1247 1815 omnem
1275 1783 1372 1816 enim
1397 1793 1485 1816 cum
1504 1779 1614 1816 Bafil.

258 1840 365 1888 Quid
393 1839 508 1874 lateat
536 1851 615 1873 non
645 1848 804 1886 exputo‚

343 1903 546 1932 caruerunt.
607 1895 741 1930 Turic.
769 1893 873 1929 Flor.
899 1897 1091 1930 caruerint.

350 2000 415 2022 11.
447 1985 642 2020 declarent.
693 1985 825 2020 Tui-ic,
848 1983 951 2019 Flor.
984 1985 1023 2030 (a
1044 1998 1101 2033 pr.
1123 1999 1173 2020 m.
1197 1986 1393 2033 uterque)
1412 1984 1618 2021 declarant·

343 2044 443 2084 alia,
476 2056 582 2091 quae.
642 2041 775 2077 Turio.
802 2040 906 2076 Flor.
932 2041 1059 2078 Guelf.
1085 2042 1217 2091 Camp.
1252 2042 1384 2078 aliave.

321 2203 384 2226 10.
423 2191 541 2225 Recte
572 2187 639 2223 hic
668 2187 815 2236 Reg³us
846 2186 908 2222 ad·
965 2187 1143 2238 profecto
1185 2186 1304 2222 fuerit
1344 2187 1419 2234 Qu.
1448 2186 1618 2235 suspicet

260 2258 395 2285 monet
416 2244 687 2281 Psammetichi
714 2245 818 2292 regis
843 2257 908 2291 pa·
968 2254 1089 2279 mutas
1124 2245 1282 2278 nutrices
1324 2244 1445 2279 dictas
1484 2243 1534 2278 ab
1569 2255 1615 2278 eo

261 2304 354 2341 fiori
376 2302 562 2338 tradentis
586 2301 764 2348 infantes,
786 2300 908 2348 capri·
969 2302 1040 2337 effe
1063 2313 1135 2348 pro
1158 2299 1298 2335 bestiis.
1339 2299 1397 2335 Cf.
1426 2314 1459 2340 1,
1491 2311 1553 2340 10,
1578 2309 1616 2342 7.

262 2374 315 2397 no
340 2359 458 2396 ubere
471 2357 713 2396 nutriendos,
734 2357 910 2405 quimox
968 2359 1162 2393 Gesncrus
1197 2356 1262 2390 hic
1305 2356 1483 2397 „Notum
1518 2366 1617 2390 cete-

264 2417 371 2452 becos
392 2415 675 2464 pronunciatum
706 2413 810 2462 apud
831 2414 909 2447 He-
969 2413 1143 2460 „roquin
1183 2412 1272 2448 est“
1306 2413 1360 2447 ait
1404 2411 1564 2452 „surdos
1597 2424 1619 2446 a

263 2473 349 2508 rod.
383 2484 426 2513 2,
454 2482 489 2506 2.
521 2471 606 2506 add.
632 2469 761 2506 Schol.
793 2467 912 2518 Apol·
971 2480 1133 2510 „natura
1176 2468 1226 2503 ob
1259 2468 1302 2502 id
1331 2468 1454 2515 ipsum
1487 2479 1618 2504 mutos

267 2529 346 2564 lon.
381 2535 425 2571 4,
452 2529 542 2564 262.
584 2529 711 2563 Lutat.
732 2527 776 2561 in
801 2523 914 2561 Statii
973 2525 1157 2566 „eosdem
1180 2524 1263 2564 effe,
1288 2524 1392 2571 quod
1415 2523 1619 2571 loquentes

266 2585 391 2621 Theb.
416 2595 460 2628 4,
484 2592 575 2628 275.
599 2595 636 2619 et
647 2582 847 2619 Claudian.
870 2581 914 2615 in
973 2581 1099 2623 „alios
1125 2593 1205 2615 non
1227 2581 1403 2615 audiant:
1437 2580 1621 2627 idemque

266 2642 436 2689 Eutrop.
458 2642 510 2680 Π,
535 2649 609 2684 251
629 2659 679 2667 -
696 2646 758 2683 54.
792 2639 914 2685 Cujus
973 2637 1191 2678 „accida-e,
1222 2637 1248 2672 fi
1279 2637 1350 2686 qui
1377 2637 1470 2675 fint,
1499 2639 1621 2684 ,θηριο-

267 2697 450 2733 historiae
497 2708 587 2731 cum
640 2708 791 2731 memor
850 2694 917 2729 hic
975 2692 1214 2742 „Segora-,155⁶
