1779 3062
258 173 357 222 524
521 203 523 206 .
543 162 636 208 M.
683 162 818 208 FAB.
866 162 1287 225 QUINTILIANI

256 306 361 356 que
392 305 522 338 vero
556 286 654 337 ess'e
683 288 801 354 quis
827 285 1017 345 nescit,
1056 305 1192 353 quae
1224 297 1362 338 totae
1392 289 1451 337 in
1491 286 1616 348 solaj

177 380 223 418 16
254 368 507 433 qualitate
539 364 853 415 consistant?
929 368 992 413 In
1027 365 1258 415 consiliis
1293 373 1424 415 vero
1464 382 1602 430 quae

251 446 386 495 ratio
426 441 687 493 suadendi
727 441 801 491 est
836 442 899 490 ab
934 442 1141 492 honesti
1179 432 1486 509 quaestione
1525 442 1603 491 se-

250 521 453 589 posita?
533 521 679 590 Quid
723 520 815 567 illa
859 509 1016 568 etiain
1052 538 1174 587 pars
1217 522 1399 578 tertia,
1463 536 1602 584 quae

252 599 503 648 laudandi
542 615 600 646 ac
643 598 977 661 vituperandi
1022 594 1215 646 officiis
1257 595 1612 657 continetur?

250 678 465 741 Nempe
507 678 566 723 in
608 685 829 723 tractatu
865 675 992 722 recti
1035 675 1299 739 pravique
1344 671 1598 722 versatur.

172 764 218 800 ¹7
249 755 337 803 An
367 753 433 802 de
453 749 691 822 justicia,
720 748 1066 822 fortitudine,
1109 747 1434 820 abstinencia,
1472 759 1600 798 tem-

243 834 513 896 perantia,
550 832 748 894 pietate
782 847 892 878 non
927 829 1158 893 plurima
1192 827 1333 876 dicet
1375 836 1554 877 orator
1570 827 1686 883 ἳᾳοὸι

247 909 351 957 Sed
397 908 490 956 ille
529 909 615 957 vir
651 908 854 964 bonus,
915 906 1011 970 qui
1049 907 1178 953 haec
1216 922 1329 954 non
1368 904 1597 953 vocibus

245 996 455 1034 tantum
485 984 582 1032 sibi
605 994 731 1034 nota
761 995 918 1049 atque
942 983 1256 1045 nominibus
1285 982 1494 1032 aurium
1519 991 1596 1029 te-

245 1080 347 1112 nus
369 1063 427 1111 in
459 1060 616 1110 usum
642 1062 857 1126 linguae
880 1061 1202 1126 perceperit,
1242 1058 1332 1107 sed.
1365 1059 1460 1125 qui
1486 1055 1608 1108 vir?

245 1150 384 1188 tutes
425 1137 556 1203 ipsas
589 1148 766 1186 mente
801 1138 1111 1201 complexus
1144 1137 1216 1184 ita
1251 1135 1461 1195 sentiat,
1497 1152 1597 1185 nec

243 1218 304 1266 in
363 1215 645 1280 cogitando
704 1213 991 1271 laborabit,
1040 1212 1156 1271 sed,
1236 1213 1387 1278 quod
1443 1212 1597 1271 sciet,

336 1348 400 1385 16.
453 1346 504 1397 eft
544 1345 638 1397 absti
673 1344 884 1397 quaestione
922 1346 1056 1383 Turio.
1093 1346 1199 1383 Flor.
1230 1360 1260 1382 e.
1297 1348 1344 1383 ab
1375 1342 1526 1394 honesta
1554 1359 1594 1396 η.

244 1407 351 1446 Voff.
384 1418 417 1442 1.
449 1415 485 1448 3.
551 1408 613 1454 qui
642 1407 680 1440 in
712 1405 859 1440 laetitia
893 1416 986 1451 quae
1008 1403 1109 1439 laud.
1143 1403 1275 1440 Turic.
1299 1404 1405 1441 Flor.
1428 1403 1510 1450 (sed
1529 1402 1599 1438 hic

240 1469 304 1504 Zet.
343 1473 380 1498 et
409 1465 504 1513 que)
537 1463 636 1513 Quin
670 1463 694 1497 i.
729 1475 759 1497 e.
790 1475 827 1509 p.
860 1469 884 1496 t.
917 1474 952 1509 q.
989 1460 1014 1495 l.
1045 1460 1181 1497 Ambr.
1206 1471 1241 1496 2.
1275 1460 1404 1497 Guelf.
1434 1473 1466 1495 c.
1491 1459 1593 1496 Voss.

247 1539 282 1571 χ.
317 1523 431 1556 Bern.
468 1520 566 1559 Jens.
606 1530 644 1554 et
674 1517 761 1553 edd.
794 1516 885 1565 post.
922 1526 1008 1551 ante
1044 1517 1195 1566 Gryph.
1228 1518 1327 1563 (nisi
1357 1517 1462 1566 quod
1483 1515 1597 1555 Bafil.

241 1578 394 1627 Gryph.
424 1575 541 1619 1536.
571 1574 717 1613 Vidov.
743 1575 945 1623 quinetiam
973 1573 1070 1619 illa).
1103 1575 1191 1623 quid
1211 1571 1353 1621 honesti
1373 1587 1468 1624 quae
1490 1572 1593 1609 laud.

243 1638 379 1682 Camp.
413 1633 526 1667 mire.
587 1631 690 1682 Quid
724 1641 875 1670 autem,
915 1641 1067 1678 praeter
1096 1630 1225 1672 hunc,
1264 1630 1368 1666 solus
1394 1629 1596 1666 vindicare

239 1692 401 1728 videtur
430 1689 550 1727 Goth.
581 1687 654 1723 nisi
685 1686 794 1735 quod
823 1686 955 1721 Turic.
990 1689 1069 1735 qui,
1124 1688 1232 1735 quod
1263 1687 1355 1722 fere.
1381 1699 1471 1722 cum
1507 1685 1598 1734 quid

241 1756 502 1799 :permutatur³
561 1746 648 1781 Nec
671 1744 812 1781 video,
846 1743 1049 1789 quomodo
1079 1743 1190 1779 aliter
1211 1743 1398 1792 procedat
1427 1743 1493 1778 ista
1526 1754 1597 1791 per

243 1818 375 1853 nempe
404 1801 564 1837 inducta
585 1799 792 1835 sententiae
816 1797 1021 1834 absolutio.

336 1869 399 1904 17.
461 1867 605 1893 tantum
627 1854 666 1905 si
689 1856 787 1890 bona
822 1863 913 1890 nota
935 1856 1066 1892 Turic.
1089 1855 1194 1893 Flor.
1219 1869 1250 1893 c.
1275 1855 1377 1892 Alm.
1418 1864 1444 1890 t.
1461 1852 1533 1904 sed
1558 1869 1595 1892 n.

244 1921 380 1967 Camp.
441 1925 547 1951 tenus
577 1928 618 1949 ac
645 1915 682 1947 in
714 1911 848 1946 Turio.
871 1911 974 1947 flor.
999 1914 1130 1962 Camp.
1162 1927 1194 1950 c.
1227 1913 1330 1949 Alm.
1353 1911 1474 1948 Andr.
1504 1910 1595 1947 Ald.

242 1987 366 2025 pravo
399 1970 658 2008 connectendi
685 1967 836 2009 studio,
867 1981 957 2003 cum
988 1984 1115 2019 neque
1141 1969 1278 2018 copula
1309 1969 1486 2017 indigeat
1515 1967 1596 2017 few·

242 2033 328 2073 sus,
361 2041 398 2066 et
427 2029 520 2064 haec
550 2028 628 2076 ipsa
656 2023 919 2073 corruptelam
949 2037 1095 2075 arguat.
1129 2028 1176 2063 cf.
1213 2036 1285 2068 12,
1325 2040 1365 2065 1,
1396 2034 1463 2072 29.
1521 2024 1594 2059 lin·

242 2104 318 2137 gua
349 2087 480 2122 Turic-
511 2084 618 2121 Flor.
647 2082 780 2117 Ambr.
808 2089 843 2116 2.
881 2082 1008 2118 Guelf.
1046 2084 1163 2120 Goth.
1197 2082 1429 2130 (tac.Gesn.)
1455 2081 1590 2129 Camp.

245 2161 277 2180 c.
308 2144 409 2180 Alm.
444 2141 546 2179 Voss'.
586 2155 619 2175 1.
654 2149 691 2176 2.
723 2137 825 2177 vall.
864 2149 1076 2188 perceperat
1109 2140 1242 2175 Turic.
1276 2138 1379 2174 Flor.
1422 2148 1452 2171 c.
1490 2135 1595 2173 Alm.

245 2211 283 2237 et
303 2204 365 2250 qui
389 2200 521 2236 Turio.
543 2197 648 2233 Flor.
924 2194 1079 2244 sentiae.
1110 2197 1172 2232 Sic
1188 2195 1322 2231 Turic.
1342 2192 1446 2230 Flor.
1461 2193 1595 2241 Camp.

238 2257 381 2309 sentiet
409 2255 567 2304 reliqui.
633 2265 697 2299 nec
728 2253 765 2286 in
798 2252 944 2299 agendo
975 2253 1176 2300 cogitando
1207 2252 1325 2288 Goth.
1349 2251 1437 2295 (tac.
1462 2249 1596 2295 Gesn.)

527 2309 730 2359 cogitando
760 2308 957 2344 laborabit.
993 2309 1056 2344 Sic
1081 2309 1213 2344 Tui-ic.
1234 2307 1340 2343 Flor.
1372 2306 1465 2352 (nili
1487 2305 1596 2353 quod.

245 2370 360 2418 solito
390 2380 553 2417 uterque
584 2378 714 2402 errore
735 2362 907 2410 -vic);
947 2367 1001 2400 ita
1029 2365 1203 2401 inserunt
1231 2364 1402 2413 reliqui,
1433 2361 1597 2397 manife-

244 2428 297 2464 sto
327 2426 537 2475 repetitum
569 2437 616 2460 ex
642 2422 860 2471 proximi83
923 2435 1142 2470 quanquam
1172 2422 1316 2456 Badius
1348 2420 1497 2455 nonita
1526 2417 1594 2454 hio

245 2496 407 2532 quoque
437 2483 714 2530 interpretatur
741 2493 816 2514 non
844 2478 1009 2514 multum.
1071 2479 1169 2526 quod
1191 2477 1304 2527 sciret
1334 2476 1466 2512 Turio.
1516 2474 1594 2510 To-

246 2550 309 2576 tus
341 2539 406 2574 liic
435 2540 557 2574 sermo
578 2530 730 2586 ¹parum
763 2535 922 2570 videtur
954 2534 1178 2584 exploratus
1215 2535 1286 2570 effe
1326 2546 1344 2568 a
1385 2533 1468 2570 VV·
1498 2531 1593 2566 DD·

247 2596 349 2644 Qui,
379 2608 468 2632 cum
488 2591 628 2644 sentiet
654 2592 784 2641 legant
810 2604 956 2631 omnes,
989 2591 1222 2627 continuare
1249 2599 1458 2639 coguntur,
1480 2584 1592 2637 quid-

309 2716 372 2751 17.
398 2709 513 2743 necin
530 2705 892 2754 cogitando—vere
949 2704 1058 2742 dicet.
1089 2704 1136 2742 cf.
1158 2714 1239 2742 not·
1262 2705 1346 2741 crit.
