<?xml version="1.0" encoding="UTF-8"?>
<!DOCTYPE html PUBLIC "-//W3C//DTD XHTML 1.0 Transitional//EN"
    "http://www.w3.org/TR/xhtml1/DTD/xhtml1-transitional.dtd">
<html xmlns="http://www.w3.org/1999/xhtml" xml:lang="en" lang="en">
 <head>
  <title>
</title>
<meta http-equiv="Content-Type" content="text/html;charset=utf-8" />
  <meta name='ocr-system' content='tesseract 3.04.00' />
  <meta name='ocr-capabilities' content='ocr_page ocr_carea ocr_par ocr_line ocrx_word'/>
</head>
<body>
  <div class='ocr_page' id='page_1' title='image "./deinstitutioneor04quinuoft_0237.png"; bbox 0 0 1779 3062; ppageno 0'>
   <div class='ocr_carea' id='block_1_1' title="bbox 414 159 1502 219">
    <p class='ocr_par' dir='ltr' id='par_1_1' title="bbox 414 159 1502 219">
     <span class='ocr_line' id='line_1_1' title="bbox 414 159 1502 219; baseline 0.003 -14"><span class='ocrx_word' id='word_1_1' title='bbox 414 160 580 205; x_wconf 86' lang='lat' dir='ltr'><strong>INST.</strong></span> <span class='ocrx_word' id='word_1_2' title='bbox 616 159 895 206; x_wconf 78' lang='lat' dir='ltr'><strong>ORATOR.</strong></span> <span class='ocrx_word' id='word_1_3' title='bbox 932 160 1055 206; x_wconf 80' lang='lat' dir='ltr'>Lm.</span> <span class='ocrx_word' id='word_1_4' title='bbox 1090 161 1164 219; x_wconf 85' lang='lat' dir='ltr'>x,</span> <span class='ocrx_word' id='word_1_5' title='bbox 1201 175 1249 219; x_wconf 89' lang='lat'>7.</span> <span class='ocrx_word' id='word_1_6' title='bbox 1405 173 1502 208; x_wconf 76' lang='lat'>211</span> 
     </span>
    </p>
   </div>
   <div class='ocr_carea' id='block_1_2' title="bbox 63 284 1503 890">
    <p class='ocr_par' dir='ltr' id='par_1_2' title="bbox 63 284 1503 890">
     <span class='ocr_line' id='line_1_2' title="bbox 63 284 1502 354; baseline 0.001 -17"><span class='ocrx_word' id='word_1_7' title='bbox 63 299 255 351; x_wconf 78' lang='lat' dir='ltr'>957tate</span> <span class='ocrx_word' id='word_1_8' title='bbox 291 285 563 353; x_wconf 82' lang='lat' dir='ltr'>deperdit:</span> <span class='ocrx_word' id='word_1_9' title='bbox 603 295 878 352; x_wconf 87' lang='lat' dir='ltr'>promtum</span> <span class='ocrx_word' id='word_1_10' title='bbox 906 284 1037 344; x_wconf 90' lang='grc'>1100,</span> <span class='ocrx_word' id='word_1_11' title='bbox 1077 297 1128 335; x_wconf 87' lang='grc'>01</span> <span class='ocrx_word' id='word_1_12' title='bbox 1160 288 1218 336; x_wconf 82' lang='lat' dir='ltr'>in</span> <span class='ocrx_word' id='word_1_13' title='bbox 1255 287 1502 354; x_wconf 85' lang='lat' dir='ltr'>expedito</span> 
     </span>
     <span class='ocr_line' id='line_1_3' title="bbox 148 360 1501 432; baseline 0.001 -19"><span class='ocrx_word' id='word_1_14' title='bbox 148 364 409 432; x_wconf 80' lang='lat' dir='ltr'>positum,</span> <span class='ocrx_word' id='word_1_15' title='bbox 449 363 819 412; x_wconf 78' lang='lat' dir='ltr'>exercitatione</span> <span class='ocrx_word' id='word_1_16' title='bbox 857 360 965 410; x_wconf 81' lang='lat' dir='ltr'>fola</span> <span class='ocrx_word' id='word_1_17' title='bbox 995 366 1312 414; x_wconf 85' lang='lat' dir='ltr'><strong>continetur.</strong></span> <span class='ocrx_word' id='word_1_18' title='bbox 1391 369 1501 415; x_wconf 86' lang='lat' dir='ltr'>Hac</span> 
     </span>
     <span class='ocr_line' id='line_1_4' title="bbox 147 437 1501 508; baseline 0.003 -18"><span class='ocrx_word' id='word_1_19' title='bbox 147 443 232 490; x_wconf 85' lang='lat' dir='ltr'>uti</span> <span class='ocrx_word' id='word_1_20' title='bbox 271 439 343 489; x_wconf 82' lang='lat' dir='ltr'>sic</span> <span class='ocrx_word' id='word_1_21' title='bbox 388 443 653 508; x_wconf 82' lang='lat' dir='ltr'>optimum</span> <span class='ocrx_word' id='word_1_22' title='bbox 696 437 794 496; x_wconf 87' lang='lat' dir='ltr'>est,</span> <span class='ocrx_word' id='word_1_23' title='bbox 871 449 931 487; x_wconf 88' lang='lat' dir='ltr'>ut</span> <span class='ocrx_word' id='word_1_24' title='bbox 972 441 1214 504; x_wconf 85' lang='lat' dir='ltr'>quotidie</span> <span class='ocrx_word' id='word_1_25' title='bbox 1260 442 1501 494; x_wconf 85' lang='lat' dir='ltr'>dicamus</span> 
     </span>
     <span class='ocr_line' id='line_1_5' title="bbox 147 516 1503 584; baseline 0.002 -17"><span class='ocrx_word' id='word_1_26' title='bbox 147 518 491 567; x_wconf 79' lang='lat' dir='ltr'>audientibus</span> <span class='ocrx_word' id='word_1_27' title='bbox 543 516 818 584; x_wconf 81' lang='lat' dir='ltr'>pluribus,</span> <span class='ocrx_word' id='word_1_28' title='bbox 878 518 1106 564; x_wconf 81' lang='lat' dir='ltr'>maxime</span> <span class='ocrx_word' id='word_1_29' title='bbox 1159 517 1224 566; x_wconf 89' lang='lat' dir='ltr'>de</span> <span class='ocrx_word' id='word_1_30' title='bbox 1265 535 1503 583; x_wconf 87' lang='lat' dir='ltr'>quorum</span> 
     </span>
     <span class='ocr_line' id='line_1_6' title="bbox 145 591 1502 659; baseline 0.003 -16"><span class='ocrx_word' id='word_1_31' title='bbox 145 594 309 645; x_wconf 81' lang='lat' dir='ltr'>simus</span> <span class='ocrx_word' id='word_1_32' title='bbox 333 594 537 656; x_wconf 76' lang='lat' dir='ltr'>judicio</span> <span class='ocrx_word' id='word_1_33' title='bbox 563 605 720 659; x_wconf 81' lang='lat' dir='ltr'>atque</span> <span class='ocrx_word' id='word_1_34' title='bbox 752 593 1009 658; x_wconf 87' lang='lat' dir='ltr'>opinione</span> <span class='ocrx_word' id='word_1_35' title='bbox 1039 591 1278 644; x_wconf 82' lang='lat' dir='ltr'>solliciti:</span> <span class='ocrx_word' id='word_1_36' title='bbox 1320 614 1502 647; x_wconf 80' lang='lat' dir='ltr'>rarum</span> 
     </span>
     <span class='ocr_line' id='line_1_7' title="bbox 145 668 1500 735; baseline 0.003 -15"><span class='ocrx_word' id='word_1_37' title='bbox 145 671 221 720; x_wconf 86' lang='lat' dir='ltr'>est</span> <span class='ocrx_word' id='word_1_38' title='bbox 252 674 423 730; x_wconf 87' lang='lat' dir='ltr'>enim,</span> <span class='ocrx_word' id='word_1_39' title='bbox 480 683 541 721; x_wconf 88' lang='lat' dir='ltr'>ut</span> <span class='ocrx_word' id='word_1_40' title='bbox 569 671 687 720; x_wconf 82' lang='lat' dir='ltr'>satis</span> <span class='ocrx_word' id='word_1_41' title='bbox 719 668 770 717; x_wconf 83' lang='lat' dir='ltr'>se</span> <span class='ocrx_word' id='word_1_42' title='bbox 806 671 1032 735; x_wconf 84' lang='lat' dir='ltr'>quisque</span> <span class='ocrx_word' id='word_1_43' title='bbox 1065 682 1322 720; x_wconf 84' lang='lat' dir='ltr'>vereatur.</span> <span class='ocrx_word' id='word_1_44' title='bbox 1402 676 1500 724; x_wconf 90' lang='lat' dir='ltr'>Vel</span> 
     </span>
     <span class='ocr_line' id='line_1_8' title="bbox 145 748 1500 812; baseline 0.004 -16"><span class='ocrx_word' id='word_1_45' title='bbox 145 748 245 798; x_wconf 77' lang='lat' dir='ltr'>soli</span> <span class='ocrx_word' id='word_1_46' title='bbox 271 761 447 799; x_wconf 89' lang='lat' dir='ltr'>tamen</span> <span class='ocrx_word' id='word_1_47' title='bbox 471 749 708 797; x_wconf 77' lang='lat' dir='ltr'>dicamus</span> <span class='ocrx_word' id='word_1_48' title='bbox 730 748 923 812; x_wconf 79' lang='lat' dir='ltr'>potius,</span> <span class='ocrx_word' id='word_1_49' title='bbox 955 763 1115 810; x_wconf 85' lang='lat' dir='ltr'>quam</span> <span class='ocrx_word' id='word_1_50' title='bbox 1139 750 1363 798; x_wconf 88' lang='lat' dir='ltr'>omnino</span> <span class='ocrx_word' id='word_1_51' title='bbox 1386 768 1500 801; x_wconf 87' lang='lat' dir='ltr'>non</span> 
     </span>
     <span class='ocr_line' id='line_1_9' title="bbox 145 825 1499 890; baseline 0.003 -16"><span class='ocrx_word' id='word_1_52' title='bbox 145 825 395 876; x_wconf 86' lang='lat' dir='ltr'>dicamus.</span> <span class='ocrx_word' id='word_1_53' title='bbox 475 825 562 876; x_wconf 84' lang='lat' dir='ltr'>Est</span> <span class='ocrx_word' id='word_1_54' title='bbox 583 826 676 874; x_wconf 81' lang='lat' dir='ltr'>illa</span> <span class='ocrx_word' id='word_1_55' title='bbox 699 825 999 874; x_wconf 79' lang='lat' dir='ltr'>exercitatio</span> <span class='ocrx_word' id='word_1_56' title='bbox 1024 825 1308 890; x_wconf 84' lang='lat' dir='ltr'>cogitandi,</span> <span class='ocrx_word' id='word_1_57' title='bbox 1343 837 1499 878; x_wconf 83' lang='lat' dir='ltr'>totas-</span> 
     </span>
    </p>
   </div>
   <div class='ocr_carea' id='block_1_3' title="bbox 129 1014 1497 2184">
    <p class='ocr_par' dir='ltr' id='par_1_3' title="bbox 141 1014 1494 1122">
     <span class='ocr_line' id='line_1_10' title="bbox 142 1014 1494 1066; baseline 0.001 -13"><span class='ocrx_word' id='word_1_58' title='bbox 142 1017 275 1066; x_wconf 81' lang='lat' dir='ltr'><strong>Camp.</strong></span> <span class='ocrx_word' id='word_1_59' title='bbox 311 1017 466 1065; x_wconf 85' lang='lat' dir='ltr'>paulum</span> <span class='ocrx_word' id='word_1_60' title='bbox 506 1015 634 1053; x_wconf 87' lang='lat' dir='ltr'>Guelf.</span> <span class='ocrx_word' id='word_1_61' title='bbox 676 1014 794 1051; x_wconf 85' lang='lat' dir='ltr'>Goth.</span> <span class='ocrx_word' id='word_1_62' title='bbox 843 1016 942 1053; x_wconf 87' lang='lat' dir='ltr'>Jens.</span> <span class='ocrx_word' id='word_1_63' title='bbox 993 1030 1081 1052; x_wconf 90' lang='lat' dir='ltr'>cum</span> <span class='ocrx_word' id='word_1_64' title='bbox 1111 1016 1276 1065; x_wconf 86' lang='lat' dir='ltr'>reliquis</span> <span class='ocrx_word' id='word_1_65' title='bbox 1311 1017 1494 1054; x_wconf 79' lang='lat' dir='ltr'>omnibus</span> 
     </span>
     <span class='ocr_line' id='line_1_11' title="bbox 141 1072 1332 1122; baseline 0.001 -14"><span class='ocrx_word' id='word_1_66' title='bbox 141 1086 222 1110; x_wconf 81' lang='lat' dir='ltr'>exe.</span> <span class='ocrx_word' id='word_1_67' title='bbox 246 1074 354 1109; x_wconf 88' lang='lat' dir='ltr'>Gesn.</span> <span class='ocrx_word' id='word_1_68' title='bbox 376 1074 464 1122; x_wconf 85' lang='lat' dir='ltr'>Bip.</span> <span class='ocrx_word' id='word_1_69' title='bbox 487 1074 558 1122; x_wconf 87' lang='lat' dir='ltr'>qui</span> <span class='ocrx_word' id='word_1_70' title='bbox 577 1087 647 1122; x_wconf 84' lang='lat' dir='ltr'>per</span> <span class='ocrx_word' id='word_1_71' title='bbox 669 1084 841 1107; x_wconf 85' lang='lat' dir='ltr'>errorem</span> <span class='ocrx_word' id='word_1_72' title='bbox 871 1073 998 1119; x_wconf 78' lang='lat' dir='ltr'>paulo.</span> <span class='ocrx_word' id='word_1_73' title='bbox 1031 1074 1076 1109; x_wconf 87' lang='lat' dir='ltr'>cf.</span> <span class='ocrx_word' id='word_1_74' title='bbox 1104 1087 1165 1114; x_wconf 88' lang='lat'>11,</span> <span class='ocrx_word' id='word_1_75' title='bbox 1199 1083 1235 1117; x_wconf 82' lang='lat'>3,</span> <span class='ocrx_word' id='word_1_76' title='bbox 1269 1072 1332 1117; x_wconf 85' lang='lat'>63.</span> 
     </span>
    </p>

    <p class='ocr_par' dir='ltr' id='par_1_4' title="bbox 135 1130 1497 1349">
     <span class='ocr_line' id='line_1_12' title="bbox 230 1130 1495 1178; baseline 0.002 -13"><span class='ocrx_word' id='word_1_77' title='bbox 230 1131 412 1178; x_wconf 76' lang='lat' dir='ltr'>deperdit.</span> <span class='ocrx_word' id='word_1_78' title='bbox 445 1131 566 1166; x_wconf 86' lang='lat' dir='ltr'>Goth.</span> <span class='ocrx_word' id='word_1_79' title='bbox 595 1130 694 1168; x_wconf 86' lang='lat' dir='ltr'>Jens.</span> <span class='ocrx_word' id='word_1_80' title='bbox 735 1130 821 1170; x_wconf 80' lang='lat' dir='ltr'>(tac.</span> <span class='ocrx_word' id='word_1_81' title='bbox 855 1130 983 1175; x_wconf 80' lang='lat' dir='ltr'>Gesn.)</span> <span class='ocrx_word' id='word_1_82' title='bbox 1012 1131 1138 1178; x_wconf 76' lang='lat' dir='ltr'>perdit</span> <span class='ocrx_word' id='word_1_83' title='bbox 1168 1144 1258 1165; x_wconf 88' lang='lat' dir='ltr'>cum</span> <span class='ocrx_word' id='word_1_84' title='bbox 1291 1131 1377 1166; x_wconf 83' lang='lat' dir='ltr'>edd.</span> <span class='ocrx_word' id='word_1_85' title='bbox 1408 1143 1495 1168; x_wconf 80' lang='lat' dir='ltr'>ante</span> 
     </span>
     <span class='ocr_line' id='line_1_13' title="bbox 138 1185 1497 1235; baseline 0.001 -13"><span class='ocrx_word' id='word_1_86' title='bbox 138 1186 290 1235; x_wconf 81' lang='lat' dir='ltr'>Gryph.</span> <span class='ocrx_word' id='word_1_87' title='bbox 332 1187 406 1222; x_wconf 84' lang='lat' dir='ltr'>Sed</span> <span class='ocrx_word' id='word_1_88' title='bbox 439 1185 543 1226; x_wconf 84' lang='lat' dir='ltr'>Vall.</span> <span class='ocrx_word' id='word_1_89' title='bbox 575 1187 761 1222; x_wconf 83' lang='lat' dir='ltr'>nostrum.</span> <span class='ocrx_word' id='word_1_90' title='bbox 1042 1199 1238 1235; x_wconf 73' lang='lat' dir='ltr'>promtum.</span> <span class='ocrx_word' id='word_1_91' title='bbox 1284 1187 1411 1224; x_wconf 81' lang='lat' dir='ltr'>Guelf.</span> <span class='ocrx_word' id='word_1_92' title='bbox 1456 1191 1497 1224; x_wconf 73' lang='lat' dir='ltr'>in</span> 
     </span>
     <span class='ocr_line' id='line_1_14' title="bbox 135 1240 1493 1294; baseline 0.001 -16"><span class='ocrx_word' id='word_1_93' title='bbox 135 1254 322 1291; x_wconf 77' lang='lat' dir='ltr'>promptu.</span> <span class='ocrx_word' id='word_1_94' title='bbox 550 1245 588 1278; x_wconf 82' lang='lat' dir='ltr'>i12</span> <span class='ocrx_word' id='word_1_95' title='bbox 611 1243 784 1290; x_wconf 70' lang='lat' dir='ltr'>expedito</span> <span class='ocrx_word' id='word_1_96' title='bbox 808 1240 982 1289; x_wconf 82' lang='lat' dir='ltr'>positum.</span> <span class='ocrx_word' id='word_1_97' title='bbox 1013 1243 1140 1280; x_wconf 83' lang='lat' dir='ltr'>Guelf.</span> <span class='ocrx_word' id='word_1_98' title='bbox 1181 1244 1433 1292; x_wconf 75' lang='lat' dir='ltr'>inexpedicum</span> <span class='ocrx_word' id='word_1_99' title='bbox 1453 1260 1493 1294; x_wconf 86' lang='lat' dir='ltr'>p.</span> 
     </span>
     <span class='ocr_line' id='line_1_15' title="bbox 136 1299 1330 1349; baseline 0.001 -16"><span class='ocrx_word' id='word_1_100' title='bbox 136 1299 241 1335; x_wconf 80' lang='lat' dir='ltr'>Flor.</span> <span class='ocrx_word' id='word_1_101' title='bbox 271 1302 309 1344; x_wconf 81' lang='lat' dir='ltr'>(a</span> <span class='ocrx_word' id='word_1_102' title='bbox 331 1314 390 1349; x_wconf 81' lang='lat' dir='ltr'>pr.</span> <span class='ocrx_word' id='word_1_103' title='bbox 409 1302 484 1348; x_wconf 85' lang='lat' dir='ltr'>m.)</span> <span class='ocrx_word' id='word_1_104' title='bbox 512 1302 536 1334; x_wconf 88' lang='lat' dir='ltr'>i.</span> <span class='ocrx_word' id='word_1_105' title='bbox 564 1314 593 1335; x_wconf 77' lang='grc' dir='ltr'>ε.</span> <span class='ocrx_word' id='word_1_106' title='bbox 611 1309 771 1345; x_wconf 83' lang='lat' dir='ltr'>portum.</span> <span class='ocrx_word' id='word_1_107' title='bbox 805 1299 939 1347; x_wconf 77' lang='lat' dir='ltr'>Camp.</span> <span class='ocrx_word' id='word_1_108' title='bbox 971 1300 1184 1346; x_wconf 73' lang='lat' dir='ltr'>inexpedico</span> <span class='ocrx_word' id='word_1_109' title='bbox 1206 1310 1330 1346; x_wconf 82' lang='lat' dir='ltr'>portu.</span> 
     </span>
    </p>

    <p class='ocr_par' dir='ltr' id='par_1_5' title="bbox 131 1354 1495 1801">
     <span class='ocr_line' id='line_1_16' title="bbox 223 1354 1493 1405; baseline 0.002 -15"><span class='ocrx_word' id='word_1_110' title='bbox 223 1364 336 1405; x_wconf 77' lang='lat' dir='ltr'>atque</span> <span class='ocrx_word' id='word_1_111' title='bbox 360 1358 548 1404; x_wconf 82' lang='lat' dir='ltr'>opinione.</span> <span class='ocrx_word' id='word_1_112' title='bbox 581 1355 643 1391; x_wconf 89' lang='lat' dir='ltr'>Sic</span> <span class='ocrx_word' id='word_1_113' title='bbox 666 1356 798 1402; x_wconf 81' lang='lat' dir='ltr'><strong>Camp.</strong></span> <span class='ocrx_word' id='word_1_114' title='bbox 819 1354 908 1388; x_wconf 86' lang='lat' dir='ltr'>Ald.</span> <span class='ocrx_word' id='word_1_115' title='bbox 942 1355 1105 1404; x_wconf 79' lang='lat' dir='ltr'>Reliqui</span> <span class='ocrx_word' id='word_1_116' title='bbox 1134 1370 1177 1391; x_wconf 87' lang='lat' dir='ltr'>ac</span> <span class='ocrx_word' id='word_1_117' title='bbox 1197 1369 1228 1391; x_wconf 91' lang='lat'>0.</span> <span class='ocrx_word' id='word_1_118' title='bbox 1263 1356 1308 1392; x_wconf 86' lang='lat' dir='ltr'>cf.</span> <span class='ocrx_word' id='word_1_119' title='bbox 1334 1363 1369 1399; x_wconf 89' lang='lat'>5,</span> <span class='ocrx_word' id='word_1_120' title='bbox 1392 1368 1428 1399; x_wconf 85' lang='lat'>2,</span> <span class='ocrx_word' id='word_1_121' title='bbox 1454 1366 1493 1402; x_wconf 77' lang='lat'>3.</span> 
     </span>
     <span class='ocr_line' id='line_1_17' title="bbox 134 1410 1493 1460; baseline 0.001 -12"><span class='ocrx_word' id='word_1_122' title='bbox 134 1415 210 1448; x_wconf 84' lang='lat' dir='ltr'>Pro</span> <span class='ocrx_word' id='word_1_123' title='bbox 241 1411 361 1448; x_wconf 77' lang='lat' dir='ltr'>altero</span> <span class='ocrx_word' id='word_1_124' title='bbox 396 1412 515 1448; x_wconf 88' lang='lat' dir='ltr'>Goth.</span> <span class='ocrx_word' id='word_1_125' title='bbox 545 1411 640 1460; x_wconf 83' lang='lat' dir='ltr'>(err.</span> <span class='ocrx_word' id='word_1_126' title='bbox 670 1410 800 1458; x_wconf 85' lang='lat' dir='ltr'>Gesn.)</span> <span class='ocrx_word' id='word_1_127' title='bbox 839 1412 992 1458; x_wconf 79' lang='lat' dir='ltr'>optime.</span> <span class='ocrx_word' id='word_1_128' title='bbox 1216 1414 1326 1447; x_wconf 82' lang='lat' dir='ltr'>enim.</span> <span class='ocrx_word' id='word_1_129' title='bbox 1359 1415 1493 1451; x_wconf 75' lang='lat' dir='ltr'>Turic-</span> 
     </span>
     <span class='ocr_line' id='line_1_18' title="bbox 133 1467 1492 1516; baseline 0.002 -12"><span class='ocrx_word' id='word_1_130' title='bbox 133 1469 239 1506; x_wconf 81' lang='lat' dir='ltr'>Flor.</span> <span class='ocrx_word' id='word_1_131' title='bbox 282 1469 367 1513; x_wconf 78' lang='lat' dir='ltr'>(hic</span> <span class='ocrx_word' id='word_1_132' title='bbox 389 1483 407 1503; x_wconf 87' lang='lat' dir='ltr'>a</span> <span class='ocrx_word' id='word_1_133' title='bbox 429 1482 486 1516; x_wconf 85' lang='lat' dir='ltr'>pr.</span> <span class='ocrx_word' id='word_1_134' title='bbox 511 1471 583 1515; x_wconf 88' lang='lat' dir='ltr'>m.)</span> <span class='ocrx_word' id='word_1_135' title='bbox 622 1467 821 1502; x_wconf 81' lang='lat' dir='ltr'>omittunt.</span> <span class='ocrx_word' id='word_1_136' title='bbox 1057 1469 1218 1516; x_wconf 77' lang='lat' dir='ltr'>quisque.</span> <span class='ocrx_word' id='word_1_137' title='bbox 1265 1470 1326 1504; x_wconf 87' lang='lat' dir='ltr'>Sic</span> <span class='ocrx_word' id='word_1_138' title='bbox 1358 1471 1492 1508; x_wconf 78' lang='lat' dir='ltr'>Turio.</span> 
     </span>
     <span class='ocr_line' id='line_1_19' title="bbox 132 1523 1492 1572; baseline 0 -11"><span class='ocrx_word' id='word_1_139' title='bbox 132 1525 238 1562; x_wconf 77' lang='lat' dir='ltr'>flor.</span> <span class='ocrx_word' id='word_1_140' title='bbox 280 1524 408 1561; x_wconf 85' lang='lat' dir='ltr'>Guelf.</span> <span class='ocrx_word' id='word_1_141' title='bbox 449 1526 581 1572; x_wconf 83' lang='lat' dir='ltr'><strong>Camp.</strong></span> <span class='ocrx_word' id='word_1_142' title='bbox 611 1523 730 1559; x_wconf 89' lang='lat' dir='ltr'>Goth.</span> <span class='ocrx_word' id='word_1_143' title='bbox 773 1524 873 1561; x_wconf 85' lang='lat' dir='ltr'>Jens.</span> <span class='ocrx_word' id='word_1_144' title='bbox 915 1524 1002 1567; x_wconf 79' lang='lat' dir='ltr'>(tac.</span> <span class='ocrx_word' id='word_1_145' title='bbox 1029 1524 1157 1567; x_wconf 88' lang='lat' dir='ltr'>Gesn.)</span> <span class='ocrx_word' id='word_1_146' title='bbox 1199 1537 1288 1559; x_wconf 89' lang='lat' dir='ltr'>cum</span> <span class='ocrx_word' id='word_1_147' title='bbox 1323 1527 1428 1563; x_wconf 78' lang='lat' dir='ltr'>Voss&#39;.</span> <span class='ocrx_word' id='word_1_148' title='bbox 1455 1536 1492 1571; x_wconf 75' lang='lat'>5.</span> 
     </span>
     <span class='ocr_line' id='line_1_20' title="bbox 131 1579 1495 1629; baseline 0.001 -11"><span class='ocrx_word' id='word_1_149' title='bbox 131 1584 245 1618; x_wconf 82' lang='lat' dir='ltr'>Bern.</span> <span class='ocrx_word' id='word_1_150' title='bbox 268 1593 304 1617; x_wconf 86' lang='lat' dir='ltr'>et</span> <span class='ocrx_word' id='word_1_151' title='bbox 325 1581 409 1616; x_wconf 84' lang='lat' dir='ltr'>edd.</span> <span class='ocrx_word' id='word_1_152' title='bbox 431 1591 515 1617; x_wconf 80' lang='lat' dir='ltr'>ante</span> <span class='ocrx_word' id='word_1_153' title='bbox 539 1580 687 1628; x_wconf 78' lang='lat' dir='ltr'>Gryph.</span> <span class='ocrx_word' id='word_1_154' title='bbox 712 1591 791 1615; x_wconf 83' lang='lat' dir='ltr'>exc.</span> <span class='ocrx_word' id='word_1_155' title='bbox 815 1579 908 1615; x_wconf 84' lang='lat' dir='ltr'>Bad.</span> <span class='ocrx_word' id='word_1_156' title='bbox 929 1580 1088 1628; x_wconf 81' lang='lat' dir='ltr'>Reliqui</span> <span class='ocrx_word' id='word_1_157' title='bbox 1110 1583 1310 1629; x_wconf 83' lang='lat' dir='ltr'>quisquam,</span> <span class='ocrx_word' id='word_1_158' title='bbox 1334 1582 1495 1628; x_wconf 83' lang='lat' dir='ltr'>jubente</span> 
     </span>
     <span class='ocr_line' id='line_1_21' title="bbox 131 1634 1492 1688; baseline 0.004 -19"><span class='ocrx_word' id='word_1_159' title='bbox 131 1639 270 1686; x_wconf 72' lang='lat' dir='ltr'>Regio.</span> <span class='ocrx_word' id='word_1_160' title='bbox 512 1636 592 1686; x_wconf 85' lang='lat' dir='ltr'>soli</span> <span class='ocrx_word' id='word_1_161' title='bbox 613 1648 749 1671; x_wconf 78' lang='lat' dir='ltr'>tamen.</span> <span class='ocrx_word' id='word_1_162' title='bbox 780 1634 910 1671; x_wconf 85' lang='lat' dir='ltr'>Guelf.</span> <span class='ocrx_word' id='word_1_163' title='bbox 932 1634 1053 1685; x_wconf 77' lang='lat' dir='ltr'>solita</span> <span class='ocrx_word' id='word_1_164' title='bbox 1079 1638 1325 1674; x_wconf 81' lang='lat' dir='ltr'>mendicamus</span> <span class='ocrx_word' id='word_1_165' title='bbox 1354 1639 1492 1688; x_wconf 81' lang='lat' dir='ltr'>(prava</span> 
     </span>
     <span class='ocr_line' id='line_1_22' title="bbox 133 1691 1491 1742; baseline 0.002 -12"><span class='ocrx_word' id='word_1_166' title='bbox 133 1694 443 1741; x_wconf 82' lang='lat' dir='ltr'>conjunctione).</span> <span class='ocrx_word' id='word_1_167' title='bbox 476 1694 581 1730; x_wconf 74' lang='lat' dir='ltr'>Plor-</span> <span class='ocrx_word' id='word_1_168' title='bbox 603 1691 724 1741; x_wconf 62' lang='lat' dir='ltr'>sulita</span> <span class='ocrx_word' id='word_1_169' title='bbox 748 1694 856 1727; x_wconf 78' lang='lat' dir='ltr'>enim.</span> <span class='ocrx_word' id='word_1_170' title='bbox 901 1692 1013 1728; x_wconf 86' lang='lat' dir='ltr'>Colb.</span> <span class='ocrx_word' id='word_1_171' title='bbox 1036 1692 1177 1742; x_wconf 74' lang='lat' dir='ltr'>solitae</span> <span class='ocrx_word' id='word_1_172' title='bbox 1198 1704 1334 1731; x_wconf 79' lang='lat' dir='ltr'>tamen.</span> <span class='ocrx_word' id='word_1_173' title='bbox 1369 1696 1491 1733; x_wconf 83' lang='lat' dir='ltr'>Goth.</span> 
     </span>
     <span class='ocr_line' id='line_1_23' title="bbox 131 1748 1190 1801; baseline -0.003 -14"><span class='ocrx_word' id='word_1_174' title='bbox 131 1751 252 1801; x_wconf 82' lang='lat' dir='ltr'>solita</span> <span class='ocrx_word' id='word_1_175' title='bbox 283 1764 371 1786; x_wconf 91' lang='lat' dir='ltr'>cum</span> <span class='ocrx_word' id='word_1_176' title='bbox 397 1750 498 1788; x_wconf 78' lang='lat' dir='ltr'>Vall.</span> <span class='ocrx_word' id='word_1_177' title='bbox 531 1761 567 1786; x_wconf 88' lang='lat' dir='ltr'>et</span> <span class='ocrx_word' id='word_1_178' title='bbox 598 1749 684 1785; x_wconf 83' lang='lat' dir='ltr'>edd.</span> <span class='ocrx_word' id='word_1_179' title='bbox 714 1760 798 1784; x_wconf 85' lang='lat' dir='ltr'>ante</span> <span class='ocrx_word' id='word_1_180' title='bbox 829 1748 917 1784; x_wconf 80' lang='lat' dir='ltr'>Ald.</span> <span class='ocrx_word' id='word_1_181' title='bbox 953 1763 1032 1785; x_wconf 81' lang='lat' dir='ltr'>exe.</span> <span class='ocrx_word' id='word_1_182' title='bbox 1057 1751 1190 1799; x_wconf 86' lang='lat' dir='ltr'>Camp.</span> 
     </span>
    </p>

    <p class='ocr_par' dir='ltr' id='par_1_6' title="bbox 129 1806 1487 2184">
     <span class='ocr_line' id='line_1_24' title="bbox 220 1806 1487 1854; baseline 0.001 -13"><span class='ocrx_word' id='word_1_183' title='bbox 220 1809 383 1842; x_wconf 76' lang='lat' dir='ltr'>dicamus</span> <span class='ocrx_word' id='word_1_184' title='bbox 405 1826 461 1833; x_wconf 92' lang='lat'>—</span> <span class='ocrx_word' id='word_1_185' title='bbox 480 1809 631 1842; x_wconf 85' lang='lat' dir='ltr'>omnino</span> <span class='ocrx_word' id='word_1_186' title='bbox 662 1819 748 1841; x_wconf 86' lang='lat' dir='ltr'><em>non.</em></span> <span class='ocrx_word' id='word_1_187' title='bbox 805 1806 936 1841; x_wconf 88' lang='lat' dir='ltr'>Turic.</span> <span class='ocrx_word' id='word_1_188' title='bbox 994 1806 1098 1842; x_wconf 80' lang='lat' dir='ltr'>Flor.</span> <span class='ocrx_word' id='word_1_189' title='bbox 1153 1806 1237 1850; x_wconf 87' lang='lat' dir='ltr'>(hic</span> <span class='ocrx_word' id='word_1_190' title='bbox 1275 1820 1294 1840; x_wconf 87' lang='lat' dir='ltr'>a</span> <span class='ocrx_word' id='word_1_191' title='bbox 1324 1820 1382 1854; x_wconf 84' lang='lat' dir='ltr'>pr.</span> <span class='ocrx_word' id='word_1_192' title='bbox 1413 1810 1487 1853; x_wconf 88' lang='lat' dir='ltr'>m.)</span> 
     </span>
     <span class='ocr_line' id='line_1_25' title="bbox 133 1862 1487 1910; baseline 0.001 -11"><span class='ocrx_word' id='word_1_193' title='bbox 133 1865 323 1900; x_wconf 87' lang='lat' dir='ltr'>omittunt</span> <span class='ocrx_word' id='word_1_194' title='bbox 354 1876 444 1898; x_wconf 85' lang='lat' dir='ltr'>cum</span> <span class='ocrx_word' id='word_1_195' title='bbox 479 1863 581 1899; x_wconf 87' lang='lat' dir='ltr'>Alm.</span> <span class='ocrx_word' id='word_1_196' title='bbox 615 1865 654 1907; x_wconf 86' lang='lat' dir='ltr'>(a</span> <span class='ocrx_word' id='word_1_197' title='bbox 682 1875 761 1910; x_wconf 84' lang='lat' dir='ltr'>quo</span> <span class='ocrx_word' id='word_1_198' title='bbox 797 1872 925 1897; x_wconf 81' lang='lat' dir='ltr'>tamen</span> <span class='ocrx_word' id='word_1_199' title='bbox 955 1865 1082 1909; x_wconf 82' lang='lat' dir='ltr'>potius</span> <span class='ocrx_word' id='word_1_200' title='bbox 1111 1862 1234 1898; x_wconf 82' lang='lat' dir='ltr'>abeffe</span> <span class='ocrx_word' id='word_1_201' title='bbox 1255 1875 1336 1900; x_wconf 79' lang='lat' dir='ltr'>non</span> <span class='ocrx_word' id='word_1_202' title='bbox 1357 1877 1487 1900; x_wconf 81' lang='lat' dir='ltr'><strong>narra·</strong></span> 
     </span>
     <span class='ocr_line' id='line_1_26' title="bbox 133 1919 1486 1966; baseline -0.001 -10"><span class='ocrx_word' id='word_1_203' title='bbox 133 1922 228 1965; x_wconf 81' lang='lat' dir='ltr'>tur.)</span> <span class='ocrx_word' id='word_1_204' title='bbox 271 1920 404 1966; x_wconf 86' lang='lat' dir='ltr'>Camp.</span> <span class='ocrx_word' id='word_1_205' title='bbox 446 1932 542 1954; x_wconf 86' lang='lat' dir='ltr'>mox</span> <span class='ocrx_word' id='word_1_206' title='bbox 588 1919 751 1954; x_wconf 82' lang='lat' dir='ltr'>dicamus</span> <span class='ocrx_word' id='word_1_207' title='bbox 796 1919 964 1966; x_wconf 80' lang='lat' dir='ltr'>igno-rat.</span> <span class='ocrx_word' id='word_1_208' title='bbox 1031 1919 1151 1955; x_wconf 82' lang='lat' dir='ltr'>Goth.</span> <span class='ocrx_word' id='word_1_209' title='bbox 1204 1922 1308 1964; x_wconf 79' lang='lat' dir='ltr'>(err.</span> <span class='ocrx_word' id='word_1_210' title='bbox 1343 1920 1486 1965; x_wconf 84' lang='lat' dir='ltr'>Gesn.)</span> 
     </span>
     <span class='ocr_line' id='line_1_27' title="bbox 130 1974 1484 2025; baseline 0.001 -14"><span class='ocrx_word' id='word_1_211' title='bbox 130 1978 166 2012; x_wconf 75' lang='lat' dir='ltr'>d.</span> <span class='ocrx_word' id='word_1_212' title='bbox 188 1992 226 2025; x_wconf 85' lang='lat' dir='ltr'>p.</span> <span class='ocrx_word' id='word_1_213' title='bbox 249 1989 282 2024; x_wconf 84' lang='lat' dir='ltr'>q.</span> <span class='ocrx_word' id='word_1_214' title='bbox 305 1988 378 2010; x_wconf 85' lang='lat' dir='ltr'>non</span> <span class='ocrx_word' id='word_1_215' title='bbox 402 1978 528 2011; x_wconf 84' lang='lat' dir='ltr'>animo</span> <span class='ocrx_word' id='word_1_216' title='bbox 552 1988 643 2011; x_wconf 89' lang='lat' dir='ltr'>cum</span> <span class='ocrx_word' id='word_1_217' title='bbox 672 1974 776 2013; x_wconf 85' lang='lat' dir='ltr'><strong>Voss.</strong></span> <span class='ocrx_word' id='word_1_218' title='bbox 800 1985 837 2009; x_wconf 83' lang='lat'>2.</span> <span class='ocrx_word' id='word_1_219' title='bbox 865 1974 1025 2024; x_wconf 84' lang='lat' dir='ltr'>Reliqui</span> <span class='ocrx_word' id='word_1_220' title='bbox 1046 1989 1179 2012; x_wconf 86' lang='lat' dir='ltr'>omnes</span> <span class='ocrx_word' id='word_1_221' title='bbox 1219 1990 1294 2012; x_wconf 83' lang='lat' dir='ltr'>non</span> <span class='ocrx_word' id='word_1_222' title='bbox 1318 1979 1484 2020; x_wconf 79' lang='lat' dir='ltr'>omnino.</span> 
     </span>
     <span class='ocr_line' id='line_1_28' title="bbox 130 2031 1281 2082; baseline 0.001 -14"><span class='ocrx_word' id='word_1_223' title='bbox 130 2033 237 2082; x_wconf 86' lang='lat' dir='ltr'>quod</span> <span class='ocrx_word' id='word_1_224' title='bbox 258 2031 391 2080; x_wconf 88' lang='lat' dir='ltr'>primi,</span> <span class='ocrx_word' id='word_1_225' title='bbox 423 2032 601 2068; x_wconf 80' lang='lat' dir='ltr'>suadente</span> <span class='ocrx_word' id='word_1_226' title='bbox 623 2032 699 2077; x_wconf 83' lang='lat' dir='ltr'>jam</span> <span class='ocrx_word' id='word_1_227' title='bbox 725 2031 915 2071; x_wconf 76' lang='lat' dir='ltr'>Gesnero‚</span> <span class='ocrx_word' id='word_1_228' title='bbox 964 2033 1281 2081; x_wconf 82' lang='lat' dir='ltr'>transposuimus.</span> 
     </span>
     <span class='ocr_line' id='line_1_29' title="bbox 157 2084 1485 2138; baseline 0.003 -15"><span class='ocrx_word' id='word_1_229' title='bbox 157 2127 160 2131; x_wconf 21' lang='lat'><strong>⁴</strong></span> <span class='ocrx_word' id='word_1_230' title='bbox 217 2096 282 2132; x_wconf 83' lang='lat'>25.</span> <span class='ocrx_word' id='word_1_231' title='bbox 313 2084 383 2135; x_wconf 77' lang='lat' dir='ltr'>Est</span> <span class='ocrx_word' id='word_1_232' title='bbox 401 2088 480 2123; x_wconf 84' lang='lat' dir='ltr'>illa.</span> <span class='ocrx_word' id='word_1_233' title='bbox 523 2089 628 2124; x_wconf 84' lang='lat' dir='ltr'>Flor.</span> <span class='ocrx_word' id='word_1_234' title='bbox 663 2097 699 2122; x_wconf 83' lang='lat' dir='ltr'>et</span> <span class='ocrx_word' id='word_1_235' title='bbox 718 2088 807 2123; x_wconf 83' lang='lat' dir='ltr'>alia.</span> <span class='ocrx_word' id='word_1_236' title='bbox 851 2087 980 2124; x_wconf 84' lang='lat' dir='ltr'>Guelf.</span> <span class='ocrx_word' id='word_1_237' title='bbox 1023 2090 1155 2137; x_wconf 87' lang='lat' dir='ltr'>Camp.</span> <span class='ocrx_word' id='word_1_238' title='bbox 1185 2086 1256 2138; x_wconf 79' lang='lat' dir='ltr'>Est</span> <span class='ocrx_word' id='word_1_239' title='bbox 1276 2090 1354 2125; x_wconf 86' lang='lat' dir='ltr'>alia</span> <span class='ocrx_word' id='word_1_240' title='bbox 1396 2104 1485 2127; x_wconf 88' lang='lat' dir='ltr'>cum</span> 
     </span>
     <span class='ocr_line' id='line_1_30' title="bbox 129 2144 1485 2184; baseline 0.001 -1"><span class='ocrx_word' id='word_1_241' title='bbox 129 2145 249 2183; x_wconf 86' lang='lat' dir='ltr'>Goth.</span> <span class='ocrx_word' id='word_1_242' title='bbox 290 2144 398 2184; x_wconf 80' lang='lat' dir='ltr'>Voff.</span> <span class='ocrx_word' id='word_1_243' title='bbox 425 2153 463 2182; x_wconf 84' lang='lat'>2.</span> <span class='ocrx_word' id='word_1_244' title='bbox 513 2156 551 2182; x_wconf 91' lang='lat' dir='ltr'>et</span> <span class='ocrx_word' id='word_1_245' title='bbox 585 2144 670 2182; x_wconf 83' lang='lat' dir='ltr'>edd.</span> <span class='ocrx_word' id='word_1_246' title='bbox 705 2154 791 2181; x_wconf 82' lang='lat' dir='ltr'>ante</span> <span class='ocrx_word' id='word_1_247' title='bbox 823 2145 948 2183; x_wconf 84' lang='lat' dir='ltr'>stoer.</span> <span class='ocrx_word' id='word_1_248' title='bbox 989 2158 1064 2183; x_wconf 84' lang='lat' dir='ltr'><strong>acc.</strong></span> <span class='ocrx_word' id='word_1_249' title='bbox 1097 2146 1200 2183; x_wconf 87' lang='lat' dir='ltr'>Gibs.</span> <span class='ocrx_word' id='word_1_250' title='bbox 1243 2145 1340 2183; x_wconf 84' lang='lat' dir='ltr'><strong>Obr.</strong></span> <span class='ocrx_word' id='word_1_251' title='bbox 1380 2147 1485 2184; x_wconf 80' lang='lat' dir='ltr'>Roll.</span> 
     </span>
    </p>
   </div>
   <div class='ocr_carea' id='block_1_4' title="bbox 127 2303 1487 2748">
    <p class='ocr_par' dir='ltr' id='par_1_7' title="bbox 127 2303 1485 2466">
     <span class='ocr_line' id='line_1_31' title="bbox 129 2303 1483 2354; baseline 0.001 -13"><span class='ocrx_word' id='word_1_252' title='bbox 129 2305 233 2342; x_wconf 82' lang='lat' dir='ltr'>fectu</span> <span class='ocrx_word' id='word_1_253' title='bbox 248 2304 775 2354; x_wconf 80' lang='lat' dir='ltr'>exercitationis;promtum</span> <span class='ocrx_word' id='word_1_254' title='bbox 835 2304 883 2340; x_wconf 86' lang='lat' dir='ltr'>ad</span> <span class='ocrx_word' id='word_1_255' title='bbox 909 2316 946 2353; x_wconf 80' lang='lat'>9,</span> <span class='ocrx_word' id='word_1_256' title='bbox 977 2313 1015 2349; x_wconf 79' lang='lat'>5,</span> <span class='ocrx_word' id='word_1_257' title='bbox 1050 2314 1116 2341; x_wconf 78' lang='lat'>20.</span> <span class='ocrx_word' id='word_1_258' title='bbox 1155 2303 1250 2340; x_wconf 89' lang='lat' dir='ltr'>item</span> <span class='ocrx_word' id='word_1_259' title='bbox 1276 2318 1311 2345; x_wconf 79' lang='grc' dir='ltr'>ι,</span> <span class='ocrx_word' id='word_1_260' title='bbox 1348 2314 1383 2348; x_wconf 92' lang='lat'>7,</span> <span class='ocrx_word' id='word_1_261' title='bbox 1419 2318 1483 2343; x_wconf 86' lang='lat'>10.</span> 
     </span>
     <span class='ocr_line' id='line_1_32' title="bbox 127 2361 1485 2410; baseline 0.001 -14"><span class='ocrx_word' id='word_1_262' title='bbox 127 2361 206 2398; x_wconf 89' lang='lat' dir='ltr'>hoc</span> <span class='ocrx_word' id='word_1_263' title='bbox 237 2374 283 2396; x_wconf 83' lang='lat' dir='ltr'>ex</span> <span class='ocrx_word' id='word_1_264' title='bbox 305 2372 480 2409; x_wconf 85' lang='lat' dir='ltr'>tempore</span> <span class='ocrx_word' id='word_1_265' title='bbox 510 2362 665 2398; x_wconf 80' lang='lat' dir='ltr'>dicendi</span> <span class='ocrx_word' id='word_1_266' title='bbox 685 2363 777 2398; x_wconf 80' lang='lat' dir='ltr'>arti-</span> <span class='ocrx_word' id='word_1_267' title='bbox 836 2373 882 2410; x_wconf 87' lang='lat'>9,</span> <span class='ocrx_word' id='word_1_268' title='bbox 912 2367 961 2409; x_wconf 72' lang='lat'>4.</span> <span class='ocrx_word' id='word_1_269' title='bbox 1001 2371 1066 2410; x_wconf 90' lang='lat'>97.</span> <span class='ocrx_word' id='word_1_270' title='bbox 1114 2362 1216 2397; x_wconf 79' lang='lat' dir='ltr'>eave</span> <span class='ocrx_word' id='word_1_271' title='bbox 1252 2371 1381 2396; x_wconf 85' lang='lat' dir='ltr'>autem</span> <span class='ocrx_word' id='word_1_272' title='bbox 1417 2362 1485 2398; x_wconf 86' lang='lat' dir='ltr'>hic</span> 
     </span>
     <span class='ocr_line' id='line_1_33' title="bbox 127 2416 1483 2466; baseline 0.001 -13"><span class='ocrx_word' id='word_1_273' title='bbox 127 2418 269 2453; x_wconf 74' lang='lat' dir='ltr'>ficium</span> <span class='ocrx_word' id='word_1_274' title='bbox 289 2416 371 2452; x_wconf 79' lang='lat' dir='ltr'>[olo</span> <span class='ocrx_word' id='word_1_275' title='bbox 393 2417 461 2451; x_wconf 85' lang='lat' dir='ltr'>usu</span> <span class='ocrx_word' id='word_1_276' title='bbox 481 2429 644 2453; x_wconf 83' lang='lat' dir='ltr'>tenetur.</span> <span class='ocrx_word' id='word_1_277' title='bbox 835 2417 950 2452; x_wconf 79' lang='lat' dir='ltr'>aliam</span> <span class='ocrx_word' id='word_1_278' title='bbox 975 2418 1167 2466; x_wconf 74' lang='lat' dir='ltr'>quandam</span> <span class='ocrx_word' id='word_1_279' title='bbox 1188 2417 1233 2453; x_wconf 86' lang='lat' dir='ltr'>ab</span> <span class='ocrx_word' id='word_1_280' title='bbox 1258 2417 1384 2453; x_wconf 83' lang='lat' dir='ltr'>adhue</span> <span class='ocrx_word' id='word_1_281' title='bbox 1403 2432 1483 2455; x_wconf 88' lang='lat' dir='ltr'>me·</span> 
     </span>
    </p>

    <p class='ocr_par' dir='ltr' id='par_1_8' title="bbox 130 2473 1487 2636">
     <span class='ocr_line' id='line_1_34' title="bbox 183 2473 1485 2526; baseline 0.002 -18"><span class='ocrx_word' id='word_1_282' title='bbox 183 2487 306 2508; x_wconf 85' lang='lat' dir='ltr'>rarum</span> <span class='ocrx_word' id='word_1_283' title='bbox 327 2492 383 2500; x_wconf 88' lang='lat'>——-</span> <span class='ocrx_word' id='word_1_284' title='bbox 411 2481 452 2508; x_wconf 80' lang='lat' dir='ltr'>uc</span> <span class='ocrx_word' id='word_1_285' title='bbox 469 2473 581 2523; x_wconf 88' lang='lat' dir='ltr'>—se</span> <span class='ocrx_word' id='word_1_286' title='bbox 613 2478 777 2526; x_wconf 84' lang='lat' dir='ltr'>quisque.</span> <span class='ocrx_word' id='word_1_287' title='bbox 833 2475 995 2510; x_wconf 79' lang='lat' dir='ltr'>moratis</span> <span class='ocrx_word' id='word_1_288' title='bbox 1017 2475 1207 2522; x_wconf 76' lang='lat' dir='ltr'>cogitandi</span> <span class='ocrx_word' id='word_1_289' title='bbox 1238 2475 1485 2511; x_wconf 83' lang='lat' dir='ltr'>exercitatio·</span> 
     </span>
     <span class='ocr_line' id='line_1_35' title="bbox 130 2529 1487 2579; baseline 0.002 -14"><span class='ocrx_word' id='word_1_290' title='bbox 130 2530 178 2566; x_wconf 77' lang='lat' dir='ltr'>cf.</span> <span class='ocrx_word' id='word_1_291' title='bbox 202 2530 302 2565; x_wconf 85' lang='lat' dir='ltr'>dicta</span> <span class='ocrx_word' id='word_1_292' title='bbox 323 2529 371 2564; x_wconf 81' lang='lat' dir='ltr'>ad</span> <span class='ocrx_word' id='word_1_293' title='bbox 390 2538 432 2573; x_wconf 76' lang='lat'>4,</span> <span class='ocrx_word' id='word_1_294' title='bbox 471 2543 519 2572; x_wconf 81' lang='grc' dir='ltr'>ι,</span> <span class='ocrx_word' id='word_1_295' title='bbox 552 2531 617 2574; x_wconf 80' lang='grc'>46.</span> <span class='ocrx_word' id='word_1_296' title='bbox 656 2533 718 2567; x_wconf 82' lang='lat' dir='ltr'>sed</span> <span class='ocrx_word' id='word_1_297' title='bbox 740 2544 778 2568; x_wconf 88' lang='lat' dir='ltr'>et</span> <span class='ocrx_word' id='word_1_298' title='bbox 834 2543 925 2566; x_wconf 85' lang='lat' dir='ltr'>nem</span> <span class='ocrx_word' id='word_1_299' title='bbox 946 2533 1143 2579; x_wconf 61' lang='lat' dir='ltr'>aggioscas;</span> <span class='ocrx_word' id='word_1_300' title='bbox 1176 2529 1226 2566; x_wconf 84' lang='lat' dir='ltr'>est</span> <span class='ocrx_word' id='word_1_301' title='bbox 1261 2540 1298 2565; x_wconf 89' lang='lat' dir='ltr'>et</span> <span class='ocrx_word' id='word_1_302' title='bbox 1328 2530 1406 2579; x_wconf 79' lang='lat' dir='ltr'>ipsa</span> <span class='ocrx_word' id='word_1_303' title='bbox 1441 2545 1487 2568; x_wconf 75' lang='lat' dir='ltr'>ex</span> 
     </span>
     <span class='ocr_line' id='line_1_36' title="bbox 132 2586 1485 2636; baseline 0.002 -15"><span class='ocrx_word' id='word_1_304' title='bbox 132 2598 196 2627; x_wconf 73' lang='grc' dir='ltr'>ιο,</span> <span class='ocrx_word' id='word_1_305' title='bbox 229 2597 265 2627; x_wconf 82' lang='lat'>2,</span> <span class='ocrx_word' id='word_1_306' title='bbox 300 2586 336 2622; x_wconf 82' lang='lat'>6.</span> <span class='ocrx_word' id='word_1_307' title='bbox 835 2595 999 2636; x_wconf 75' lang='lat' dir='ltr'>tempore</span> <span class='ocrx_word' id='word_1_308' title='bbox 1048 2588 1217 2627; x_wconf 79' lang='lat' dir='ltr'>dicendi,</span> <span class='ocrx_word' id='word_1_309' title='bbox 1277 2587 1340 2622; x_wconf 81' lang='lat' dir='ltr'>[ed</span> <span class='ocrx_word' id='word_1_310' title='bbox 1386 2601 1485 2636; x_wconf 77' lang='lat' dir='ltr'>quae</span> 
     </span>
    </p>

    <p class='ocr_par' dir='ltr' id='par_1_9' title="bbox 129 2639 1482 2748">
     <span class='ocr_line' id='line_1_37' title="bbox 185 2639 1482 2694; baseline 0.005 -17"><span class='ocrx_word' id='word_1_311' title='bbox 185 2650 252 2686; x_wconf 83' lang='lat'>25.</span> <span class='ocrx_word' id='word_1_312' title='bbox 297 2639 367 2689; x_wconf 77' lang='lat' dir='ltr'>Est</span> <span class='ocrx_word' id='word_1_313' title='bbox 405 2641 485 2678; x_wconf 82' lang='lat' dir='ltr'>illa.</span> <span class='ocrx_word' id='word_1_314' title='bbox 527 2642 778 2679; x_wconf 74' lang='lat' dir='ltr'>Inserendum</span> <span class='ocrx_word' id='word_1_315' title='bbox 836 2644 1043 2692; x_wconf 71' lang='lat' dir='ltr'>cogitando</span> <span class='ocrx_word' id='word_1_316' title='bbox 1065 2644 1145 2680; x_wconf 80' lang='lat' dir='ltr'>fiat.</span> <span class='ocrx_word' id='word_1_317' title='bbox 1169 2643 1216 2680; x_wconf 80' lang='lat' dir='ltr'>ef.</span> <span class='ocrx_word' id='word_1_318' title='bbox 1238 2641 1482 2694; x_wconf 70' lang='lat' dir='ltr'>PlinAEpistt.</span> 
     </span>
     <span class='ocr_line' id='line_1_38' title="bbox 129 2699 1038 2748; baseline 0.004 -14"><span class='ocrx_word' id='word_1_319' title='bbox 129 2699 261 2735; x_wconf 83' lang='lat' dir='ltr'>censeo</span> <span class='ocrx_word' id='word_1_320' title='bbox 307 2708 355 2736; x_wconf 73' lang='lat' dir='ltr'>et.</span> <span class='ocrx_word' id='word_1_321' title='bbox 416 2701 655 2736; x_wconf 82' lang='lat' dir='ltr'>Structuram</span> <span class='ocrx_word' id='word_1_322' title='bbox 685 2700 778 2737; x_wconf 72' lang='lat' dir='ltr'>vide</span> <span class='ocrx_word' id='word_1_323' title='bbox 835 2712 874 2748; x_wconf 87' lang='lat'>9,</span> <span class='ocrx_word' id='word_1_324' title='bbox 907 2700 971 2744; x_wconf 82' lang='lat'>56,</span> <span class='ocrx_word' id='word_1_325' title='bbox 1001 2710 1038 2738; x_wconf 79' lang='lat'>2.</span> 
     </span>
    </p>
   </div>
   <div class='ocr_carea' id='block_1_5' title="bbox 930 2756 1023 2793">
    <p class='ocr_par' dir='ltr' id='par_1_10' title="bbox 930 2756 1023 2793">
     <span class='ocr_line' id='line_1_39' title="bbox 930 2756 1023 2793; baseline -0.011 0"><span class='ocrx_word' id='word_1_326' title='bbox 930 2756 1023 2793; x_wconf 85' lang='lat'>02</span> 
     </span>
    </p>
   </div>
   <div class='ocr_carea' id='block_1_6' title="bbox 1521 846 1574 885">
    <p class='ocr_par' dir='ltr' id='par_1_11' title="bbox 1521 846 1574 885">
     <span class='ocr_line' id='line_1_40' title="bbox 1521 846 1574 885; baseline 0 0"><span class='ocrx_word' id='word_1_327' title='bbox 1521 846 1574 885; x_wconf 81' lang='lat'>25</span> 
     </span>
    </p>
   </div>
  </div>
 </body>
</html>
