<?xml version="1.0" encoding="UTF-8"?>
<!DOCTYPE html PUBLIC "-//W3C//DTD XHTML 1.0 Transitional//EN"
    "http://www.w3.org/TR/xhtml1/DTD/xhtml1-transitional.dtd">
<html xmlns="http://www.w3.org/1999/xhtml" xml:lang="en" lang="en">
 <head>
  <title>
</title>
<meta http-equiv="Content-Type" content="text/html;charset=utf-8" />
  <meta name='ocr-system' content='tesseract 3.04.00' />
  <meta name='ocr-capabilities' content='ocr_page ocr_carea ocr_par ocr_line ocrx_word'/>
</head>
<body>
  <div class='ocr_page' id='page_1' title='image "./deinstitutioneor04quinuoft_0198.png"; bbox 0 0 1779 3062; ppageno 0'>
   <div class='ocr_carea' id='block_1_1' title="bbox 166 187 1646 997">
    <p class='ocr_par' dir='ltr' id='par_1_1' title="bbox 209 187 1555 382">
     <span class='ocr_line' id='line_1_1' title="bbox 212 187 1231 255; baseline 0.004 -19"><span class='ocrx_word' id='word_1_1' title='bbox 212 203 305 247; x_wconf 77' lang='lat'>172</span> <span class='ocrx_word' id='word_1_2' title='bbox 486 188 488 190; x_wconf 54' lang='grc'><strong>’</strong></span> <span class='ocrx_word' id='word_1_3' title='bbox 529 187 605 234; x_wconf 88' lang='grc' dir='ltr'>Μ.</span> <span class='ocrx_word' id='word_1_4' title='bbox 644 192 777 237; x_wconf 86' lang='lat' dir='ltr'><strong>FAB.</strong></span> <span class='ocrx_word' id='word_1_5' title='bbox 815 194 1231 255; x_wconf 71' lang='lat' dir='ltr'><strong>QUINTILIANI</strong></span> 
     </span>
     <span class='ocr_line' id='line_1_2' title="bbox 209 315 1555 382; baseline 0.002 -16"><span class='ocrx_word' id='word_1_6' title='bbox 209 316 332 382; x_wconf 86' lang='lat' dir='ltr'>ipsis</span> <span class='ocrx_word' id='word_1_7' title='bbox 360 315 631 367; x_wconf 86' lang='lat' dir='ltr'>sententiis</span> <span class='ocrx_word' id='word_1_8' title='bbox 661 317 882 380; x_wconf 86' lang='lat' dir='ltr'>adjicere</span> <span class='ocrx_word' id='word_1_9' title='bbox 907 321 1031 369; x_wconf 79' lang='lat' dir='ltr'>licet</span> <span class='ocrx_word' id='word_1_10' title='bbox 1053 322 1346 370; x_wconf 87' lang='lat' dir='ltr'>oratorium</span> <span class='ocrx_word' id='word_1_11' title='bbox 1371 320 1555 378; x_wconf 86' lang='lat' dir='ltr'>robur,</span> 
     </span>
    </p>

    <p class='ocr_par' dir='ltr' id='par_1_2' title="bbox 166 392 1555 461">
     <span class='ocr_line' id='line_1_3' title="bbox 166 392 1555 461; baseline 0 -17"><span class='ocrx_word' id='word_1_12' title='bbox 166 407 188 444; x_wconf 89' lang='lat'><strong><em>5</em></strong></span> <span class='ocrx_word' id='word_1_13' title='bbox 212 405 263 442; x_wconf 89' lang='lat' dir='ltr'>et</span> <span class='ocrx_word' id='word_1_14' title='bbox 285 392 462 443; x_wconf 82' lang='lat' dir='ltr'>omiffa</span> <span class='ocrx_word' id='word_1_15' title='bbox 482 393 743 460; x_wconf 87' lang='lat' dir='ltr'>supplere,</span> <span class='ocrx_word' id='word_1_16' title='bbox 763 393 924 446; x_wconf 86' lang='lat' dir='ltr'>effusa</span> <span class='ocrx_word' id='word_1_17' title='bbox 949 396 1309 461; x_wconf 84' lang='lat' dir='ltr'>substringere.</span> <span class='ocrx_word' id='word_1_18' title='bbox 1362 398 1555 461; x_wconf 83' lang='lat' dir='ltr'><strong>Neque</strong></span> 
     </span>
    </p>

    <p class='ocr_par' dir='ltr' id='par_1_3' title="bbox 183 470 1646 997">
     <span class='ocr_line' id='line_1_4' title="bbox 183 470 1551 540; baseline 0.002 -23"><span class='ocrx_word' id='word_1_19' title='bbox 183 471 190 476; x_wconf 81' lang='grc'><em>“</em></span> <span class='ocrx_word' id='word_1_20' title='bbox 211 487 309 535; x_wconf 81' lang='lat' dir='ltr'>ego</span> <span class='ocrx_word' id='word_1_21' title='bbox 332 470 684 538; x_wconf 81' lang='lat' dir='ltr'>paraphrasim</span> <span class='ocrx_word' id='word_1_22' title='bbox 709 471 804 521; x_wconf 79' lang='lat' dir='ltr'>effe</span> <span class='ocrx_word' id='word_1_23' title='bbox 827 474 1316 540; x_wconf 79' lang='lat' dir='ltr'>interpretationem</span> <span class='ocrx_word' id='word_1_24' title='bbox 1344 484 1551 521; x_wconf 87' lang='lat' dir='ltr'>tantum</span> 
     </span>
     <span class='ocr_line' id='line_1_5' title="bbox 211 547 1646 613; baseline 0.002 -21"><span class='ocrx_word' id='word_1_25' title='bbox 211 549 357 605; x_wconf 80' lang='lat' dir='ltr'>volo,</span> <span class='ocrx_word' id='word_1_26' title='bbox 395 547 485 595; x_wconf 81' lang='lat' dir='ltr'>sed</span> <span class='ocrx_word' id='word_1_27' title='bbox 516 550 649 596; x_wconf 83' lang='lat' dir='ltr'>circa</span> <span class='ocrx_word' id='word_1_28' title='bbox 669 549 885 599; x_wconf 80' lang='lat' dir='ltr'>eosdem</span> <span class='ocrx_word' id='word_1_29' title='bbox 908 549 1083 599; x_wconf 83' lang='lat' dir='ltr'>sensus</span> <span class='ocrx_word' id='word_1_30' title='bbox 1112 560 1372 597; x_wconf 87' lang='lat' dir='ltr'>certamen</span> <span class='ocrx_word' id='word_1_31' title='bbox 1397 559 1551 613; x_wconf 87' lang='lat' dir='ltr'>atque</span> <span class='ocrx_word' id='word_1_32' title='bbox 1567 563 1646 606; x_wconf 75' lang='lat'>942</span> 
     </span>
     <span class='ocr_line' id='line_1_6' title="bbox 213 623 1625 691; baseline 0.001 -20"><span class='ocrx_word' id='word_1_33' title='bbox 213 625 634 674; x_wconf 82' lang='lat' dir='ltr'>aemulationem.</span> <span class='ocrx_word' id='word_1_34' title='bbox 713 627 944 691; x_wconf 86' lang='lat' dir='ltr'>Ideoque</span> <span class='ocrx_word' id='word_1_35' title='bbox 967 628 1028 674; x_wconf 87' lang='lat' dir='ltr'>ab</span> <span class='ocrx_word' id='word_1_36' title='bbox 1051 627 1158 675; x_wconf 84' lang='lat' dir='ltr'>illis</span> <span class='ocrx_word' id='word_1_37' title='bbox 1182 623 1438 682; x_wconf 73' lang='lat' dir='ltr'>dissentio,</span> <span class='ocrx_word' id='word_1_38' title='bbox 1460 627 1556 689; x_wconf 86' lang='lat' dir='ltr'>qui</span> <span class='ocrx_word' id='word_1_39' title='bbox 1623 679 1625 681; x_wconf 16' lang='lat'><strong><em>¹</em></strong></span> 
     </span>
     <span class='ocr_line' id='line_1_7' title="bbox 209 701 1554 767; baseline 0 -19"><span class='ocrx_word' id='word_1_40' title='bbox 209 712 414 749; x_wconf 79' lang='lat' dir='ltr'>vertere</span> <span class='ocrx_word' id='word_1_41' title='bbox 440 706 703 751; x_wconf 84' lang='lat' dir='ltr'>orationes</span> <span class='ocrx_word' id='word_1_42' title='bbox 725 705 934 752; x_wconf 85' lang='lat' dir='ltr'>Latinas</span> <span class='ocrx_word' id='word_1_43' title='bbox 959 714 1154 760; x_wconf 83' lang='lat' dir='ltr'>vetant,</span> <span class='ocrx_word' id='word_1_44' title='bbox 1175 704 1314 767; x_wconf 88' lang='lat' dir='ltr'>quia,</span> <span class='ocrx_word' id='word_1_45' title='bbox 1337 701 1554 767; x_wconf 86' lang='lat' dir='ltr'>optimis</span> 
     </span>
     <span class='ocr_line' id='line_1_8' title="bbox 211 774 1556 844; baseline -0.001 -18"><span class='ocrx_word' id='word_1_46' title='bbox 211 780 492 843; x_wconf 81' lang='lat' dir='ltr'>occupatis,</span> <span class='ocrx_word' id='word_1_47' title='bbox 526 779 795 844; x_wconf 88' lang='lat' dir='ltr'>quidquid</span> <span class='ocrx_word' id='word_1_48' title='bbox 833 781 981 827; x_wconf 86' lang='lat' dir='ltr'>aliter</span> <span class='ocrx_word' id='word_1_49' title='bbox 1016 780 1321 836; x_wconf 82' lang='lat' dir='ltr'>dixerimus,</span> <span class='ocrx_word' id='word_1_50' title='bbox 1359 774 1556 826; x_wconf 84' lang='lat' dir='ltr'>necesse</span> 
     </span>
     <span class='ocr_line' id='line_1_9' title="bbox 207 851 1558 922; baseline 0.001 -22"><span class='ocrx_word' id='word_1_51' title='bbox 207 851 273 901; x_wconf 88' lang='lat' dir='ltr'>sit</span> <span class='ocrx_word' id='word_1_52' title='bbox 293 852 390 901; x_wconf 85' lang='lat' dir='ltr'>esse</span> <span class='ocrx_word' id='word_1_53' title='bbox 411 854 659 904; x_wconf 87' lang='lat' dir='ltr'>deterius.</span> <span class='ocrx_word' id='word_1_54' title='bbox 699 858 838 904; x_wconf 90' lang='lat' dir='ltr'>Nam</span> <span class='ocrx_word' id='word_1_55' title='bbox 860 874 1034 921; x_wconf 84' lang='lat' dir='ltr'>neque</span> <span class='ocrx_word' id='word_1_56' title='bbox 1060 855 1263 922; x_wconf 84' lang='lat' dir='ltr'>semper</span> <span class='ocrx_word' id='word_1_57' title='bbox 1285 854 1357 903; x_wconf 88' lang='lat' dir='ltr'>est</span> <span class='ocrx_word' id='word_1_58' title='bbox 1376 852 1558 921; x_wconf 86' lang='lat' dir='ltr'>despe-</span> 
     </span>
     <span class='ocr_line' id='line_1_10' title="bbox 207 930 1556 997; baseline 0 -18"><span class='ocrx_word' id='word_1_59' title='bbox 207 930 450 989; x_wconf 85' lang='lat' dir='ltr'>randum,</span> <span class='ocrx_word' id='word_1_60' title='bbox 491 932 696 997; x_wconf 87' lang='lat' dir='ltr'>aliquid</span> <span class='ocrx_word' id='word_1_61' title='bbox 717 934 839 991; x_wconf 83' lang='lat' dir='ltr'>illis,</span> <span class='ocrx_word' id='word_1_62' title='bbox 881 950 1014 997; x_wconf 88' lang='lat' dir='ltr'>quae</span> <span class='ocrx_word' id='word_1_63' title='bbox 1039 933 1176 981; x_wconf 83' lang='lat' dir='ltr'>dicta</span> <span class='ocrx_word' id='word_1_64' title='bbox 1201 932 1339 990; x_wconf 87' lang='lat' dir='ltr'>sunt,</span> <span class='ocrx_word' id='word_1_65' title='bbox 1361 932 1556 980; x_wconf 86' lang='lat' dir='ltr'>melius</span> 
     </span>
    </p>
   </div>
   <div class='ocr_carea' id='block_1_2' title="bbox 200 1051 1558 1439">
    <p class='ocr_par' dir='ltr' id='par_1_4' title="bbox 200 1051 1558 1269">
     <span class='ocr_line' id='line_1_11' title="bbox 208 1051 1556 1103; baseline 0.001 -15"><span class='ocrx_word' id='word_1_66' title='bbox 208 1053 356 1088; x_wconf 84' lang='lat' dir='ltr'>omittit</span> <span class='ocrx_word' id='word_1_67' title='bbox 375 1066 464 1088; x_wconf 87' lang='lat' dir='ltr'>cum</span> <span class='ocrx_word' id='word_1_68' title='bbox 487 1054 645 1102; x_wconf 82' lang='lat' dir='ltr'>posterr.</span> <span class='ocrx_word' id='word_1_69' title='bbox 673 1055 757 1089; x_wconf 82' lang='lat' dir='ltr'>edd.</span> <span class='ocrx_word' id='word_1_70' title='bbox 779 1066 864 1090; x_wconf 85' lang='lat' dir='ltr'>ante</span> <span class='ocrx_word' id='word_1_71' title='bbox 884 1054 973 1090; x_wconf 88' lang='lat' dir='ltr'>Ald.</span> <span class='ocrx_word' id='word_1_72' title='bbox 1201 1053 1386 1103; x_wconf 79' lang='lat' dir='ltr'>supplere,</span> <span class='ocrx_word' id='word_1_73' title='bbox 1426 1051 1556 1101; x_wconf 82' lang='lat' dir='ltr'>effusa.</span> 
     </span>
     <span class='ocr_line' id='line_1_12' title="bbox 207 1109 1558 1171; baseline 0 -28"><span class='ocrx_word' id='word_1_74' title='bbox 207 1110 271 1143; x_wconf 82' lang='lat' dir='ltr'>Sic</span> <span class='ocrx_word' id='word_1_75' title='bbox 306 1109 695 1152; x_wconf 63' lang='lat' dir='ltr'>Tuxic.Flo1·.(hic</span> <span class='ocrx_word' id='word_1_76' title='bbox 719 1124 736 1144; x_wconf 85' lang='lat' dir='ltr'>a</span> <span class='ocrx_word' id='word_1_77' title='bbox 758 1124 815 1158; x_wconf 86' lang='lat' dir='ltr'>pr.</span> <span class='ocrx_word' id='word_1_78' title='bbox 839 1111 921 1158; x_wconf 87' lang='lat' dir='ltr'>m.)</span> <span class='ocrx_word' id='word_1_79' title='bbox 965 1112 1097 1159; x_wconf 79' lang='lat' dir='ltr'>Camp.</span> <span class='ocrx_word' id='word_1_80' title='bbox 1141 1123 1228 1146; x_wconf 87' lang='lat' dir='ltr'>cum</span> <span class='ocrx_word' id='word_1_81' title='bbox 1259 1110 1360 1146; x_wconf 87' lang='lat' dir='ltr'>Alm.</span> <span class='ocrx_word' id='word_1_82' title='bbox 1398 1109 1558 1171; x_wconf 83' lang='lat' dir='ltr'>Reliqui</span> 
     </span>
     <span class='ocr_line' id='line_1_13' title="bbox 208 1164 1558 1215; baseline 0.001 -17"><span class='ocrx_word' id='word_1_83' title='bbox 208 1164 555 1200; x_wconf 71' lang='lat' dir='ltr'>inse1untet.1210</span> <span class='ocrx_word' id='word_1_84' title='bbox 591 1165 709 1214; x_wconf 77' lang='lat' dir='ltr'>effusa</span> <span class='ocrx_word' id='word_1_85' title='bbox 745 1166 1379 1215; x_wconf 77' lang='lat' dir='ltr'>Guelf.admiffa.Be1n.autem</span> <span class='ocrx_word' id='word_1_86' title='bbox 1410 1165 1558 1201; x_wconf 84' lang='lat' dir='ltr'>omittit</span> 
     </span>
     <span class='ocr_line' id='line_1_14' title="bbox 200 1219 527 1269; baseline 0.003 -16"><span class='ocrx_word' id='word_1_87' title='bbox 200 1219 376 1268; x_wconf 77' lang='lat' dir='ltr'>supplere</span> <span class='ocrx_word' id='word_1_88' title='bbox 398 1220 527 1269; x_wconf 83' lang='lat' dir='ltr'>effusa.</span> 
     </span>
    </p>

    <p class='ocr_par' dir='ltr' id='par_1_5' title="bbox 209 1275 1558 1439">
     <span class='ocr_line' id='line_1_15' title="bbox 299 1275 1558 1326; baseline 0.002 -16"><span class='ocrx_word' id='word_1_89' title='bbox 299 1284 334 1319; x_wconf 88' lang='lat'>5.</span> <span class='ocrx_word' id='word_1_90' title='bbox 365 1292 428 1325; x_wconf 71' lang='lat' dir='ltr'>paz</span> <span class='ocrx_word' id='word_1_91' title='bbox 420 1278 522 1324; x_wconf 74' lang='lat' dir='ltr'>rtaph</span> <span class='ocrx_word' id='word_1_92' title='bbox 515 1275 634 1325; x_wconf 77' lang='lat' dir='ltr'>rasim.</span> <span class='ocrx_word' id='word_1_93' title='bbox 671 1278 733 1312; x_wconf 81' lang='lat' dir='ltr'>sic</span> <span class='ocrx_word' id='word_1_94' title='bbox 763 1279 896 1313; x_wconf 77' lang='lat' dir='ltr'>Turio.</span> <span class='ocrx_word' id='word_1_95' title='bbox 935 1277 1040 1314; x_wconf 87' lang='lat' dir='ltr'>Flor.</span> <span class='ocrx_word' id='word_1_96' title='bbox 1073 1278 1163 1323; x_wconf 81' lang='lat' dir='ltr'>(nisi</span> <span class='ocrx_word' id='word_1_97' title='bbox 1192 1278 1300 1326; x_wconf 82' lang='lat' dir='ltr'>quod</span> <span class='ocrx_word' id='word_1_98' title='bbox 1332 1278 1418 1325; x_wconf 88' lang='lat' dir='ltr'>pha,</span> <span class='ocrx_word' id='word_1_99' title='bbox 1450 1276 1558 1325; x_wconf 84' lang='lat' dir='ltr'>quod</span> 
     </span>
     <span class='ocr_line' id='line_1_16' title="bbox 209 1331 1558 1383; baseline 0.001 -17"><span class='ocrx_word' id='word_1_100' title='bbox 209 1346 227 1366; x_wconf 82' lang='lat' dir='ltr'>a</span> <span class='ocrx_word' id='word_1_101' title='bbox 247 1334 314 1367; x_wconf 86' lang='lat' dir='ltr'>sec.</span> <span class='ocrx_word' id='word_1_102' title='bbox 339 1346 390 1366; x_wconf 90' lang='lat' dir='ltr'>m.</span> <span class='ocrx_word' id='word_1_103' title='bbox 431 1333 608 1367; x_wconf 80' lang='lat' dir='ltr'>emendat</span> <span class='ocrx_word' id='word_1_104' title='bbox 631 1333 756 1377; x_wconf 78' lang='lat' dir='ltr'>Flor.)</span> <span class='ocrx_word' id='word_1_105' title='bbox 787 1347 875 1369; x_wconf 89' lang='lat' dir='ltr'>cum</span> <span class='ocrx_word' id='word_1_106' title='bbox 898 1336 1032 1370; x_wconf 84' lang='lat' dir='ltr'>Locat.</span> <span class='ocrx_word' id='word_1_107' title='bbox 1055 1336 1150 1370; x_wconf 90' lang='lat' dir='ltr'>Ven.</span> <span class='ocrx_word' id='word_1_108' title='bbox 1172 1335 1280 1369; x_wconf 84' lang='lat' dir='ltr'>Rusc.</span> <span class='ocrx_word' id='word_1_109' title='bbox 1311 1331 1558 1383; x_wconf 80' lang='lat' dir='ltr'>paraphrasin</span> 
     </span>
     <span class='ocr_line' id='line_1_17' title="bbox 209 1388 1556 1439; baseline 0.001 -15"><span class='ocrx_word' id='word_1_110' title='bbox 209 1388 328 1424; x_wconf 87' lang='lat' dir='ltr'>Goth.</span> <span class='ocrx_word' id='word_1_111' title='bbox 354 1390 442 1433; x_wconf 79' lang='lat' dir='ltr'>(tac.</span> <span class='ocrx_word' id='word_1_112' title='bbox 464 1390 590 1432; x_wconf 83' lang='lat' dir='ltr'>Gesn.)</span> <span class='ocrx_word' id='word_1_113' title='bbox 615 1400 651 1424; x_wconf 86' lang='lat' dir='ltr'>et</span> <span class='ocrx_word' id='word_1_114' title='bbox 673 1390 723 1424; x_wconf 86' lang='lat' dir='ltr'>sic</span> <span class='ocrx_word' id='word_1_115' title='bbox 742 1391 810 1425; x_wconf 81' lang='lat' dir='ltr'>see.</span> <span class='ocrx_word' id='word_1_116' title='bbox 833 1391 963 1425; x_wconf 81' lang='lat' dir='ltr'>Turio.</span> <span class='ocrx_word' id='word_1_117' title='bbox 986 1404 1134 1426; x_wconf 78' lang='lat' dir='ltr'>manus.</span> <span class='ocrx_word' id='word_1_118' title='bbox 1156 1404 1220 1438; x_wconf 82' lang='lat' dir='ltr'>per</span> <span class='ocrx_word' id='word_1_119' title='bbox 1239 1389 1399 1439; x_wconf 79' lang='lat' dir='ltr'>yfrasim</span> <span class='ocrx_word' id='word_1_120' title='bbox 1423 1390 1556 1439; x_wconf 84' lang='lat' dir='ltr'>Camp.</span> 
     </span>
    </p>
   </div>
   <div class='ocr_carea' id='block_1_3' title="bbox 206 1443 1448 1495">
    <p class='ocr_par' dir='ltr' id='par_1_6' title="bbox 206 1443 1448 1495">
     <span class='ocr_line' id='line_1_18' title="bbox 206 1443 1448 1495; baseline 0.002 -17"><span class='ocrx_word' id='word_1_121' title='bbox 206 1443 449 1492; x_wconf 78' lang='lat' dir='ltr'>periphrasim</span> <span class='ocrx_word' id='word_1_122' title='bbox 480 1444 573 1490; x_wconf 82' lang='lat' dir='ltr'>(err.</span> <span class='ocrx_word' id='word_1_123' title='bbox 597 1447 726 1491; x_wconf 83' lang='lat' dir='ltr'>Gesn.)</span> <span class='ocrx_word' id='word_1_124' title='bbox 758 1447 856 1484; x_wconf 83' lang='lat' dir='ltr'>Jens.</span> <span class='ocrx_word' id='word_1_125' title='bbox 878 1448 993 1482; x_wconf 83' lang='lat' dir='ltr'>Tarv,</span> <span class='ocrx_word' id='word_1_126' title='bbox 1024 1446 1184 1495; x_wconf 80' lang='lat' dir='ltr'>Reliqui</span> <span class='ocrx_word' id='word_1_127' title='bbox 1209 1447 1353 1494; x_wconf 82' lang='lat' dir='ltr'>graecis</span> <span class='ocrx_word' id='word_1_128' title='bbox 1374 1446 1448 1481; x_wconf 90' lang='lat' dir='ltr'>litt.</span> 
     </span>
    </p>
   </div>
   <div class='ocr_carea' id='block_1_4' title="bbox 208 1499 816 1705">
    <p class='ocr_par' dir='ltr' id='par_1_7' title="bbox 208 1499 816 1705">
     <span class='ocr_line' id='line_1_19' title="bbox 295 1499 375 1549; baseline 0.025 -15"><span class='ocrx_word' id='word_1_129' title='bbox 295 1499 375 1549; x_wconf 72' lang='lat' dir='ltr'>effe.</span> 
     </span>
     <span class='ocr_line' id='line_1_20' title="bbox 291 1557 391 1592; baseline -0.01 0"><span class='ocrx_word' id='word_1_130' title='bbox 291 1557 391 1592; x_wconf 86' lang='lat' dir='ltr'>volo.</span> 
     </span>
     <span class='ocr_line' id='line_1_21' title="bbox 208 1612 383 1657; baseline 0 -9"><span class='ocrx_word' id='word_1_131' title='bbox 208 1614 319 1649; x_wconf 80' lang='lat' dir='ltr'>dium</span> <span class='ocrx_word' id='word_1_132' title='bbox 348 1612 383 1657; x_wconf 58' lang='grc' dir='ltr'>ᾖ.</span> 
     </span>
     <span class='ocr_line' id='line_1_22' title="bbox 294 1670 816 1705; baseline 0.004 -2"><span class='ocrx_word' id='word_1_133' title='bbox 294 1670 468 1704; x_wconf 79' lang='lat' dir='ltr'>Latinas.</span> <span class='ocrx_word' id='word_1_134' title='bbox 509 1670 640 1705; x_wconf 85' lang='lat' dir='ltr'>Turic.</span> <span class='ocrx_word' id='word_1_135' title='bbox 684 1671 816 1705; x_wconf 77' lang='lat' dir='ltr'>latina.</span> 
     </span>
    </p>
   </div>
   <div class='ocr_carea' id='block_1_5' title="bbox 421 1557 690 1592">
    <p class='ocr_par' dir='ltr' id='par_1_8' title="bbox 421 1557 690 1592">
     <span class='ocr_line' id='line_1_23' title="bbox 421 1557 690 1592; baseline 0.004 -1"><span class='ocrx_word' id='word_1_136' title='bbox 421 1558 552 1592; x_wconf 84' lang='lat' dir='ltr'>Turic.</span> <span class='ocrx_word' id='word_1_137' title='bbox 588 1557 690 1592; x_wconf 77' lang='lat' dir='ltr'>Flor-</span> 
     </span>
    </p>
   </div>
   <div class='ocr_carea' id='block_1_6' title="bbox 420 1501 1559 1650">
    <p class='ocr_par' dir='ltr' id='par_1_9' title="bbox 420 1501 1559 1650">
     <span class='ocr_line' id='line_1_24' title="bbox 420 1501 1337 1550; baseline 0.001 -14"><span class='ocrx_word' id='word_1_138' title='bbox 420 1502 553 1536; x_wconf 82' lang='lat' dir='ltr'>Turic.</span> <span class='ocrx_word' id='word_1_139' title='bbox 594 1501 698 1537; x_wconf 84' lang='lat' dir='ltr'>Flor.</span> <span class='ocrx_word' id='word_1_140' title='bbox 739 1502 822 1545; x_wconf 85' lang='lat' dir='ltr'>(hic</span> <span class='ocrx_word' id='word_1_141' title='bbox 847 1516 865 1537; x_wconf 86' lang='lat' dir='ltr'>a</span> <span class='ocrx_word' id='word_1_142' title='bbox 886 1516 944 1550; x_wconf 81' lang='lat' dir='ltr'>pr.</span> <span class='ocrx_word' id='word_1_143' title='bbox 969 1506 1105 1548; x_wconf 82' lang='lat' dir='ltr'>manu)</span> <span class='ocrx_word' id='word_1_144' title='bbox 1137 1503 1337 1538; x_wconf 86' lang='lat' dir='ltr'>omittunt.</span> 
     </span>
     <span class='ocr_line' id='line_1_25' title="bbox 725 1558 1559 1607; baseline 0.002 -15"><span class='ocrx_word' id='word_1_145' title='bbox 725 1558 809 1602; x_wconf 81' lang='lat' dir='ltr'>(hic</span> <span class='ocrx_word' id='word_1_146' title='bbox 831 1572 850 1592; x_wconf 91' lang='lat' dir='ltr'>a</span> <span class='ocrx_word' id='word_1_147' title='bbox 872 1572 929 1606; x_wconf 85' lang='lat' dir='ltr'>pr.</span> <span class='ocrx_word' id='word_1_148' title='bbox 953 1561 1025 1605; x_wconf 92' lang='lat' dir='ltr'>m.)</span> <span class='ocrx_word' id='word_1_149' title='bbox 1056 1573 1162 1599; x_wconf 79' lang='lat' dir='ltr'>vero,</span> <span class='ocrx_word' id='word_1_150' title='bbox 1204 1559 1266 1593; x_wconf 78' lang='lat' dir='ltr'>sed</span> <span class='ocrx_word' id='word_1_151' title='bbox 1286 1572 1356 1607; x_wconf 82' lang='lat' dir='ltr'>per</span> <span class='ocrx_word' id='word_1_152' title='bbox 1378 1571 1559 1607; x_wconf 80' lang='lat' dir='ltr'>compen-</span> 
     </span>
     <span class='ocr_line' id='line_1_26' title="bbox 616 1615 1514 1650; baseline 0.002 -2"><span class='ocrx_word' id='word_1_153' title='bbox 616 1623 755 1648; x_wconf 80' lang='lat' dir='ltr'>vertere</span> <span class='ocrx_word' id='word_1_154' title='bbox 778 1616 978 1650; x_wconf 71' lang='lat' dir='ltr'>oraclones.</span> <span class='ocrx_word' id='word_1_155' title='bbox 1014 1615 1141 1650; x_wconf 79' lang='lat' dir='ltr'>Guelf.</span> <span class='ocrx_word' id='word_1_156' title='bbox 1174 1624 1314 1650; x_wconf 78' lang='lat' dir='ltr'>veteres</span> <span class='ocrx_word' id='word_1_157' title='bbox 1338 1625 1514 1650; x_wconf 76' lang='lat' dir='ltr'>oratores.</span> 
     </span>
    </p>
   </div>
   <div class='ocr_carea' id='block_1_7' title="bbox 1094 1670 1556 1707">
    <p class='ocr_par' dir='ltr' id='par_1_10' title="bbox 1094 1670 1556 1707">
     <span class='ocr_line' id='line_1_27' title="bbox 1094 1670 1556 1707; baseline -0.002 0"><span class='ocrx_word' id='word_1_158' title='bbox 1094 1680 1235 1707; x_wconf 74' lang='lat' dir='ltr'>vetant.</span> <span class='ocrx_word' id='word_1_159' title='bbox 1276 1671 1409 1706; x_wconf 81' lang='lat' dir='ltr'>Turio.</span> <span class='ocrx_word' id='word_1_160' title='bbox 1450 1670 1556 1706; x_wconf 80' lang='lat' dir='ltr'>Flor-</span> 
     </span>
    </p>
   </div>
   <div class='ocr_carea' id='block_1_8' title="bbox 175 1726 1558 1832">
    <p class='ocr_par' dir='ltr' id='par_1_11' title="bbox 175 1726 1558 1832">
     <span class='ocr_line' id='line_1_28' title="bbox 175 1726 1352 1775; baseline 0.001 -14"><span class='ocrx_word' id='word_1_161' title='bbox 175 1726 192 1734; x_wconf 77' lang='grc'><strong>”</strong></span> <span class='ocrx_word' id='word_1_162' title='bbox 208 1726 292 1772; x_wconf 76' lang='lat' dir='ltr'>(hic</span> <span class='ocrx_word' id='word_1_163' title='bbox 316 1739 335 1759; x_wconf 88' lang='lat' dir='ltr'>a</span> <span class='ocrx_word' id='word_1_164' title='bbox 356 1739 413 1773; x_wconf 85' lang='lat' dir='ltr'>pr.</span> <span class='ocrx_word' id='word_1_165' title='bbox 437 1728 572 1768; x_wconf 79' lang='lat' dir='ltr'>manu)</span> <span class='ocrx_word' id='word_1_166' title='bbox 601 1727 788 1762; x_wconf 84' lang='lat' dir='ltr'>omittunt</span> <span class='ocrx_word' id='word_1_167' title='bbox 818 1740 907 1762; x_wconf 88' lang='lat' dir='ltr'>cum</span> <span class='ocrx_word' id='word_1_168' title='bbox 929 1727 1031 1762; x_wconf 87' lang='lat' dir='ltr'>Alm.</span> <span class='ocrx_word' id='word_1_169' title='bbox 1064 1737 1188 1763; x_wconf 73' lang='lat' dir='ltr'>vetent</span> <span class='ocrx_word' id='word_1_170' title='bbox 1220 1728 1352 1775; x_wconf 87' lang='lat' dir='ltr'>Camp.</span> 
     </span>
     <span class='ocr_line' id='line_1_29' title="bbox 295 1783 1558 1832; baseline 0.001 -15"><span class='ocrx_word' id='word_1_171' title='bbox 295 1783 445 1830; x_wconf 80' lang='lat' dir='ltr'>optimis</span> <span class='ocrx_word' id='word_1_172' title='bbox 480 1784 680 1830; x_wconf 72' lang='lat' dir='ltr'>occupatis.</span> <span class='ocrx_word' id='word_1_173' title='bbox 712 1783 843 1818; x_wconf 77' lang='lat' dir='ltr'>Turio.</span> <span class='ocrx_word' id='word_1_174' title='bbox 875 1786 1036 1832; x_wconf 74' lang='lat' dir='ltr'>optimus</span> <span class='ocrx_word' id='word_1_175' title='bbox 1067 1798 1122 1823; x_wconf 89' lang='lat' dir='ltr'>o.‚</span> <span class='ocrx_word' id='word_1_176' title='bbox 1154 1798 1174 1819; x_wconf 80' lang='lat' dir='ltr'>a</span> <span class='ocrx_word' id='word_1_177' title='bbox 1213 1784 1280 1818; x_wconf 83' lang='lat' dir='ltr'>sec.</span> <span class='ocrx_word' id='word_1_178' title='bbox 1313 1796 1365 1818; x_wconf 91' lang='lat' dir='ltr'>m.</span> <span class='ocrx_word' id='word_1_179' title='bbox 1408 1785 1558 1830; x_wconf 83' lang='lat' dir='ltr'>optimis</span> 
     </span>
    </p>
   </div>
   <div class='ocr_carea' id='block_1_9' title="bbox 209 1841 392 1886">
    <p class='ocr_par' dir='ltr' id='par_1_12' title="bbox 209 1841 392 1886">
     <span class='ocr_line' id='line_1_30' title="bbox 209 1841 392 1886; baseline -0.005 -11"><span class='ocrx_word' id='word_1_180' title='bbox 209 1841 392 1886; x_wconf 77' lang='lat' dir='ltr'>occupati.</span> 
     </span>
    </p>
   </div>
   <div class='ocr_carea' id='block_1_10' title="bbox 644 1837 1558 1888">
    <p class='ocr_par' dir='ltr' id='par_1_13' title="bbox 644 1837 1558 1888">
     <span class='ocr_line' id='line_1_31' title="bbox 644 1837 1558 1888; baseline 0.002 -16"><span class='ocrx_word' id='word_1_181' title='bbox 644 1837 781 1886; x_wconf 78' lang='lat' dir='ltr'>neceffe</span> <span class='ocrx_word' id='word_1_182' title='bbox 797 1838 853 1887; x_wconf 77' lang='lat' dir='ltr'>sit</span> <span class='ocrx_word' id='word_1_183' title='bbox 873 1837 942 1888; x_wconf 78' lang='lat' dir='ltr'>effe</span> <span class='ocrx_word' id='word_1_184' title='bbox 960 1841 1130 1875; x_wconf 76' lang='lat' dir='ltr'>deterius.</span> <span class='ocrx_word' id='word_1_185' title='bbox 1161 1839 1290 1875; x_wconf 79' lang='lat' dir='ltr'>Turio.</span> <span class='ocrx_word' id='word_1_186' title='bbox 1323 1837 1476 1887; x_wconf 76' lang='lat' dir='ltr'>neceffet</span> <span class='ocrx_word' id='word_1_187' title='bbox 1486 1838 1558 1888; x_wconf 81' lang='lat' dir='ltr'>secl</span> 
     </span>
    </p>
   </div>
   <div class='ocr_carea' id='block_1_11' title="bbox 207 1893 1557 1944">
    <p class='ocr_par' dir='ltr' id='par_1_14' title="bbox 207 1893 1557 1944">
     <span class='ocr_line' id='line_1_32' title="bbox 207 1893 1557 1944; baseline 0.001 -14"><span class='ocrx_word' id='word_1_188' title='bbox 207 1898 312 1931; x_wconf 77' lang='lat' dir='ltr'>erius.</span> <span class='ocrx_word' id='word_1_189' title='bbox 347 1895 454 1931; x_wconf 83' lang='lat' dir='ltr'>asec.</span> <span class='ocrx_word' id='word_1_190' title='bbox 477 1907 534 1931; x_wconf 89' lang='lat' dir='ltr'>m.</span> <span class='ocrx_word' id='word_1_191' title='bbox 576 1893 712 1943; x_wconf 66' lang='lat' dir='ltr'>nec-effe</span> <span class='ocrx_word' id='word_1_192' title='bbox 734 1893 788 1942; x_wconf 77' lang='lat' dir='ltr'>sit</span> <span class='ocrx_word' id='word_1_193' title='bbox 816 1894 886 1944; x_wconf 80' lang='lat' dir='ltr'>sed</span> <span class='ocrx_word' id='word_1_194' title='bbox 922 1898 1027 1930; x_wconf 82' lang='lat' dir='ltr'>erius.</span> <span class='ocrx_word' id='word_1_195' title='bbox 1067 1895 1170 1932; x_wconf 86' lang='lat' dir='ltr'>Flor.</span> <span class='ocrx_word' id='word_1_196' title='bbox 1213 1894 1252 1941; x_wconf 83' lang='lat' dir='ltr'>(a</span> <span class='ocrx_word' id='word_1_197' title='bbox 1274 1909 1331 1944; x_wconf 85' lang='lat' dir='ltr'>pr.</span> <span class='ocrx_word' id='word_1_198' title='bbox 1353 1898 1424 1939; x_wconf 84' lang='lat' dir='ltr'>m.)</span> <span class='ocrx_word' id='word_1_199' title='bbox 1472 1894 1557 1944; x_wconf 57' lang='lat' dir='ltr'>ms:</span> 
     </span>
    </p>
   </div>
   <div class='ocr_carea' id='block_1_12' title="bbox 209 1953 380 1988">
    <p class='ocr_par' dir='ltr' id='par_1_15' title="bbox 209 1953 380 1988">
     <span class='ocr_line' id='line_1_33' title="bbox 209 1953 380 1988; baseline 0 -1"><span class='ocrx_word' id='word_1_200' title='bbox 209 1953 380 1988; x_wconf 75' lang='lat' dir='ltr'>deterius.</span> 
     </span>
    </p>
   </div>
   <div class='ocr_carea' id='block_1_13' title="bbox 205 2053 860 2777">
    <p class='ocr_par' dir='ltr' id='par_1_16' title="bbox 205 2053 860 2777">
     <span class='ocr_line' id='line_1_34' title="bbox 205 2053 856 2100; baseline -0.002 -10"><span class='ocrx_word' id='word_1_201' title='bbox 205 2060 207 2062; x_wconf 72' lang='grc'><strong>’</strong></span> <span class='ocrx_word' id='word_1_202' title='bbox 265 2055 473 2089; x_wconf 77' lang='lat' dir='ltr'>oratorium</span> <span class='ocrx_word' id='word_1_203' title='bbox 489 2053 609 2088; x_wconf 83' lang='lat' dir='ltr'>robur.</span> <span class='ocrx_word' id='word_1_204' title='bbox 641 2053 686 2088; x_wconf 83' lang='lat' dir='ltr'>cf.</span> <span class='ocrx_word' id='word_1_205' title='bbox 703 2064 738 2093; x_wconf 89' lang='lat'>2,</span> <span class='ocrx_word' id='word_1_206' title='bbox 763 2058 803 2100; x_wconf 71' lang='lat'>4,</span> <span class='ocrx_word' id='word_1_207' title='bbox 820 2062 856 2089; x_wconf 84' lang='lat'>2.</span> 
     </span>
     <span class='ocr_line' id='line_1_35' title="bbox 205 2107 858 2158; baseline 0 -12"><span class='ocrx_word' id='word_1_208' title='bbox 205 2121 341 2152; x_wconf 80' lang='lat' dir='ltr'>„tanto</span> <span class='ocrx_word' id='word_1_209' title='bbox 382 2107 581 2158; x_wconf 77' lang='lat' dir='ltr'>robustior,</span> <span class='ocrx_word' id='word_1_210' title='bbox 614 2120 757 2157; x_wconf 85' lang='lat' dir='ltr'>quanto</span> <span class='ocrx_word' id='word_1_211' title='bbox 792 2123 858 2146; x_wconf 85' lang='lat' dir='ltr'>ve-</span> 
     </span>
     <span class='ocr_line' id='line_1_36' title="bbox 206 2166 860 2207; baseline -0.002 -5"><span class='ocrx_word' id='word_1_212' title='bbox 206 2166 548 2207; x_wconf 76' lang='lat' dir='ltr'>„rior-“Poeticae</span> <span class='ocrx_word' id='word_1_213' title='bbox 577 2166 681 2200; x_wconf 88' lang='lat' dir='ltr'>enim</span> <span class='ocrx_word' id='word_1_214' title='bbox 703 2166 860 2201; x_wconf 83' lang='lat' dir='ltr'>fictioni</span> 
     </span>
     <span class='ocr_line' id='line_1_37' title="bbox 206 2223 859 2270; baseline -0.002 -12"><span class='ocrx_word' id='word_1_215' title='bbox 206 2224 362 2258; x_wconf 76' lang='lat' dir='ltr'>inanem</span> <span class='ocrx_word' id='word_1_216' title='bbox 414 2223 605 2270; x_wconf 81' lang='lat' dir='ltr'>quendam</span> <span class='ocrx_word' id='word_1_217' title='bbox 663 2232 859 2257; x_wconf 84' lang='lat' dir='ltr'>tumorem</span> 
     </span>
     <span class='ocr_line' id='line_1_38' title="bbox 207 2280 363 2314; baseline -0.006 0"><span class='ocrx_word' id='word_1_218' title='bbox 207 2280 363 2314; x_wconf 83' lang='lat' dir='ltr'>tribuit.</span> 
     </span>
     <span class='ocr_line' id='line_1_39' title="bbox 257 2332 516 2383; baseline -0.004 -14"><span class='ocrx_word' id='word_1_219' title='bbox 257 2332 516 2383; x_wconf 77' lang='lat' dir='ltr'>substringere.</span> 
     </span>
     <span class='ocr_line' id='line_1_40' title="bbox 207 2390 855 2438; baseline 0 -12"><span class='ocrx_word' id='word_1_220' title='bbox 207 2391 330 2433; x_wconf 78' lang='lat' dir='ltr'>„haec</span> <span class='ocrx_word' id='word_1_221' title='bbox 386 2391 526 2438; x_wconf 82' lang='lat' dir='ltr'>legerit</span> <span class='ocrx_word' id='word_1_222' title='bbox 575 2390 855 2431; x_wconf 81' lang='lat' dir='ltr'>Tertullianus,</span> 
     </span>
     <span class='ocr_line' id='line_1_41' title="bbox 208 2445 856 2489; baseline -0.002 -6"><span class='ocrx_word' id='word_1_223' title='bbox 208 2459 339 2489; x_wconf 86' lang='lat' dir='ltr'>„certe</span> <span class='ocrx_word' id='word_1_224' title='bbox 361 2445 478 2482; x_wconf 79' lang='lat' dir='ltr'>simili</span> <span class='ocrx_word' id='word_1_225' title='bbox 498 2446 618 2482; x_wconf 88' lang='lat' dir='ltr'>modo</span> <span class='ocrx_word' id='word_1_226' title='bbox 638 2446 713 2482; x_wconf 91' lang='lat' dir='ltr'>hoc</span> <span class='ocrx_word' id='word_1_227' title='bbox 734 2447 856 2482; x_wconf 84' lang='lat' dir='ltr'>verbo</span> 
     </span>
     <span class='ocr_line' id='line_1_42' title="bbox 208 2503 856 2544; baseline 0 -6"><span class='ocrx_word' id='word_1_228' title='bbox 208 2504 364 2544; x_wconf 79' lang='lat' dir='ltr'>„utitur</span> <span class='ocrx_word' id='word_1_229' title='bbox 394 2504 440 2538; x_wconf 81' lang='lat' dir='ltr'>de</span> <span class='ocrx_word' id='word_1_230' title='bbox 463 2503 646 2539; x_wconf 76' lang='lat' dir='ltr'>Oratione</span> <span class='ocrx_word' id='word_1_231' title='bbox 680 2517 707 2538; x_wconf 81' lang='lat' dir='ltr'>e.</span> <span class='ocrx_word' id='word_1_232' title='bbox 738 2517 772 2538; x_wconf 92' lang='lat'>1.</span> <span class='ocrx_word' id='word_1_233' title='bbox 811 2503 856 2538; x_wconf 86' lang='lat' dir='ltr'>de</span> 
     </span>
     <span class='ocr_line' id='line_1_43' title="bbox 209 2559 859 2599; baseline -0.002 -5"><span class='ocrx_word' id='word_1_234' title='bbox 209 2560 427 2599; x_wconf 77' lang='lat' dir='ltr'>„brevitate</span> <span class='ocrx_word' id='word_1_235' title='bbox 466 2559 654 2594; x_wconf 83' lang='lat' dir='ltr'>orationis</span> <span class='ocrx_word' id='word_1_236' title='bbox 690 2559 859 2595; x_wconf 87' lang='lat' dir='ltr'>domini-</span> 
     </span>
     <span class='ocr_line' id='line_1_44' title="bbox 208 2612 859 2664; baseline -0.002 -15"><span class='ocrx_word' id='word_1_237' title='bbox 208 2628 298 2653; x_wconf 79' lang='lat' dir='ltr'>„cae</span> <span class='ocrx_word' id='word_1_238' title='bbox 331 2624 508 2664; x_wconf 74' lang='lat' dir='ltr'>quantum</span> <span class='ocrx_word' id='word_1_239' title='bbox 526 2633 579 2642; x_wconf 94' lang='lat'><strong>—</strong></span> <span class='ocrx_word' id='word_1_240' title='bbox 596 2612 859 2664; x_wconf 65' lang='lat' dir='ltr'>substringitur</span> 
     </span>
     <span class='ocr_line' id='line_1_45' title="bbox 208 2670 859 2718; baseline -0.003 -12"><span class='ocrx_word' id='word_1_241' title='bbox 208 2671 376 2711; x_wconf 69' lang='lat' dir='ltr'>„zerbis,</span> <span class='ocrx_word' id='word_1_242' title='bbox 435 2680 578 2706; x_wconf 75' lang='lat' dir='ltr'>tantum</span> <span class='ocrx_word' id='word_1_243' title='bbox 635 2670 859 2718; x_wconf 60' lang='lat' dir='ltr'>diffunditur</span> 
     </span>
     <span class='ocr_line' id='line_1_46' title="bbox 207 2725 858 2777; baseline 0 -15"><span class='ocrx_word' id='word_1_244' title='bbox 207 2725 404 2777; x_wconf 82' lang='lat' dir='ltr'>„sensibus.</span> <span class='ocrx_word' id='word_1_245' title='bbox 410 2733 432 2748; x_wconf 78' lang='lat'>‘⁶</span> <span class='ocrx_word' id='word_1_246' title='bbox 470 2729 728 2763; x_wconf 80' lang='lat' dir='ltr'>Burmannus.</span> <span class='ocrx_word' id='word_1_247' title='bbox 772 2726 858 2762; x_wconf 81' lang='lat' dir='ltr'>Ele-</span> 
     </span>
    </p>
   </div>
   <div class='ocr_carea' id='block_1_14' title="bbox 576 2335 912 2376">
    <p class='ocr_par' dir='ltr' id='par_1_17' title="bbox 576 2335 912 2376">
     <span class='ocr_line' id='line_1_47' title="bbox 576 2335 912 2376; baseline -0.003 -6"><span class='ocrx_word' id='word_1_248' title='bbox 576 2335 743 2376; x_wconf 80' lang='lat' dir='ltr'>„Nescio</span> <span class='ocrx_word' id='word_1_249' title='bbox 807 2348 855 2369; x_wconf 88' lang='lat' dir='ltr'>an</span> <span class='ocrx_word' id='word_1_250' title='bbox 908 2349 912 2353; x_wconf 65' lang='grc'><strong><em>’</em></strong></span> 
     </span>
    </p>
   </div>
   <div class='ocr_carea' id='block_1_15' title="bbox 655 1949 1559 2001">
    <p class='ocr_par' dir='ltr' id='par_1_18' title="bbox 655 1949 1559 2001">
     <span class='ocr_line' id='line_1_48' title="bbox 655 1949 1559 2001; baseline 0 -16"><span class='ocrx_word' id='word_1_251' title='bbox 655 1949 801 2000; x_wconf 76' lang='lat' dir='ltr'>semper</span> <span class='ocrx_word' id='word_1_252' title='bbox 830 1949 880 2000; x_wconf 75' lang='lat' dir='ltr'>est</span> <span class='ocrx_word' id='word_1_253' title='bbox 913 1951 1190 2001; x_wconf 72' lang='lat' dir='ltr'>desperandum.</span> <span class='ocrx_word' id='word_1_254' title='bbox 1239 1951 1370 1987; x_wconf 81' lang='lat' dir='ltr'>Turio.</span> <span class='ocrx_word' id='word_1_255' title='bbox 1402 1949 1472 1999; x_wconf 82' lang='lat' dir='ltr'>sed</span> <span class='ocrx_word' id='word_1_256' title='bbox 1492 1965 1559 2001; x_wconf 81' lang='lat' dir='ltr'>per</span> 
     </span>
    </p>
   </div>
   <div class='ocr_carea' id='block_1_16' title="bbox 905 2052 1561 2719">
    <p class='ocr_par' dir='ltr' id='par_1_19' title="bbox 905 2052 1560 2322">
     <span class='ocr_line' id='line_1_49' title="bbox 915 2052 1559 2100; baseline -0.002 -12"><span class='ocrx_word' id='word_1_257' title='bbox 915 2053 1173 2100; x_wconf 80' lang='lat' dir='ltr'>gantiffimum</span> <span class='ocrx_word' id='word_1_258' title='bbox 1190 2053 1306 2100; x_wconf 84' lang='lat' dir='ltr'>hujus</span> <span class='ocrx_word' id='word_1_259' title='bbox 1323 2052 1434 2088; x_wconf 87' lang='lat' dir='ltr'>verbi</span> <span class='ocrx_word' id='word_1_260' title='bbox 1448 2054 1559 2087; x_wconf 87' lang='lat' dir='ltr'>usum</span> 
     </span>
     <span class='ocr_line' id='line_1_50' title="bbox 914 2107 1560 2157; baseline 0.002 -14"><span class='ocrx_word' id='word_1_261' title='bbox 914 2109 1032 2144; x_wconf 85' lang='lat' dir='ltr'>habet</span> <span class='ocrx_word' id='word_1_262' title='bbox 1060 2120 1097 2144; x_wconf 89' lang='lat' dir='ltr'>et</span> <span class='ocrx_word' id='word_1_263' title='bbox 1126 2109 1344 2144; x_wconf 81' lang='lat' dir='ltr'>ovidianus</span> <span class='ocrx_word' id='word_1_264' title='bbox 1384 2108 1452 2144; x_wconf 87' lang='lat' dir='ltr'>ille</span> <span class='ocrx_word' id='word_1_265' title='bbox 1471 2107 1560 2157; x_wconf 88' lang='lat' dir='ltr'>sub-</span> 
     </span>
     <span class='ocr_line' id='line_1_51' title="bbox 905 2162 1560 2213; baseline 0.002 -15"><span class='ocrx_word' id='word_1_266' title='bbox 905 2162 1041 2213; x_wconf 76' lang='lat' dir='ltr'>stricta</span> <span class='ocrx_word' id='word_1_267' title='bbox 1072 2179 1201 2213; x_wconf 80' lang='lat' dir='ltr'>gerens</span> <span class='ocrx_word' id='word_1_268' title='bbox 1231 2185 1286 2192; x_wconf 93' lang='lat'>—-</span> <span class='ocrx_word' id='word_1_269' title='bbox 1315 2165 1382 2199; x_wconf 86' lang='lat' dir='ltr'>ilia</span> <span class='ocrx_word' id='word_1_270' title='bbox 1418 2165 1560 2200; x_wconf 82' lang='lat' dir='ltr'>Ladon</span> 
     </span>
     <span class='ocr_line' id='line_1_52' title="bbox 916 2218 1560 2269; baseline 0.003 -15"><span class='ocrx_word' id='word_1_271' title='bbox 916 2222 1074 2258; x_wconf 72' lang='lat' dir='ltr'>lVIetam.</span> <span class='ocrx_word' id='word_1_272' title='bbox 1100 2230 1147 2264; x_wconf 80' lang='grc'>5,</span> <span class='ocrx_word' id='word_1_273' title='bbox 1180 2221 1272 2257; x_wconf 85' lang='lat'>216.</span> <span class='ocrx_word' id='word_1_274' title='bbox 1311 2218 1459 2269; x_wconf 75' lang='lat' dir='ltr'>astricta</span> <span class='ocrx_word' id='word_1_275' title='bbox 1491 2221 1560 2256; x_wconf 89' lang='lat' dir='ltr'>ilia</span> 
     </span>
     <span class='ocr_line' id='line_1_53' title="bbox 914 2277 1267 2322; baseline 0 -10"><span class='ocrx_word' id='word_1_276' title='bbox 914 2277 1039 2314; x_wconf 82' lang='lat' dir='ltr'>noster</span> <span class='ocrx_word' id='word_1_277' title='bbox 1061 2284 1096 2322; x_wconf 83' lang='lat'>8,</span> <span class='ocrx_word' id='word_1_278' title='bbox 1130 2286 1167 2320; x_wconf 79' lang='lat'>5,</span> <span class='ocrx_word' id='word_1_279' title='bbox 1204 2290 1267 2313; x_wconf 87' lang='lat'>10.</span> 
     </span>
    </p>

    <p class='ocr_par' dir='ltr' id='par_1_20' title="bbox 913 2333 1561 2719">
     <span class='ocr_line' id='line_1_54' title="bbox 971 2333 1561 2382; baseline -0.002 -13"><span class='ocrx_word' id='word_1_280' title='bbox 971 2340 1007 2377; x_wconf 85' lang='lat'>5.</span> <span class='ocrx_word' id='word_1_281' title='bbox 1036 2333 1292 2382; x_wconf 83' lang='lat' dir='ltr'>paraphrasim</span> <span class='ocrx_word' id='word_1_282' title='bbox 1315 2353 1368 2360; x_wconf 90' lang='lat'>—</span> <span class='ocrx_word' id='word_1_283' title='bbox 1386 2335 1561 2380; x_wconf 79' lang='lat' dir='ltr'>interpre-</span> 
     </span>
     <span class='ocr_line' id='line_1_55' title="bbox 915 2389 1560 2437; baseline 0 -13"><span class='ocrx_word' id='word_1_284' title='bbox 915 2391 1105 2425; x_wconf 78' lang='lat' dir='ltr'>tationem.</span> <span class='ocrx_word' id='word_1_285' title='bbox 1165 2389 1292 2425; x_wconf 79' lang='lat' dir='ltr'>Facile</span> <span class='ocrx_word' id='word_1_286' title='bbox 1320 2399 1475 2437; x_wconf 82' lang='lat' dir='ltr'>apparet</span> <span class='ocrx_word' id='word_1_287' title='bbox 1506 2399 1560 2424; x_wconf 78' lang='lat' dir='ltr'>at-</span> 
     </span>
     <span class='ocr_line' id='line_1_56' title="bbox 913 2445 1560 2495; baseline -0.002 -15"><span class='ocrx_word' id='word_1_288' title='bbox 913 2445 1215 2495; x_wconf 83' lang='lat' dir='ltr'>tendenti,prius</span> <span class='ocrx_word' id='word_1_289' title='bbox 1239 2446 1308 2481; x_wconf 80' lang='lat' dir='ltr'>effe</span> <span class='ocrx_word' id='word_1_290' title='bbox 1334 2446 1560 2491; x_wconf 85' lang='lat' dir='ltr'>subjectum,</span> 
     </span>
     <span class='ocr_line' id='line_1_57' title="bbox 914 2500 1560 2542; baseline -0.002 -6"><span class='ocrx_word' id='word_1_291' title='bbox 914 2500 1076 2536; x_wconf 84' lang='lat' dir='ltr'>alterum</span> <span class='ocrx_word' id='word_1_292' title='bbox 1104 2502 1354 2542; x_wconf 81' lang='lat' dir='ltr'>attributum3</span> <span class='ocrx_word' id='word_1_293' title='bbox 1387 2514 1434 2536; x_wconf 87' lang='lat' dir='ltr'>ne</span> <span class='ocrx_word' id='word_1_294' title='bbox 1459 2500 1560 2536; x_wconf 77' lang='lat' dir='ltr'>forte</span> 
     </span>
     <span class='ocr_line' id='line_1_58' title="bbox 917 2556 1558 2607; baseline -0.002 -15"><span class='ocrx_word' id='word_1_295' title='bbox 917 2557 1003 2606; x_wconf 87' lang='lat' dir='ltr'>quis</span> <span class='ocrx_word' id='word_1_296' title='bbox 1030 2569 1190 2607; x_wconf 82' lang='lat' dir='ltr'>propter</span> <span class='ocrx_word' id='word_1_297' title='bbox 1221 2559 1304 2593; x_wconf 86' lang='lat' dir='ltr'>vim</span> <span class='ocrx_word' id='word_1_298' title='bbox 1345 2556 1558 2606; x_wconf 84' lang='lat' dir='ltr'>oppositio-</span> 
     </span>
     <span class='ocr_line' id='line_1_59' title="bbox 915 2612 1558 2663; baseline -0.002 -15"><span class='ocrx_word' id='word_1_299' title='bbox 915 2614 976 2649; x_wconf 88' lang='lat' dir='ltr'>nis</span> <span class='ocrx_word' id='word_1_300' title='bbox 1015 2614 1246 2649; x_wconf 82' lang='lat' dir='ltr'>attributum</span> <span class='ocrx_word' id='word_1_301' title='bbox 1288 2614 1420 2663; x_wconf 84' lang='lat' dir='ltr'>priore</span> <span class='ocrx_word' id='word_1_302' title='bbox 1467 2612 1558 2648; x_wconf 85' lang='lat' dir='ltr'>loco</span> 
     </span>
     <span class='ocr_line' id='line_1_60' title="bbox 913 2670 1232 2719; baseline 0.006 -15"><span class='ocrx_word' id='word_1_303' title='bbox 913 2670 1080 2719; x_wconf 83' lang='lat' dir='ltr'>positum</span> <span class='ocrx_word' id='word_1_304' title='bbox 1109 2681 1232 2718; x_wconf 87' lang='lat' dir='ltr'>putet.</span> 
     </span>
    </p>
   </div>
   <div class='ocr_carea' id='block_1_17' title="bbox 974 2723 1561 2775">
    <p class='ocr_par' dir='ltr' id='par_1_21' title="bbox 974 2723 1561 2775">
     <span class='ocr_line' id='line_1_61' title="bbox 974 2723 1561 2775; baseline -0.005 -13"><span class='ocrx_word' id='word_1_305' title='bbox 974 2726 1019 2762; x_wconf 85' lang='lat' dir='ltr'>ab</span> <span class='ocrx_word' id='word_1_306' title='bbox 1046 2726 1120 2762; x_wconf 85' lang='lat' dir='ltr'>illis</span> <span class='ocrx_word' id='word_1_307' title='bbox 1151 2724 1339 2775; x_wconf 61' lang='lat' dir='ltr'>diffentio.</span> <span class='ocrx_word' id='word_1_308' title='bbox 1395 2723 1561 2774; x_wconf 79' lang='lat' dir='ltr'>Aliquid</span> 
     </span>
    </p>
   </div>
  </div>
 </body>
</html>
