1779 3062
371 188 535 234 1NsT.
582 188 862 238 ORATOR.
909 193 1029 236 ΜΒ.
1075 193 1145 247 x,
1192 200 1240 250 4·
1384 191 1478 246 165

115 319 371 385 intentos,
413 316 476 364 ab
514 316 613 363 alia
637 316 953 364 inventione
987 316 1285 367 declinant:
1326 316 1476 368 ideo-

113 407 226 458 ‘que
251 394 451 459 optime
471 391 594 441 sunt
612 393 671 440 in
694 391 948 457 deposito.

233 549 315 595 IV.
370 546 623 611 Sequitur
653 546 965 603 emendacio,
1019 563 1136 611 pars
1169 546 1472 597 studiorum

119 625 281 689 longe
308 622 581 672 utiliffima.
660 625 855 687 Neque
886 625 1029 672 enim
1054 622 1165 671 sine
1192 623 1340 673 causa
1363 642 1472 672 cre-

120 700 294 750 ditum
314 699 401 758 est,
434 699 610 748 stilum
634 718 746 749 non
767 700 946 748 minus
969 717 1135 765 agere,
1167 717 1288 748 curn
1315 700 1469 750 delet.

118 781 308 838 Hujus
330 788 507 826 autem
546 778 722 843 operis
759 775 857 834 est,
897 777 1144 840 adjicere,
1184 776 1472 836 detrahere,

119 865 335 903 mutare.
454 854 556 902 Sed
591 853 801 902 facilius
848 855 907 902 in
955 855 1020 903 iis
1066 852 1472 918 simpliciusque

117 930 400 994 judicium,
441 948 576 995 quae
596 930 851 996 replenda
874 932 963 980 vel
999 930 1294 991 dejicienda
1318 928 1344 977 s
1343 941 1470 980 unt:

119 1026 359 1075 premere
399 1025 530 1056 vero
575 1009 859 1067 tumentia,
920 1008 1150 1056 humilia
1203 1008 1472 1066 extollere,

117 1086 440 1136 luxuriantia
491 1084 801 1151 astringere,
869 1085 1173 1135 inordinata
1217 1084 1472 1150 digerere,

120 1253 231 1302 quis,
283 1253 452 1301 exceptis
499 1253 626 1289 Guelf.
672 1253 791 1289 Goth.
829 1253 932 1290 Voss‘.
974 1267 1008 1288 1.
1042 1264 1078 1289 2.
1110 1262 1147 1296 5.
1189 1253 1287 1292 Jens.
1316 1262 1354 1288 et
1382 1253 1469 1289 edd.

119 1310 278 1359 posterr.
303 1321 387 1344 ante
409 1309 520 1345 Bafil.
553 1320 635 1344 tum
655 1310 804 1358 Gryph.
840 1311 1000 1353 (1544.)
1035 1309 1167 1357 Steph.
1188 1308 1336 1344 Rollin.
1359 1310 1470 1345 Gesn.

121 1366 307 1410 (refertur
334 1377 371 1401 et
402 1365 529 1406 Alm.;
561 1366 608 1402 cf.
639 1369 673 1414 §.
702 1365 806 1412 26.),
838 1365 907 1414 qui
938 1378 1071 1401 omnes
1104 1376 1262 1401 tuentur
1296 1365 1473 1401 eruditis-

118 1422 253 1457 simam
274 1422 514 1471 scripturam.

120 1562 123 1564 -
208 1548 242 1570 1.
274 1537 331 1570 iis.
386 1535 448 1570 Sic
483 1535 616 1570 Turic.
649 1533 768 1570 Goth.
804 1535 903 1573 Jens.
946 1533 1046 1580 (tac.
1082 1535 1220 1579 Gesn.)
1264 1549 1352 1571 cum
1386 1535 1472 1572 edd.

116 1592 276 1642 posterr.
315 1602 400 1627 ante
432 1591 543 1626 Bam.
580 1589 738 1638 Reliqui
767 1591 834 1625 his.
1088 1592 1307 1636 dejicienda.
1341 1591 1470 1628 Guelf.

117 1648 342 1693 adjicienda.
604 1644 815 1695 astringere.
878 1647 941 1682 Sic
975 1648 1108 1697 Camp.
1153 1661 1241 1683 cum
1272 1649 1355 1684 edd.
1387 1659 1473 1683 ante

118 1706 254 1741 Burm.
284 1708 384 1749 (exc.
415 1703 565 1752 Gryph.
601 1702 726 1750 Roll.)
755 1704 915 1753 Reliqui
948 1701 1182 1753 adstringere.
1228 1705 1342 1742 Solus
1375 1704 1474 1740 Obr.

109 1758 307 1809 stringere.
360 1760 485 1800 Male,
526 1760 574 1795 cf.
605 1771 648 1801 2,
687 1770 732 1799 2,
776 1769 812 1803 4.
863 1760 1041 1796 Alterum
1074 1761 1124 1796 est
1156 1761 1384 1802 brevitatis,
1429 1771 1474 1796 ut

124 1827 160 1860 4,
197 1831 229 1856 1,
267 1823 358 1861 128,
591 1817 806 1851 inordinata
838 1818 1015 1863 digerere.
1047 1817 1181 1851 Turic.
1212 1817 1318 1854 Flor.
1351 1815 1392 1865 (a
1412 1831 1473 1866 pr.

119 1873 258 1916 manu)
291 1873 480 1908 omittunt
525 1885 611 1908 cum
639 1871 740 1908 Alm.
774 1875 849 1908 Pro
883 1872 1004 1908 altero
1032 1872 1159 1908 Guelf.
1190 1874 1350 1921 dirigere
1383 1887 1475 1909 cum

122 1928 241 1964 Goth.
265 1929 369 1966 Voff.
395 1939 432 1964 2.
456 1928 557 1965 Vall.
580 1928 672 1963 Bad.
700 1939 736 1963 et
755 1928 906 1977 aliquot
923 1931 1056 1964 Burm.
1080 1929 1215 1963 frustra
1245 1930 1475 1965 defendente

121 1985 257 2025 Badio,
291 1986 517 2021 Burmanno
541 1984 670 2020 saltem
699 1984 858 2022 ferente.
889 1985 949 2022 Cf.
977 1999 1019 2020 11
1037 2012 1048 2026 ,
1086 1998 1121 2026 1,
1155 1986 1191 2021 6.
1221 1988 1358 2021 Burm.
1387 1998 1473 2022 mo-

183 2131 217 2154 ι.
283 2118 389 2154 cilum
410 2139 465 2147 -—
487 2118 597 2154 delet.
667 2118 769 2154 Cum

118 2174 342 2216 „luxuriem
393 2175 527 2216 illam,
589 2188 685 2223 quae
726 2176 769 2210 in

119 2233 291 2273 „summa
328 2233 502 2268 ubertate
540 2232 656 2272 inest,
706 2232 770 2266 de-

120 2288 353 2336 „pascitur.“
379 2288 477 2332 (cic.
492 2288 538 2323 de
551 2288 619 2323 Or.
635 2299 670 2329 2,
684 2288 769 2332 25.)

121 2345 260 2378 Fateor
287 2355 430 2384 autem,
463 2357 536 2393 pro
564 2343 637 2379 illo
664 2344 772 2392 quod.

123 2400 242 2434 modo
271 2400 320 2435 est
355 2400 528 2435 creditum
558 2400 673 2435 malle
703 2414 768 2436 me

124 2456 314 2492 traditum.
336 2457 383 2492 cf.
402 2470 436 2497 1,
463 2469 526 2497 10,
545 2466 605 2499 17.
639 2458 768 2504 Quan-

125 2524 240 2560 quam
281 2522 443 2560 utraque
482 2513 665 2562 scriptura
700 2512 769 2548 ali-

122 2567 232 2616 quod
262 2569 411 2604 dictum
438 2568 506 2605 vel
524 2581 770 2618 praeceptum

123 2638 144 2658 a
165 2624 364 2660 veteribus
394 2626 604 2661 memoriae
636 2625 771 2674 prodi-

122 2691 206 2716 tum
228 2681 434 2722 defiderat;
465 2682 570 2729 quod
591 2683 774 2730 equidem

124 2736 384 2773 demonstrare
403 2750 486 2774 non
503 2738 672 2788 poffum.

883 2119 1060 2167 replenda
1072 2137 1125 2146 —-
1137 2118 1357 2163 dejicienda.
1398 2120 1478 2154 Ex·

828 2175 1008 2224 quisitius
1050 2176 1198 2211 variata
1246 2176 1365 2211 verba
1403 2188 1477 2225 pro

829 2232 1039 2276 adjiciendo
1070 2243 1107 2267 et
1145 2232 1384 2267 detrahendo.
1424 2231 1477 2266 Il-

827 2288 906 2323 lius
929 2289 1135 2323 commoda
1155 2288 1196 2322 in
1209 2288 1367 2323 Lexieis
1387 2288 1478 2323 affe-

828 2355 970 2380 runtur
1015 2343 1189 2393 exempla
1229 2344 1376 2392 Digest.
1412 2350 1478 2387 42,

831 2414 865 2442 1,
882 2411 917 2442 4.
946 2400 1058 2448 „lege
1084 2402 1246 2448 repletur
1267 2401 1373 2448 quod
1394 2401 1475 2435 sen-

826 2457 997 2499 ,‚tentiae
1024 2454 1147 2505 deefi“
1178 2467 1215 2492 et
1239 2456 1358 2492 Ovid.
1380 2457 1476 2492 Her.

825 2514 881 2548 ἰο
904 2540 916 2554 ,
977 2523 1043 2556 57.
1109 2533 1197 2553 ‚‚——
1228 2513 1336 2560 quod
1384 2512 1479 2547 voci

829 2570 985 2611 „deerat
1023 2568 1208 2617 plangore
1251 2569 1478 2617 replebam“.

829 2626 981 2672 Hujus,
1010 2626 1170 2660 rarioris
1206 2625 1301 2662 item
1332 2624 1478 2672 signifi-

832 2692 949 2722 catus,
972 2682 1214 2716 mentionem
1231 2681 1480 2718 habetErne·

830 2738 905 2774 stus
933 2738 976 2775 in
998 2737 1115 2774 clave
1137 2738 1219 2776 Cic.
