1779 3062
437 157 602 204 INST.
640 149 918 205 ORATOR.
954 158 1076 205 LIB.
1112 156 1222 215 XII,
1259 168 1305 214 3.
1410 192 1412 194 v
1442 165 1540 215 543

184 281 488 334 berintum.
532 284 736 354 Quodsi
774 286 1035 352 plerique,
1075 284 1340 350 desperata
1378 280 1541 333 facul-

180 371 302 410 ·tate
350 360 570 426 agendi,
631 361 700 409 ad
750 361 1060 413 discendum
1105 366 1192 423 jus
1243 361 1543 410 declinave-

195 448 349 498 runt;
389 455 550 503 quam
590 436 649 486 id
687 435 819 486 scire
857 438 1010 488 facile
1051 438 1125 488 est
1147 430 1363 496 oraiori,
1394 436 1546 504 quod

195 514 434 573 discunt,
501 515 600 580 qui
630 512 724 564 sua
760 532 977 580 quoque
1017 515 1332 567 confeffione
1371 525 1546 565 orato·-

197 609 284 658 3res
333 589 432 640 else
479 609 594 642 non
639 589 884 658 possunt?
963 596 1164 643 Verum
1204 604 1256 642 et
1294 595 1373 643 M.
1413 593 1545 643 Cato

200 686 325 718 cum
359 669 420 718 in
460 667 690 718 dicendo
730 668 1211 736 praestantiffimus,
1259 680 1376 720 tum
1412 669 1547 731 juris

197 745 348 795 idem
383 746 492 796 fuit
524 745 886 812 peritissimus:
926 757 979 794 et
1019 747 1298 797 Scaevolae
1335 748 1547 796 Servio-

197 841 307 889 que
358 824 598 889 Sulpicio
653 820 885 874 concessa
931 821 1005 870 est
1054 825 1212 872 etiam
1263 822 1545 872 facundiae

196 903 383 950 virtus.
421 903 487 949 Et
523 902 601 949 M.
644 901 863 950 Tullius
903 917 1015 949 non
1040 899 1206 950 modo
1229 902 1370 949 inter
1389 917 1543 966 agen-

196 976 334 1026 dum
383 993 660 1042 nunquam
709 976 783 1025 est
820 975 1102 1026 destitutus
1139 975 1356 1025 scientia
1394 978 1547 1039 juris,

195 1051 287 1102 sed
336 1055 496 1102 etiam
546 1071 869 1121 componere
919 1055 1097 1119 aliqua
1145 1046 1212 1102 'de
1254 1071 1318 1103 eo
1361 1071 1548 1120 coepe-

195 1141 304 1181 rat:
382 1141 445 1180 ut
484 1142 756 1198 appareat,
811 1129 953 1198 poffe
995 1142 1264 1181 oratorem
1303 1149 1417 1181 non
1468 1131 1550 1180 di-

310 1310 348 1347 9.
379 1300 440 1335 vel
469 1298 678 1350 discendum
706 1313 780 1349 pro
811 1301 862 1336 ad
891 1300 929 1335 d.
952 1299 1081 1338 Guelf.
1133 1298 1207 1349 sua
1223 1313 1387 1349 quaeque
1407 1300 1545 1337 Ambr.

198 1366 238 1393 2.
296 1367 464 1393 mencato
502 1370 575 1405 pro
613 1358 682 1396 M.
727 1359 820 1394 Cato
860 1357 965 1393 Flor.
1039 1353 1370 1406 praestantiffimos
1410 1358 1545 1394 Turio.

198 1411 592 1462 tum—peritfflmus
622 1427 700 1451 om.
733 1414 867 1450 Turio.
888 1412 992 1450 Flor.
1015 1427 1045 1451 c.
1069 1412 1174 1448 Alm.
1205 1411 1288 1460 fuit
1307 1415 1404 1450 idem
1427 1414 1545 1450 Goth.

194 1470 294 1509 Jens.
336 1483 368 1504 c.
413 1471 498 1505 edd.
541 1469 636 1519 post.
676 1482 764 1507 ante
793 1473 917 1507 Stoer.
969 1470 1142 1521 servique
1170 1469 1276 1506 Flor.
1336 1469 1446 1519 iustus
1474 1484 1548 1519 pro

194 1528 311 1563 virtus
350 1528 484 1564 Turio.
525 1526 630 1562 Flor.
670 1527 817 1564 omissis
857 1527 908 1563 ob
949 1525 1261 1565 homoeoteleut.
1296 1527 1395 1577 seqq.
1430 1528 1551 1563 Et·—

196 1580 401 1631 destitutus.

318 1653 381 1675 10.
436 1640 474 1674 in
506 1639 694 1686 agendum
723 1640 858 1677 Ambr.
893 1639 1021 1677 Guelf.
1054 1642 1092 1675 in
1123 1640 1269 1688 agendo
1298 1642 1433 1690 Camp.
1468 1655 1551 1677 nus-

196 1709 308 1745 quam
347 1696 446 1732 Obr.
516 1709 590 1731 non
633 1697 789 1732 dicendo
838 1698 958 1734 Goth.
1000 1697 1105 1736 Voss'.
1145 1707 1183 1732 2.
1230 1699 1365 1734 Ioann.
1417 1698 1550 1746 Camp.

197 1755 295 1789 tanti
317 1755 396 1799 juri
425 1752 553 1788 Guelf.
614 1755 710 1788 tanti
737 1755 811 1806 uiri
838 1755 974 1792 Ambr.
1011 1765 1049 1790 2.
1109 1755 1227 1790 etiam
1256 1754 1413 1791 dicendo
1443 1754 1550 1791 Flor.

258 1923 295 1960 9.
355 1911 549 1961 desperata
569 1913 845 1949 —declinave-
903 1924 1022 1950 artem
1044 1914 1261 1962 redigendo.
1307 1913 1432 1960 Quem
1457 1926 1548 1949 cum

195 1977 293 2005 runt.
355 1994 377 2008 „
394 1969 533 2004 Cicero
571 1983 643 2018 pro
678 1970 843 2005 Murena
902 1970 1118 2007 absolutum
1141 1983 1342 2018 nunquam
1366 1969 1476 2004 fuisse
1499 1981 1548 2005 ex

196 2039 263 2067 ‚,c.
313 2034 376 2068 15.
418 2026 615 2062 Videntur
661 2025 843 2075 plerique
900 2027 978 2063 hoc
1006 2028 1118 2063 Fabii
1148 2026 1238 2062 loco
1268 2027 1472 2074 suspicatus
1497 2027 1548 2061 es·

195 2081 493 2128 „jurisconsulti
542 2083 660 2119 initio
714 2082 842 2119 multo
900 2084 953 2119 set
982 2082 1399 2133 Bynckershoeckius‚
1460 2094 1546 2132 apte

191 2138 298 2180 „hoc
313 2137 487 2174 maluffle
501 2142 564 2184 (ut
583 2150 753 2175 oratores
773 2140 842 2175 fie-

186 2194 338 2240 '„rent).
402 2196 489 2231 Post
517 2209 606 2231 cum
633 2197 676 2232 id
696 2196 842 2244 assequi

191 2263 303 2292 „non
323 2252 557 2301 potuissent,
596 2253 693 2288 istuc
722 2254 842 2301 potis·

193 2307 363 2347 „simum
386 2309 472 2344 sunt
491 2308 643 2357 delapsi,
677 2320 719 2344 ut
732 2310 841 2356 ajunt

192 2362 267 2402 „in
296 2365 451 2400 Graecis
479 2365 735 2402 artificibus“
767 2377 838 2402 ete.

195 2421 340 2461 [cetera
369 2435 508 2470 quaere
540 2423 643 2470 apud
665 2423 840 2459 nostrum

195 2480 234 2519 8,
258 2484 295 2519 5,
318 2476 401 2526 ¹79.]
434 2479 631 2515 Gesnerus,

256 2545 318 2570 ιο.
347 2535 412 2570 fif.
434 2534 834 2587 Tullius—-coeperah

193 2588 349 2626 Constat
379 2605 398 2625 e
432 2590 562 2627 Gellio
596 2596 653 2639 (ι,
676 2595 761 2641 22.)
790 2594 838 2629 li-

188 2644 305 2682 brum
326 2648 508 2696 scripsisse
522 2649 752 2687 Ciceronem
768 2652 839 2699 qui

187 2702 392 2753 inscriptus
411 2717 489 2742 erat
512 2706 557 2740 do
571 2708 658 2752 jure
680 2709 785 2744 cicili
799 2710 836 2744 in

900 2141 1067 2177 Baebius
1100 2140 1212 2185 (Hist.
1229 2140 1451 2188 Jurisprud.
1471 2142 1546 2178 Ro.

901 2207 947 2239 2,
983 2208 1029 2238 2,
1057 2200 1142 2245 45.)
1173 2196 1366 2246 reposuit,
1395 2196 1437 2231 id
1468 2196 1548 2232 hoo

897 2254 988 2290 loco
1021 2254 1151 2301 valere
1181 2253 1347 2289 verbum
1379 2251 1545 2302 coepisse,

901 2312 1008 2359 qupd
1030 2311 1107 2348 hoc
1131 2324 1209 2346 uno
1231 2309 1336 2345 libro
1352 2309 1456 2345 edito
1468 2310 1545 2344 ini-

900 2369 1001 2404 tium
1036 2369 1174 2404 Cicero
1213 2366 1351 2402 fecerit
1387 2378 1544 2405 eorum,

900 2439 996 2473 quae
1018 2425 1064 2460 de
1083 2426 1170 2472 jure
1195 2421 1305 2459 civili
1326 2423 1547 2458 scriberein

898 2483 1030 2518 animo
1062 2482 1233 2517 haberet.
1269 2481 1450 2516 Ceterum
1475 2479 1545 2528 qui

898 2539 945 2574 de
987 2539 1189 2575 Ciceronis
1232 2536 1544 2585 Jurisprudentia

896 2596 1114 2644 scripserint
1134 2593 1327 2629 indicavit
1349 2592 1544 2628 Harlefius

896 2652 939 2687 in
958 2653 1086 2689 Notit.
1108 2651 1246 2700 Script.
1268 2650 1398 2686 Latin.
1420 2651 1469 2686 Π.
1499 2663 1539 2700 1³-

900 2715 990 2758 249.

1570 306 1598 343 9

1579 925 1623 951 10
