<?xml version="1.0" encoding="UTF-8"?>
<!DOCTYPE html PUBLIC "-//W3C//DTD XHTML 1.0 Transitional//EN"
    "http://www.w3.org/TR/xhtml1/DTD/xhtml1-transitional.dtd">
<html xmlns="http://www.w3.org/1999/xhtml" xml:lang="en" lang="en">
 <head>
  <title>
</title>
<meta http-equiv="Content-Type" content="text/html;charset=utf-8" />
  <meta name='ocr-system' content='tesseract 3.04.00' />
  <meta name='ocr-capabilities' content='ocr_page ocr_carea ocr_par ocr_line ocrx_word'/>
</head>
<body>
  <div class='ocr_page' id='page_1' title='image "./deinstitutioneor04quinuoft_0364.png"; bbox 0 0 1779 3062; ppageno 0'>
   <div class='ocr_carea' id='block_1_1' title="bbox 240 146 1383 211">
    <p class='ocr_par' dir='ltr' id='par_1_1' title="bbox 240 146 1383 211">
     <span class='ocr_line' id='line_1_1' title="bbox 240 146 1383 211; baseline -0.013 -4"><span class='ocrx_word' id='word_1_1' title='bbox 240 160 337 207; x_wconf 75' lang='lat'>558</span> <span class='ocrx_word' id='word_1_2' title='bbox 521 207 528 211; x_wconf 22' lang='lat' dir='ltr'><em>p</em></span> <span class='ocrx_word' id='word_1_3' title='bbox 561 146 638 193; x_wconf 89' lang='lat' dir='ltr'>M.</span> <span class='ocrx_word' id='word_1_4' title='bbox 667 146 1257 210; x_wconf 24' lang='lat' dir='ltr'><strong>FAB.&gt;QUINT1LIANI</strong></span> <span class='ocrx_word' id='word_1_5' title='bbox 1377 176 1383 192; x_wconf 60' lang='lat'>2</span> 
     </span>
    </p>
   </div>
   <div class='ocr_carea' id='block_1_2' title="bbox 181 273 1680 1187">
    <p class='ocr_par' dir='ltr' id='par_1_2' title="bbox 181 273 1680 1187">
     <span class='ocr_line' id='line_1_2' title="bbox 240 273 1585 343; baseline -0.001 -18"><span class='ocrx_word' id='word_1_6' title='bbox 240 276 387 325; x_wconf 87' lang='lat' dir='ltr'>enim</span> <span class='ocrx_word' id='word_1_7' title='bbox 417 274 638 343; x_wconf 77' lang='lat' dir='ltr'><em>grandis</em></span> <span class='ocrx_word' id='word_1_8' title='bbox 683 283 774 322; x_wconf 88' lang='lat' dir='ltr'>aut</span> <span class='ocrx_word' id='word_1_9' title='bbox 794 277 1006 343; x_wconf 64' lang='lat' dir='ltr'>lexigua</span> <span class='ocrx_word' id='word_1_10' title='bbox 1038 273 1138 323; x_wconf 89' lang='lat' dir='ltr'>est:</span> <span class='ocrx_word' id='word_1_11' title='bbox 1201 274 1292 324; x_wconf 84' lang='lat' dir='ltr'>sed</span> <span class='ocrx_word' id='word_1_12' title='bbox 1324 276 1463 324; x_wconf 82' lang='lat' dir='ltr'>inter</span> <span class='ocrx_word' id='word_1_13' title='bbox 1492 274 1585 326; x_wconf 85' lang='lat' dir='ltr'>has</span> 
     </span>
     <span class='ocr_line' id='line_1_3' title="bbox 241 349 1585 418; baseline -0.001 -16"><span class='ocrx_word' id='word_1_14' title='bbox 241 354 593 402; x_wconf 82' lang='lat' dir='ltr'>extremitates</span> <span class='ocrx_word' id='word_1_15' title='bbox 618 349 821 400; x_wconf 85' lang='lat' dir='ltr'>mediae</span> <span class='ocrx_word' id='word_1_16' title='bbox 840 349 962 401; x_wconf 82' lang='lat' dir='ltr'>sunt</span> <span class='ocrx_word' id='word_1_17' title='bbox 983 351 1193 418; x_wconf 84' lang='lat' dir='ltr'>species,</span> <span class='ocrx_word' id='word_1_18' title='bbox 1223 363 1277 401; x_wconf 92' lang='lat' dir='ltr'>et</span> <span class='ocrx_word' id='word_1_19' title='bbox 1302 354 1364 401; x_wconf 87' lang='lat' dir='ltr'>ab</span> <span class='ocrx_word' id='word_1_20' title='bbox 1390 355 1496 402; x_wconf 86' lang='lat' dir='ltr'>ima</span> <span class='ocrx_word' id='word_1_21' title='bbox 1517 352 1585 401; x_wconf 80' lang='lat' dir='ltr'>ad</span> 
     </span>
     <span class='ocr_line' id='line_1_4' title="bbox 241 428 1584 500; baseline -0.002 -21"><span class='ocrx_word' id='word_1_22' title='bbox 241 429 504 479; x_wconf 82' lang='lat' dir='ltr'>summam</span> <span class='ocrx_word' id='word_1_23' title='bbox 527 445 583 476; x_wconf 84' lang='lat' dir='ltr'>ac</span> <span class='ocrx_word' id='word_1_24' title='bbox 603 438 744 478; x_wconf 83' lang='lat' dir='ltr'>retro</span> <span class='ocrx_word' id='word_1_25' title='bbox 764 430 921 478; x_wconf 86' lang='lat' dir='ltr'>multi</span> <span class='ocrx_word' id='word_1_26' title='bbox 943 428 1063 478; x_wconf 80' lang='lat' dir='ltr'>sunt</span> <span class='ocrx_word' id='word_1_27' title='bbox 1085 428 1293 493; x_wconf 80' lang='lat' dir='ltr'><strong>gradus.</strong></span> <span class='ocrx_word' id='word_1_28' title='bbox 1339 430 1584 500; x_wconf 70' lang='lat' dir='ltr'>Qualitas</span> 
     </span>
     <span class='ocr_line' id='line_1_5' title="bbox 242 502 1589 577; baseline -0.002 -20"><span class='ocrx_word' id='word_1_29' title='bbox 242 508 412 572; x_wconf 82' lang='lat' dir='ltr'>magis</span> <span class='ocrx_word' id='word_1_30' title='bbox 436 507 580 556; x_wconf 80' lang='lat' dir='ltr'>varia</span> <span class='ocrx_word' id='word_1_31' title='bbox 602 504 688 555; x_wconf 85' lang='lat' dir='ltr'>est.</span> <span class='ocrx_word' id='word_1_32' title='bbox 743 523 866 555; x_wconf 86' lang='lat' dir='ltr'>nam</span> <span class='ocrx_word' id='word_1_33' title='bbox 891 505 964 554; x_wconf 85' lang='lat' dir='ltr'>est</span> <span class='ocrx_word' id='word_1_34' title='bbox 988 517 1038 554; x_wconf 90' lang='lat' dir='ltr'>et</span> <span class='ocrx_word' id='word_1_35' title='bbox 1065 506 1300 563; x_wconf 78' lang='lat' dir='ltr'><em>candida,</em></span> <span class='ocrx_word' id='word_1_36' title='bbox 1339 516 1390 553; x_wconf 90' lang='lat' dir='ltr'>et</span> <span class='ocrx_word' id='word_1_37' title='bbox 1401 502 1589 577; x_wconf 81' lang='lat' dir='ltr'><em>fusca,</em></span> 
     </span>
     <span class='ocr_line' id='line_1_6' title="bbox 245 578 1680 654; baseline -0.004 -21"><span class='ocrx_word' id='word_1_38' title='bbox 245 595 299 633; x_wconf 89' lang='lat' dir='ltr'>et</span> <span class='ocrx_word' id='word_1_39' title='bbox 315 584 487 649; x_wconf 78' lang='lat' dir='ltr'>plena,</span> <span class='ocrx_word' id='word_1_40' title='bbox 524 594 576 631; x_wconf 89' lang='lat' dir='ltr'>et</span> <span class='ocrx_word' id='word_1_41' title='bbox 603 583 767 641; x_wconf 73' lang='lat' dir='ltr'>exilis,</span> <span class='ocrx_word' id='word_1_42' title='bbox 801 594 852 631; x_wconf 85' lang='lat' dir='ltr'>et</span> <span class='ocrx_word' id='word_1_43' title='bbox 883 583 1031 640; x_wconf 78' lang='lat' dir='ltr'>levis,</span> <span class='ocrx_word' id='word_1_44' title='bbox 1072 593 1123 630; x_wconf 90' lang='lat' dir='ltr'>et</span> <span class='ocrx_word' id='word_1_45' title='bbox 1144 578 1352 654; x_wconf 80' lang='lat' dir='ltr'>aspera,</span> <span class='ocrx_word' id='word_1_46' title='bbox 1391 593 1446 630; x_wconf 89' lang='lat' dir='ltr'>et</span> <span class='ocrx_word' id='word_1_47' title='bbox 1472 600 1680 632; x_wconf 82' lang='lat' dir='ltr'><em>con-1000</em></span> 
     </span>
     <span class='ocr_line' id='line_1_7' title="bbox 245 653 1617 732; baseline -0.002 -21"><span class='ocrx_word' id='word_1_48' title='bbox 245 660 433 719; x_wconf 68' lang='lat' dir='ltr'>tracta,</span> <span class='ocrx_word' id='word_1_49' title='bbox 474 670 525 709; x_wconf 88' lang='lat' dir='ltr'>et</span> <span class='ocrx_word' id='word_1_50' title='bbox 532 656 689 732; x_wconf 82' lang='lat' dir='ltr'><em>fusa,</em></span> <span class='ocrx_word' id='word_1_51' title='bbox 725 670 776 709; x_wconf 85' lang='lat' dir='ltr'>et</span> <span class='ocrx_word' id='word_1_52' title='bbox 800 661 951 717; x_wconf 72' lang='lat' dir='ltr'><strong><em>dura,</em></strong></span> <span class='ocrx_word' id='word_1_53' title='bbox 991 670 1043 707; x_wconf 88' lang='lat' dir='ltr'>et</span> <span class='ocrx_word' id='word_1_54' title='bbox 1053 657 1324 727; x_wconf 76' lang='lat' dir='ltr'>flexibilis,</span> <span class='ocrx_word' id='word_1_55' title='bbox 1359 669 1409 707; x_wconf 89' lang='lat' dir='ltr'>et</span> <span class='ocrx_word' id='word_1_56' title='bbox 1430 659 1592 718; x_wconf 80' lang='lat' dir='ltr'><em>clara,</em></span> <span class='ocrx_word' id='word_1_57' title='bbox 1615 653 1617 655; x_wconf 28' lang='lat'><strong><em>¹</em></strong></span> 
     </span>
     <span class='ocr_line' id='line_1_8' title="bbox 242 733 1591 810; baseline -0.001 -23"><span class='ocrx_word' id='word_1_58' title='bbox 242 749 302 793; x_wconf 72' lang='lat' dir='ltr'>vet</span> <span class='ocrx_word' id='word_1_59' title='bbox 323 733 519 810; x_wconf 76' lang='lat' dir='ltr'>obtusa,</span> <span class='ocrx_word' id='word_1_60' title='bbox 584 739 808 804; x_wconf 78' lang='lat' dir='ltr'>Spiritus</span> <span class='ocrx_word' id='word_1_61' title='bbox 833 739 990 785; x_wconf 76' lang='lat' dir='ltr'>etiam</span> <span class='ocrx_word' id='word_1_62' title='bbox 1011 737 1233 805; x_wconf 74' lang='lat' dir='ltr'>longior,</span> <span class='ocrx_word' id='word_1_63' title='bbox 1263 733 1591 801; x_wconf 76' lang='lat' dir='ltr'>breviorque.</span> 
     </span>
     <span class='ocr_line' id='line_1_9' title="bbox 181 812 1596 880; baseline -0.003 -14"><span class='ocrx_word' id='word_1_64' title='bbox 181 819 232 858; x_wconf 83' lang='lat'>²6</span> <span class='ocrx_word' id='word_1_65' title='bbox 251 817 368 866; x_wconf 87' lang='lat' dir='ltr'>Nec</span> <span class='ocrx_word' id='word_1_66' title='bbox 399 814 584 873; x_wconf 77' lang='lat' dir='ltr'>causas,</span> <span class='ocrx_word' id='word_1_67' title='bbox 625 831 719 864; x_wconf 84' lang='lat' dir='ltr'>cur</span> <span class='ocrx_word' id='word_1_68' title='bbox 742 813 982 880; x_wconf 82' lang='lat' dir='ltr'>quidque</span> <span class='ocrx_word' id='word_1_69' title='bbox 1005 830 1195 863; x_wconf 82' lang='lat' dir='ltr'>eorum</span> <span class='ocrx_word' id='word_1_70' title='bbox 1216 812 1438 870; x_wconf 81' lang='lat' dir='ltr'>accidat,</span> <span class='ocrx_word' id='word_1_71' title='bbox 1475 830 1596 879; x_wconf 86' lang='lat' dir='ltr'>per-</span> 
     </span>
     <span class='ocr_line' id='line_1_10' title="bbox 251 888 1594 959; baseline -0.001 -18"><span class='ocrx_word' id='word_1_72' title='bbox 251 892 448 959; x_wconf 82' lang='lat' dir='ltr'>sequi‚.</span> <span class='ocrx_word' id='word_1_73' title='bbox 475 891 749 958; x_wconf 80' lang='lat' dir='ltr'>proposito</span> <span class='ocrx_word' id='word_1_74' title='bbox 792 892 942 956; x_wconf 80' lang='lat' dir='ltr'>operi</span> <span class='ocrx_word' id='word_1_75' title='bbox 976 888 1318 939; x_wconf 83' lang='lat' dir='ltr'>neceffarium</span> <span class='ocrx_word' id='word_1_76' title='bbox 1350 888 1450 939; x_wconf 86' lang='lat' dir='ltr'>est:</span> <span class='ocrx_word' id='word_1_77' title='bbox 1502 903 1594 940; x_wconf 86' lang='lat' dir='ltr'>eo-</span> 
     </span>
     <span class='ocr_line' id='line_1_11' title="bbox 251 965 1595 1032; baseline -0.001 -13"><span class='ocrx_word' id='word_1_78' title='bbox 251 987 444 1020; x_wconf 80' lang='lat' dir='ltr'>rumne</span> <span class='ocrx_word' id='word_1_79' title='bbox 463 968 528 1017; x_wconf 79' lang='lat' dir='ltr'>fit</span> <span class='ocrx_word' id='word_1_80' title='bbox 551 965 864 1027; x_wconf 78' lang='lat' dir='ltr'>differentia,</span> <span class='ocrx_word' id='word_1_81' title='bbox 900 969 957 1017; x_wconf 85' lang='lat' dir='ltr'>in</span> <span class='ocrx_word' id='word_1_82' title='bbox 980 968 1176 1032; x_wconf 83' lang='lat' dir='ltr'>quibus</span> <span class='ocrx_word' id='word_1_83' title='bbox 1202 984 1327 1016; x_wconf 80' lang='lat' dir='ltr'>aura</span> <span class='ocrx_word' id='word_1_84' title='bbox 1347 968 1437 1015; x_wconf 85' lang='lat' dir='ltr'>illa</span> <span class='ocrx_word' id='word_1_85' title='bbox 1466 985 1595 1017; x_wconf 87' lang='lat' dir='ltr'>con·-</span> 
     </span>
     <span class='ocr_line' id='line_1_12' title="bbox 253 1045 1594 1112; baseline -0.003 -16"><span class='ocrx_word' id='word_1_86' title='bbox 253 1048 479 1112; x_wconf 77' lang='lat' dir='ltr'>cipitur‚</span> <span class='ocrx_word' id='word_1_87' title='bbox 529 1063 595 1093; x_wconf 82' lang='lat' dir='ltr'>an</span> <span class='ocrx_word' id='word_1_88' title='bbox 641 1062 862 1103; x_wconf 83' lang='lat' dir='ltr'>eorum,</span> <span class='ocrx_word' id='word_1_89' title='bbox 910 1062 1005 1110; x_wconf 78' lang='lat' dir='ltr'>per</span> <span class='ocrx_word' id='word_1_90' title='bbox 1040 1062 1176 1110; x_wconf 80' lang='lat' dir='ltr'>quae</span> <span class='ocrx_word' id='word_1_91' title='bbox 1215 1045 1368 1093; x_wconf 80' lang='lat' dir='ltr'>velut</span> <span class='ocrx_word' id='word_1_92' title='bbox 1400 1061 1594 1110; x_wconf 82' lang='lat' dir='ltr'>organa</span> 
     </span>
     <span class='ocr_line' id='line_1_13' title="bbox 249 1120 1593 1187; baseline -0.001 -14"><span class='ocrx_word' id='word_1_93' title='bbox 249 1133 414 1181; x_wconf 78' lang='lat' dir='ltr'>:meat3</span> <span class='ocrx_word' id='word_1_94' title='bbox 454 1140 521 1171; x_wconf 83' lang='lat' dir='ltr'>an</span> <span class='ocrx_word' id='word_1_95' title='bbox 542 1120 642 1187; x_wconf 79' lang='lat' dir='ltr'>ipsi</span> <span class='ocrx_word' id='word_1_96' title='bbox 662 1123 878 1187; x_wconf 76' lang='lat' dir='ltr'>propria</span> <span class='ocrx_word' id='word_1_97' title='bbox 899 1131 1101 1180; x_wconf 72' lang='lat' dir='ltr'>natura,</span> <span class='ocrx_word' id='word_1_98' title='bbox 1140 1137 1206 1169; x_wconf 81' lang='lat' dir='ltr'>an</span> <span class='ocrx_word' id='word_1_99' title='bbox 1228 1128 1593 1187; x_wconf 83' lang='lat' dir='ltr'>prout&#39;move-</span> 
     </span>
    </p>
   </div>
   <div class='ocr_carea' id='block_1_3' title="bbox 245 1264 1636 2047">
    <p class='ocr_par' dir='ltr' id='par_1_3' title="bbox 245 1264 1636 1885">
     <span class='ocr_line' id='line_1_14' title="bbox 252 1264 1595 1323; baseline -0.001 -12"><span class='ocrx_word' id='word_1_100' title='bbox 252 1275 358 1311; x_wconf 81' lang='lat' dir='ltr'>Flor.</span> <span class='ocrx_word' id='word_1_101' title='bbox 392 1273 519 1309; x_wconf 87' lang='lat' dir='ltr'>Guelf.</span> <span class='ocrx_word' id='word_1_102' title='bbox 553 1274 687 1321; x_wconf 79' lang='lat' dir='ltr'><strong>Camp.</strong></span> <span class='ocrx_word' id='word_1_103' title='bbox 729 1272 892 1321; x_wconf 85' lang='lat' dir='ltr'>Reliqui</span> <span class='ocrx_word' id='word_1_104' title='bbox 915 1287 962 1308; x_wconf 88' lang='lat' dir='ltr'>m.</span> <span class='ocrx_word' id='word_1_105' title='bbox 980 1272 1015 1322; x_wconf 86' lang='lat' dir='ltr'>s.</span> <span class='ocrx_word' id='word_1_106' title='bbox 1214 1276 1321 1310; x_wconf 82' lang='lat' dir='ltr'><em>varia</em></span> <span class='ocrx_word' id='word_1_107' title='bbox 1342 1270 1404 1321; x_wconf 78' lang='lat' dir='ltr'>est.</span> <span class='ocrx_word' id='word_1_108' title='bbox 1436 1264 1522 1310; x_wconf 48' lang='grc' dir='ltr'>ἔφη</span> <span class='ocrx_word' id='word_1_109' title='bbox 1544 1270 1595 1323; x_wconf 77' lang='lat' dir='ltr'>eft</span> 
     </span>
     <span class='ocr_line' id='line_1_15' title="bbox 253 1330 1592 1379; baseline 0 -13"><span class='ocrx_word' id='word_1_110' title='bbox 253 1331 530 1366; x_wconf 75' lang='lat' dir='ltr'>ec.T111-ic.v.</span> <span class='ocrx_word' id='word_1_111' title='bbox 558 1330 673 1378; x_wconf 81' lang='lat' dir='ltr'><em>plena</em></span> <span class='ocrx_word' id='word_1_112' title='bbox 692 1344 726 1364; x_wconf 88' lang='lat' dir='ltr'>n.</span> <span class='ocrx_word' id='word_1_113' title='bbox 749 1344 779 1364; x_wconf 82' lang='lat' dir='ltr'>e.</span> <span class='ocrx_word' id='word_1_114' title='bbox 808 1343 838 1364; x_wconf 81' lang='lat' dir='ltr'>e.</span> <span class='ocrx_word' id='word_1_115' title='bbox 863 1330 967 1364; x_wconf 86' lang='lat' dir='ltr'>Flor.</span> <span class='ocrx_word' id='word_1_116' title='bbox 992 1345 1026 1365; x_wconf 84' lang='lat' dir='ltr'>v.</span> <span class='ocrx_word' id='word_1_117' title='bbox 1048 1330 1161 1378; x_wconf 81' lang='lat' dir='ltr'><em>plena</em></span> <span class='ocrx_word' id='word_1_118' title='bbox 1183 1330 1233 1379; x_wconf 77' lang='lat' dir='ltr'>est</span> <span class='ocrx_word' id='word_1_119' title='bbox 1254 1346 1312 1372; x_wconf 79' lang='lat' dir='ltr'>e.,</span> <span class='ocrx_word' id='word_1_120' title='bbox 1342 1345 1361 1365; x_wconf 86' lang='lat' dir='ltr'>a</span> <span class='ocrx_word' id='word_1_121' title='bbox 1382 1331 1452 1366; x_wconf 85' lang='lat' dir='ltr'>sec.</span> <span class='ocrx_word' id='word_1_122' title='bbox 1479 1344 1531 1366; x_wconf 89' lang='lat' dir='ltr'>m.</span> <span class='ocrx_word' id='word_1_123' title='bbox 1556 1345 1592 1367; x_wconf 87' lang='lat' dir='ltr'>v.</span> 
     </span>
     <span class='ocr_line' id='line_1_16' title="bbox 255 1384 1597 1437; baseline 0 -14"><span class='ocrx_word' id='word_1_124' title='bbox 255 1385 306 1437; x_wconf 75' lang='lat' dir='ltr'>est</span> <span class='ocrx_word' id='word_1_125' title='bbox 330 1384 379 1435; x_wconf 76' lang='lat' dir='ltr'>est</span> <span class='ocrx_word' id='word_1_126' title='bbox 400 1401 431 1422; x_wconf 83' lang='lat' dir='ltr'>e.</span> <span class='ocrx_word' id='word_1_127' title='bbox 667 1395 703 1421; x_wconf 72' lang='lat' dir='ltr'>et</span> <span class='ocrx_word' id='word_1_128' title='bbox 729 1387 832 1421; x_wconf 78' lang='lat' dir='ltr'>levis.</span> <span class='ocrx_word' id='word_1_129' title='bbox 874 1387 937 1421; x_wconf 86' lang='lat' dir='ltr'>Sic</span> <span class='ocrx_word' id='word_1_130' title='bbox 960 1387 1094 1422; x_wconf 83' lang='lat' dir='ltr'><strong>Ambr.</strong></span> <span class='ocrx_word' id='word_1_131' title='bbox 1120 1397 1156 1422; x_wconf 87' lang='lat'>2.</span> <span class='ocrx_word' id='word_1_132' title='bbox 1187 1398 1224 1423; x_wconf 89' lang='lat' dir='ltr'>et</span> <span class='ocrx_word' id='word_1_133' title='bbox 1243 1389 1359 1423; x_wconf 83' lang='lat' dir='ltr'>Bern.</span> <span class='ocrx_word' id='word_1_134' title='bbox 1398 1387 1597 1423; x_wconf 87' lang='lat' dir='ltr'>Omittunt</span> 
     </span>
     <span class='ocr_line' id='line_1_17' title="bbox 253 1442 1598 1491; baseline 0.001 -12.012"><span class='ocrx_word' id='word_1_135' title='bbox 253 1445 351 1480; x_wconf 74' lang='lat' dir='ltr'>haec</span> <span class='ocrx_word' id='word_1_136' title='bbox 373 1444 505 1479; x_wconf 80' lang='lat' dir='ltr'>Tmic.</span> <span class='ocrx_word' id='word_1_137' title='bbox 530 1442 634 1478; x_wconf 84' lang='lat' dir='ltr'>Flor</span> <span class='ocrx_word' id='word_1_138' title='bbox 671 1444 769 1491; x_wconf 86' lang='lat' dir='ltr'>(qui</span> <span class='ocrx_word' id='word_1_139' title='bbox 789 1454 916 1478; x_wconf 81' lang='lat' dir='ltr'>tamen</span> <span class='ocrx_word' id='word_1_140' title='bbox 945 1457 964 1477; x_wconf 84' lang='lat' dir='ltr'>a</span> <span class='ocrx_word' id='word_1_141' title='bbox 986 1444 1054 1478; x_wconf 83' lang='lat' dir='ltr'>sec.</span> <span class='ocrx_word' id='word_1_142' title='bbox 1079 1457 1130 1478; x_wconf 86' lang='lat' dir='ltr'>m.</span> <span class='ocrx_word' id='word_1_143' title='bbox 1155 1455 1240 1480; x_wconf 84' lang='lat' dir='ltr'>ante</span> <span class='ocrx_word' id='word_1_144' title='bbox 1261 1452 1448 1479; x_wconf 74' lang='lat' dir='ltr'>contracta</span> <span class='ocrx_word' id='word_1_145' title='bbox 1464 1443 1598 1480; x_wconf 80' lang='lat' dir='ltr'>inserit</span> 
     </span>
     <span class='ocr_line' id='line_1_18' title="bbox 245 1492 1597 1548; baseline -0.001 -12"><span class='ocrx_word' id='word_1_146' title='bbox 245 1492 384 1537; x_wconf 33' lang='lat' dir='ltr'><strong>‘solum</strong></span> <span class='ocrx_word' id='word_1_147' title='bbox 410 1500 530 1544; x_wconf 84' lang='lat' dir='ltr'><em>lenis)</em></span> <span class='ocrx_word' id='word_1_148' title='bbox 555 1500 685 1547; x_wconf 81' lang='lat' dir='ltr'>Camp.</span> <span class='ocrx_word' id='word_1_149' title='bbox 712 1513 801 1535; x_wconf 86' lang='lat' dir='ltr'>cum</span> <span class='ocrx_word' id='word_1_150' title='bbox 819 1499 922 1534; x_wconf 88' lang='lat' dir='ltr'><strong>Alm.</strong></span> <span class='ocrx_word' id='word_1_151' title='bbox 965 1499 1080 1534; x_wconf 81' lang='lat' dir='ltr'>Plura</span> <span class='ocrx_word' id='word_1_152' title='bbox 1102 1500 1288 1536; x_wconf 80' lang='lat' dir='ltr'>deside1at</span> <span class='ocrx_word' id='word_1_153' title='bbox 1304 1499 1431 1536; x_wconf 86' lang='lat' dir='ltr'>Guelf.</span> <span class='ocrx_word' id='word_1_154' title='bbox 1454 1511 1491 1536; x_wconf 88' lang='lat' dir='ltr'>et</span> <span class='ocrx_word' id='word_1_155' title='bbox 1511 1500 1597 1548; x_wconf 86' lang='lat' dir='ltr'><strong>qui·</strong></span> 
     </span>
     <span class='ocr_line' id='line_1_19' title="bbox 257 1555 1636 1606; baseline -0.001 -14"><span class='ocrx_word' id='word_1_156' title='bbox 257 1557 346 1592; x_wconf 84' lang='lat' dir='ltr'>dem</span> <span class='ocrx_word' id='word_1_157' title='bbox 371 1556 488 1590; x_wconf 83' lang='lat' dir='ltr'>haec:</span> <span class='ocrx_word' id='word_1_158' title='bbox 520 1564 556 1590; x_wconf 76' lang='lat' dir='ltr'>et</span> <span class='ocrx_word' id='word_1_159' title='bbox 583 1556 673 1590; x_wconf 82' lang='lat' dir='ltr'><em>levis</em></span> <span class='ocrx_word' id='word_1_160' title='bbox 700 1575 756 1583; x_wconf 92' lang='lat'>—</span> <span class='ocrx_word' id='word_1_161' title='bbox 785 1566 822 1591; x_wconf 81' lang='lat' dir='ltr'>et</span> <span class='ocrx_word' id='word_1_162' title='bbox 843 1555 1040 1602; x_wconf 77' lang='lat' dir='ltr'>flexibilis.</span> <span class='ocrx_word' id='word_1_163' title='bbox 1082 1555 1244 1606; x_wconf 79' lang='lat' dir='ltr'>Reliqui</span> <span class='ocrx_word' id='word_1_164' title='bbox 1272 1566 1308 1592; x_wconf 78' lang='lat' dir='ltr'>el:</span> <span class='ocrx_word' id='word_1_165' title='bbox 1328 1558 1434 1592; x_wconf 81' lang='lat' dir='ltr'>lenis·</span> <span class='ocrx_word' id='word_1_166' title='bbox 1468 1570 1471 1572; x_wconf 92' lang='lat'>·</span> <span class='ocrx_word' id='word_1_167' title='bbox 1495 1556 1598 1593; x_wconf 87' lang='lat' dir='ltr'>Voci</span> <span class='ocrx_word' id='word_1_168' title='bbox 1632 1562 1636 1567; x_wconf 94' lang='lat'>&#39;</span> 
     </span>
     <span class='ocr_line' id='line_1_20' title="bbox 256 1610 1599 1661; baseline -0.001 -13"><span class='ocrx_word' id='word_1_169' title='bbox 256 1611 407 1660; x_wconf 83' lang='lat' dir='ltr'>asperae</span> <span class='ocrx_word' id='word_1_170' title='bbox 429 1611 699 1659; x_wconf 80' lang='lat' dir='ltr'>opponendam</span> <span class='ocrx_word' id='word_1_171' title='bbox 715 1611 811 1646; x_wconf 78' lang='lat' dir='ltr'>duxi</span> <span class='ocrx_word' id='word_1_172' title='bbox 831 1613 946 1647; x_wconf 74' lang='lat' dir='ltr'>levem</span> <span class='ocrx_word' id='word_1_173' title='bbox 961 1612 1025 1656; x_wconf 90' lang='lat' dir='ltr'><strong>(cf.</strong></span> <span class='ocrx_word' id='word_1_174' title='bbox 1046 1614 1143 1655; x_wconf 84' lang='lat'><strong>20.),</strong></span> <span class='ocrx_word' id='word_1_175' title='bbox 1167 1610 1387 1661; x_wconf 70' lang='lat' dir='ltr'>quanquam</span> <span class='ocrx_word' id='word_1_176' title='bbox 1408 1623 1445 1648; x_wconf 88' lang='lat' dir='ltr'>et</span> <span class='ocrx_word' id='word_1_177' title='bbox 1461 1613 1599 1648; x_wconf 79' lang='lat' dir='ltr'>lenitas</span> 
     </span>
     <span class='ocr_line' id='line_1_21' title="bbox 255 1666 1594 1715; baseline 0 -12"><span class='ocrx_word' id='word_1_178' title='bbox 255 1669 307 1703; x_wconf 85' lang='lat' dir='ltr'>est</span> <span class='ocrx_word' id='word_1_179' title='bbox 323 1669 365 1703; x_wconf 81' lang='lat' dir='ltr'>in</span> <span class='ocrx_word' id='word_1_180' title='bbox 389 1666 457 1701; x_wconf 79' lang='lat' dir='ltr'>illa</span> <span class='ocrx_word' id='word_1_181' title='bbox 478 1667 733 1715; x_wconf 81' lang='lat' dir='ltr'>oppofitione,</span> <span class='ocrx_word' id='word_1_182' title='bbox 764 1668 874 1702; x_wconf 84' lang='lat' dir='ltr'>velut</span> <span class='ocrx_word' id='word_1_183' title='bbox 902 1681 964 1708; x_wconf 87' lang='lat'>10,</span> <span class='ocrx_word' id='word_1_184' title='bbox 992 1678 1029 1709; x_wconf 87' lang='grc'>2,</span> <span class='ocrx_word' id='word_1_185' title='bbox 1051 1677 1115 1711; x_wconf 78' lang='grc'><strong>25.</strong></span> <span class='ocrx_word' id='word_1_186' title='bbox 1140 1669 1210 1704; x_wconf 89' lang='lat' dir='ltr'>ubi</span> <span class='ocrx_word' id='word_1_187' title='bbox 1230 1668 1302 1704; x_wconf 84' lang='lat' dir='ltr'>soli</span> <span class='ocrx_word' id='word_1_188' title='bbox 1318 1668 1416 1707; x_wconf 85' lang='lat' dir='ltr'>Jens.</span> <span class='ocrx_word' id='word_1_189' title='bbox 1430 1679 1466 1704; x_wconf 88' lang='lat' dir='ltr'>et</span> <span class='ocrx_word' id='word_1_190' title='bbox 1477 1670 1594 1704; x_wconf 81' lang='lat' dir='ltr'><strong>Tarv.</strong></span> 
     </span>
     <span class='ocr_line' id='line_1_22' title="bbox 254 1720 1598 1773; baseline 0 -13"><span class='ocrx_word' id='word_1_191' title='bbox 254 1725 292 1760; x_wconf 89' lang='lat' dir='ltr'><strong>V</strong></span> <span class='ocrx_word' id='word_1_192' title='bbox 312 1720 457 1759; x_wconf 79' lang='lat' dir='ltr'>habent</span> <span class='ocrx_word' id='word_1_193' title='bbox 477 1737 549 1771; x_wconf 78' lang='lat' dir='ltr'>pro</span> <span class='ocrx_word' id='word_1_194' title='bbox 573 1724 625 1759; x_wconf 86' lang='lat' dir='ltr'>N.</span> <span class='ocrx_word' id='word_1_195' title='bbox 651 1724 697 1758; x_wconf 86' lang='lat' dir='ltr'>ef.</span> <span class='ocrx_word' id='word_1_196' title='bbox 729 1725 909 1760; x_wconf 85' lang='lat' dir='ltr'>Ernestus</span> <span class='ocrx_word' id='word_1_197' title='bbox 929 1725 972 1759; x_wconf 82' lang='lat' dir='ltr'>in</span> <span class='ocrx_word' id='word_1_198' title='bbox 994 1724 1261 1773; x_wconf 84' lang='lat' dir='ltr'>Technologia</span> <span class='ocrx_word' id='word_1_199' title='bbox 1280 1739 1318 1760; x_wconf 87' lang='lat' dir='ltr'>v.</span> <span class='ocrx_word' id='word_1_200' title='bbox 1343 1724 1496 1769; x_wconf 82' lang='grc' dir='ltr'>λειότης,</span> <span class='ocrx_word' id='word_1_201' title='bbox 1527 1723 1598 1760; x_wconf 89' lang='lat' dir='ltr'>ubi</span> 
     </span>
     <span class='ocr_line' id='line_1_23' title="bbox 257 1778 1594 1828; baseline 0.001 -13"><span class='ocrx_word' id='word_1_202' title='bbox 257 1780 306 1815; x_wconf 75' lang='lat' dir='ltr'>est</span> <span class='ocrx_word' id='word_1_203' title='bbox 329 1779 477 1815; x_wconf 74' lang='lat' dir='ltr'>diversa</span> <span class='ocrx_word' id='word_1_204' title='bbox 499 1778 593 1814; x_wconf 78' lang='lat' dir='ltr'>huic</span> <span class='ocrx_word' id='word_1_205' title='bbox 613 1780 862 1828; x_wconf 70' lang='grc' dir='ltr'><strong>τραχυφωνὶα.</strong></span> <span class='ocrx_word' id='word_1_206' title='bbox 895 1780 1025 1815; x_wconf 80' lang='lat' dir='ltr'>Etiam</span> <span class='ocrx_word' id='word_1_207' title='bbox 1047 1781 1128 1817; x_wconf 74' lang='lat' dir='ltr'><strong>Cic.</strong></span> <span class='ocrx_word' id='word_1_208' title='bbox 1154 1782 1200 1817; x_wconf 85' lang='lat' dir='ltr'>de</span> <span class='ocrx_word' id='word_1_209' title='bbox 1220 1782 1311 1818; x_wconf 85' lang='lat' dir='ltr'>Nat.</span> <span class='ocrx_word' id='word_1_210' title='bbox 1336 1781 1442 1817; x_wconf 77' lang='lat' dir='ltr'>deor.</span> <span class='ocrx_word' id='word_1_211' title='bbox 1469 1791 1505 1822; x_wconf 86' lang='lat'>2,</span> <span class='ocrx_word' id='word_1_212' title='bbox 1528 1788 1594 1826; x_wconf 86' lang='lat'>58.</span> 
     </span>
     <span class='ocr_line' id='line_1_24' title="bbox 253 1835 909 1885; baseline -0.003 -12"><span class='ocrx_word' id='word_1_213' title='bbox 253 1838 353 1873; x_wconf 74' lang='lat' dir='ltr'><em>vocis</em></span> <span class='ocrx_word' id='word_1_214' title='bbox 375 1849 511 1884; x_wconf 76' lang='lat' dir='ltr'>genera</span> <span class='ocrx_word' id='word_1_215' title='bbox 531 1855 587 1862; x_wconf 91' lang='lat'>—</span> <span class='ocrx_word' id='word_1_216' title='bbox 611 1836 701 1876; x_wconf 77' lang='lat' dir='ltr'>leve,</span> <span class='ocrx_word' id='word_1_217' title='bbox 732 1835 909 1885; x_wconf 78' lang='lat' dir='ltr'>aspermn.</span> 
     </span>
    </p>

    <p class='ocr_par' dir='ltr' id='par_1_4' title="bbox 256 1892 1601 2047">
     <span class='ocr_line' id='line_1_25' title="bbox 349 1892 1598 1945; baseline 0.001 -17"><span class='ocrx_word' id='word_1_218' title='bbox 349 1893 411 1928; x_wconf 76' lang='lat'>16.</span> <span class='ocrx_word' id='word_1_219' title='bbox 445 1892 601 1926; x_wconf 71' lang='lat' dir='ltr'>accidat.</span> <span class='ocrx_word' id='word_1_220' title='bbox 636 1893 768 1928; x_wconf 77' lang='lat' dir='ltr'><strong>Turio.</strong></span> <span class='ocrx_word' id='word_1_221' title='bbox 801 1893 904 1928; x_wconf 83' lang='lat' dir='ltr'>Flor.</span> <span class='ocrx_word' id='word_1_222' title='bbox 936 1893 1064 1930; x_wconf 82' lang='lat' dir='ltr'>Guelf.</span> <span class='ocrx_word' id='word_1_223' title='bbox 1092 1893 1186 1938; x_wconf 85' lang='lat' dir='ltr'><strong>(hic</strong></span> <span class='ocrx_word' id='word_1_224' title='bbox 1204 1904 1242 1930; x_wconf 81' lang='lat' dir='ltr'>et</span> <span class='ocrx_word' id='word_1_225' title='bbox 1259 1894 1381 1930; x_wconf 84' lang='lat' dir='ltr'>modo</span> <span class='ocrx_word' id='word_1_226' title='bbox 1400 1894 1598 1945; x_wconf 74' lang='lat' dir='ltr'><em>quicquid)</em></span> 
     </span>
     <span class='ocr_line' id='line_1_26' title="bbox 256 1948 1596 2000; baseline 0.002 -16"><span class='ocrx_word' id='word_1_227' title='bbox 256 1950 393 1986; x_wconf 75' lang='lat' dir='ltr'>accidit</span> <span class='ocrx_word' id='word_1_228' title='bbox 415 1961 502 1983; x_wconf 86' lang='lat' dir='ltr'>cum</span> <span class='ocrx_word' id='word_1_229' title='bbox 516 1948 633 1983; x_wconf 84' lang='lat' dir='ltr'>Goth.</span> <span class='ocrx_word' id='word_1_230' title='bbox 839 1964 888 1985; x_wconf 81' lang='lat' dir='ltr'>an</span> <span class='ocrx_word' id='word_1_231' title='bbox 909 1964 1044 1988; x_wconf 79' lang='lat' dir='ltr'>eorum.</span> <span class='ocrx_word' id='word_1_232' title='bbox 1076 1950 1181 1987; x_wconf 84' lang='lat' dir='ltr'>Flor.</span> <span class='ocrx_word' id='word_1_233' title='bbox 1208 1951 1359 1986; x_wconf 79' lang='lat' dir='ltr'>omittit</span> <span class='ocrx_word' id='word_1_234' title='bbox 1380 1965 1440 1987; x_wconf 83' lang='lat' dir='ltr'>an.</span> <span class='ocrx_word' id='word_1_235' title='bbox 1462 1952 1596 2000; x_wconf 76' lang='lat' dir='ltr'>Camp-</span> 
     </span>
     <span class='ocr_line' id='line_1_27' title="bbox 256 2004 1601 2047; baseline 0.001 -5"><span class='ocrx_word' id='word_1_236' title='bbox 256 2021 300 2042; x_wconf 74' lang='grc' dir='ltr'>ας</span> <span class='ocrx_word' id='word_1_237' title='bbox 320 2019 456 2041; x_wconf 78' lang='lat' dir='ltr'>eorum.</span> <span class='ocrx_word' id='word_1_238' title='bbox 480 2004 609 2041; x_wconf 76' lang='lat' dir='ltr'>Guelf.</span> <span class='ocrx_word' id='word_1_239' title='bbox 634 2005 755 2042; x_wconf 87' lang='lat' dir='ltr'>modo</span> <span class='ocrx_word' id='word_1_240' title='bbox 779 2020 875 2042; x_wconf 81' lang='lat' dir='ltr'><strong><em>cura.</em></strong></span> <span class='ocrx_word' id='word_1_241' title='bbox 1080 2018 1199 2047; x_wconf 83' lang='lat' dir='ltr'>meat;</span> <span class='ocrx_word' id='word_1_242' title='bbox 1230 2022 1291 2044; x_wconf 84' lang='lat' dir='ltr'>an.</span> <span class='ocrx_word' id='word_1_243' title='bbox 1326 2007 1452 2043; x_wconf 85' lang='lat' dir='ltr'>Guelf.</span> <span class='ocrx_word' id='word_1_244' title='bbox 1477 2009 1601 2044; x_wconf 80' lang='lat' dir='ltr'>media</span> 
     </span>
    </p>
   </div>
   <div class='ocr_carea' id='block_1_4' title="bbox 253 2129 1606 2747">
    <p class='ocr_par' dir='ltr' id='par_1_5' title="bbox 253 2129 1606 2625">
     <span class='ocr_line' id='line_1_28' title="bbox 316 2129 1601 2179; baseline 0.002 -16"><span class='ocrx_word' id='word_1_245' title='bbox 316 2129 488 2164; x_wconf 73' lang='lat' dir='ltr'><strong><em>candida.</em></strong></span> <span class='ocrx_word' id='word_1_246' title='bbox 531 2130 621 2165; x_wconf 87' lang='lat' dir='ltr'>Hoc</span> <span class='ocrx_word' id='word_1_247' title='bbox 668 2129 714 2164; x_wconf 79' lang='lat' dir='ltr'>ad</span> <span class='ocrx_word' id='word_1_248' title='bbox 760 2143 900 2166; x_wconf 80' lang='lat' dir='ltr'>vocem</span> <span class='ocrx_word' id='word_1_249' title='bbox 957 2142 1118 2179; x_wconf 78' lang='lat' dir='ltr'>„garum</span> <span class='ocrx_word' id='word_1_250' title='bbox 1139 2130 1208 2167; x_wconf 76' lang='lat' dir='ltr'>ille</span> <span class='ocrx_word' id='word_1_251' title='bbox 1237 2130 1396 2179; x_wconf 85' lang='lat' dir='ltr'>quidem</span> <span class='ocrx_word' id='word_1_252' title='bbox 1427 2143 1601 2167; x_wconf 84' lang='lat' dir='ltr'>errorem</span> 
     </span>
     <span class='ocr_line' id='line_1_29' title="bbox 255 2181 1599 2231; baseline 0.001 -10"><span class='ocrx_word' id='word_1_253' title='bbox 255 2186 484 2221; x_wconf 74' lang='lat' dir='ltr'>translatum</span> <span class='ocrx_word' id='word_1_254' title='bbox 512 2185 755 2221; x_wconf 80' lang='lat' dir='ltr'>vocabulum</span> <span class='ocrx_word' id='word_1_255' title='bbox 774 2187 819 2222; x_wconf 83' lang='lat' dir='ltr'>de</span> <span class='ocrx_word' id='word_1_256' title='bbox 841 2181 911 2223; x_wconf 63' lang='lat' dir='ltr'><strong>ixx-⁹</strong></span> <span class='ocrx_word' id='word_1_257' title='bbox 958 2189 1148 2230; x_wconf 87' lang='lat' dir='ltr'>„secutus,</span> <span class='ocrx_word' id='word_1_258' title='bbox 1163 2187 1300 2223; x_wconf 81' lang='lat' dir='ltr'>Cicero</span> <span class='ocrx_word' id='word_1_259' title='bbox 1315 2187 1361 2222; x_wconf 81' lang='lat' dir='ltr'>de</span> <span class='ocrx_word' id='word_1_260' title='bbox 1373 2188 1462 2231; x_wconf 82' lang='lat' dir='ltr'>Nat.</span> <span class='ocrx_word' id='word_1_261' title='bbox 1475 2188 1599 2224; x_wconf 81' lang='lat' dir='ltr'>Deor.</span> 
     </span>
     <span class='ocr_line' id='line_1_30' title="bbox 256 2243 1600 2294; baseline 0.001 -17"><span class='ocrx_word' id='word_1_262' title='bbox 256 2243 398 2277; x_wconf 77' lang='lat' dir='ltr'>dustria</span> <span class='ocrx_word' id='word_1_263' title='bbox 430 2252 564 2277; x_wconf 76' lang='lat' dir='ltr'>tractat</span> <span class='ocrx_word' id='word_1_264' title='bbox 592 2243 819 2278; x_wconf 76' lang='lat' dir='ltr'>Demetrius</span> <span class='ocrx_word' id='word_1_265' title='bbox 856 2245 902 2280; x_wconf 84' lang='lat' dir='ltr'>de</span> <span class='ocrx_word' id='word_1_266' title='bbox 958 2251 1105 2287; x_wconf 83' lang='grc'><strong>,,2,55.</strong></span> <span class='ocrx_word' id='word_1_267' title='bbox 1138 2243 1387 2294; x_wconf 64' lang='lat' dir='ltr'>Quaespiritu</span> <span class='ocrx_word' id='word_1_268' title='bbox 1407 2244 1600 2290; x_wconf 84' lang='lat' dir='ltr'><em>inpulmo·</em></span> 
     </span>
     <span class='ocr_line' id='line_1_31' title="bbox 256 2296 1602 2349; baseline 0.001 -17"><span class='ocrx_word' id='word_1_269' title='bbox 256 2300 353 2333; x_wconf 79' lang='lat' dir='ltr'>eloe.</span> <span class='ocrx_word' id='word_1_270' title='bbox 376 2300 408 2344; x_wconf 81' lang='lat'>§</span> <span class='ocrx_word' id='word_1_271' title='bbox 422 2296 486 2342; x_wconf 83' lang='lat'>86.</span> <span class='ocrx_word' id='word_1_272' title='bbox 520 2297 620 2337; x_wconf 86' lang='lat' dir='ltr'>Vide</span> <span class='ocrx_word' id='word_1_273' title='bbox 640 2309 676 2332; x_wconf 86' lang='lat' dir='ltr'>et</span> <span class='ocrx_word' id='word_1_274' title='bbox 697 2300 840 2334; x_wconf 68' lang='lat' dir='ltr'>Ernest.</span> <span class='ocrx_word' id='word_1_275' title='bbox 861 2302 904 2335; x_wconf 86' lang='lat' dir='ltr'>in</span> <span class='ocrx_word' id='word_1_276' title='bbox 960 2313 1051 2341; x_wconf 83' lang='lat' dir='ltr'>„nes</span> <span class='ocrx_word' id='word_1_277' title='bbox 1072 2303 1198 2335; x_wconf 81' lang='lat' dir='ltr'><em>anima</em></span> <span class='ocrx_word' id='word_1_278' title='bbox 1214 2301 1368 2341; x_wconf 77' lang='lat' dir='ltr'>ducitur,</span> <span class='ocrx_word' id='word_1_279' title='bbox 1382 2313 1426 2336; x_wconf 73' lang='lat' dir='ltr'>ex</span> <span class='ocrx_word' id='word_1_280' title='bbox 1447 2313 1492 2334; x_wconf 81' lang='lat' dir='ltr'>ea</span> <span class='ocrx_word' id='word_1_281' title='bbox 1512 2311 1602 2349; x_wconf 80' lang='lat' dir='ltr'><em>pars</em></span> 
     </span>
     <span class='ocr_line' id='line_1_32' title="bbox 255 2352 1606 2405; baseline 0.003 -16"><span class='ocrx_word' id='word_1_282' title='bbox 255 2353 446 2389; x_wconf 83' lang='lat' dir='ltr'>Technol.</span> <span class='ocrx_word' id='word_1_283' title='bbox 466 2355 532 2392; x_wconf 88' lang='lat' dir='ltr'>Gr.</span> <span class='ocrx_word' id='word_1_284' title='bbox 553 2355 596 2389; x_wconf 86' lang='lat' dir='ltr'>in</span> <span class='ocrx_word' id='word_1_285' title='bbox 615 2368 654 2390; x_wconf 83' lang='lat' dir='ltr'>v.</span> <span class='ocrx_word' id='word_1_286' title='bbox 676 2354 810 2395; x_wconf 67' lang='grc' dir='ltr'><strong>λευκὸς.</strong></span> <span class='ocrx_word' id='word_1_287' title='bbox 839 2357 902 2390; x_wconf 82' lang='lat' dir='ltr'>De</span> <span class='ocrx_word' id='word_1_288' title='bbox 959 2357 1152 2397; x_wconf 70' lang='lat' dir='ltr'>„redditur</span> <span class='ocrx_word' id='word_1_289' title='bbox 1173 2356 1399 2405; x_wconf 76' lang='lat' dir='ltr'>respirando,</span> <span class='ocrx_word' id='word_1_290' title='bbox 1411 2369 1498 2405; x_wconf 87' lang='lat' dir='ltr'><em>pars</em></span> <span class='ocrx_word' id='word_1_291' title='bbox 1516 2352 1606 2393; x_wconf 33' lang='lat' dir='ltr'><strong><em>con·-</em></strong></span> 
     </span>
     <span class='ocr_line' id='line_1_33' title="bbox 255 2410 1600 2462; baseline 0.002 -17"><span class='ocrx_word' id='word_1_292' title='bbox 255 2410 330 2446; x_wconf 78' lang='lat' dir='ltr'>levi</span> <span class='ocrx_word' id='word_1_293' title='bbox 357 2423 446 2445; x_wconf 74' lang='lat' dir='ltr'>voce</span> <span class='ocrx_word' id='word_1_294' title='bbox 466 2412 518 2457; x_wconf 64' lang='lat' dir='ltr'>pf.</span> <span class='ocrx_word' id='word_1_295' title='bbox 552 2421 637 2445; x_wconf 83' lang='lat' dir='ltr'>not.</span> <span class='ocrx_word' id='word_1_296' title='bbox 668 2411 754 2445; x_wconf 81' lang='lat' dir='ltr'>crit.</span> <span class='ocrx_word' id='word_1_297' title='bbox 806 2411 902 2460; x_wconf 85' lang='lat' dir='ltr'><em>Fusa</em></span> <span class='ocrx_word' id='word_1_298' title='bbox 960 2414 1123 2462; x_wconf 79' lang='lat' dir='ltr'>„cipitur</span> <span class='ocrx_word' id='word_1_299' title='bbox 1156 2414 1278 2448; x_wconf 77' lang='lat' dir='ltr'><strong><em>cordis</em></strong></span> <span class='ocrx_word' id='word_1_300' title='bbox 1304 2422 1412 2461; x_wconf 77' lang='lat' dir='ltr'>parte</span> <span class='ocrx_word' id='word_1_301' title='bbox 1441 2412 1600 2462; x_wconf 83' lang='lat' dir='ltr'><em>quadam</em></span> 
     </span>
     <span class='ocr_line' id='line_1_34' title="bbox 253 2465 1317 2515; baseline 0.002 -14"><span class='ocrx_word' id='word_1_302' title='bbox 253 2465 366 2501; x_wconf 80' lang='lat' dir='ltr'>facile</span> <span class='ocrx_word' id='word_1_303' title='bbox 398 2478 555 2515; x_wconf 80' lang='lat' dir='ltr'>apparet</span> <span class='ocrx_word' id='word_1_304' title='bbox 585 2468 785 2515; x_wconf 86' lang='lat' dir='ltr'>quomodo</span> <span class='ocrx_word' id='word_1_305' title='bbox 816 2481 900 2502; x_wconf 84' lang='lat' dir='ltr'><em>con·</em></span> <span class='ocrx_word' id='word_1_306' title='bbox 955 2475 1086 2508; x_wconf 85' lang='lat' dir='ltr'>,‚etc.“</span> <span class='ocrx_word' id='word_1_307' title='bbox 1117 2470 1317 2505; x_wconf 76' lang='lat' dir='ltr'>Gesnerus.</span> 
     </span>
     <span class='ocr_line' id='line_1_35' title="bbox 256 2523 1599 2576; baseline 0.003 -20"><span class='ocrx_word' id='word_1_308' title='bbox 256 2530 394 2557; x_wconf 80' lang='lat' dir='ltr'>tractae</span> <span class='ocrx_word' id='word_1_309' title='bbox 425 2523 670 2572; x_wconf 78' lang='lat' dir='ltr'>respondeat,</span> <span class='ocrx_word' id='word_1_310' title='bbox 715 2524 744 2558; x_wconf 78' lang='lat' dir='ltr'>fi</span> <span class='ocrx_word' id='word_1_311' title='bbox 763 2525 899 2559; x_wconf 83' lang='lat' dir='ltr'>memi-</span> <span class='ocrx_word' id='word_1_312' title='bbox 1010 2540 1077 2574; x_wconf 79' lang='lat' dir='ltr'>per</span> <span class='ocrx_word' id='word_1_313' title='bbox 1097 2540 1188 2576; x_wconf 81' lang='lat' dir='ltr'>quae</span> <span class='ocrx_word' id='word_1_314' title='bbox 1207 2525 1311 2561; x_wconf 78' lang='lat' dir='ltr'>velut</span> <span class='ocrx_word' id='word_1_315' title='bbox 1325 2537 1467 2573; x_wconf 83' lang='lat' dir='ltr'><strong><em>organa</em></strong></span> <span class='ocrx_word' id='word_1_316' title='bbox 1488 2532 1599 2560; x_wconf 76' lang='lat' dir='ltr'>meat.</span> 
     </span>
     <span class='ocr_line' id='line_1_36' title="bbox 254 2578 1210 2625; baseline 0.007 -14"><span class='ocrx_word' id='word_1_317' title='bbox 254 2578 357 2613; x_wconf 78' lang='lat' dir='ltr'>neris</span> <span class='ocrx_word' id='word_1_318' title='bbox 370 2579 477 2614; x_wconf 84' lang='lat' dir='ltr'>usum</span> <span class='ocrx_word' id='word_1_319' title='bbox 493 2579 682 2625; x_wconf 78' lang='lat' dir='ltr'>fundendi</span> <span class='ocrx_word' id='word_1_320' title='bbox 702 2593 762 2620; x_wconf 86' lang='lat'>10,</span> <span class='ocrx_word' id='word_1_321' title='bbox 777 2587 813 2622; x_wconf 83' lang='lat'>5,</span> <span class='ocrx_word' id='word_1_322' title='bbox 831 2594 845 2615; x_wconf 83' lang='grc' dir='ltr'><strong>ι</strong></span> <span class='ocrx_word' id='word_1_323' title='bbox 860 2594 894 2615; x_wconf 86' lang='lat'>1.</span> <span class='ocrx_word' id='word_1_324' title='bbox 955 2581 1004 2620; x_wconf 82' lang='lat' dir='ltr'>cf,</span> <span class='ocrx_word' id='word_1_325' title='bbox 1035 2595 1067 2623; x_wconf 86' lang='lat'>1,</span> <span class='ocrx_word' id='word_1_326' title='bbox 1086 2593 1120 2622; x_wconf 83' lang='grc'>2,</span> <span class='ocrx_word' id='word_1_327' title='bbox 1145 2592 1210 2625; x_wconf 83' lang='grc' dir='ltr'><strong>5ο.</strong></span> 
     </span>
    </p>

    <p class='ocr_par' dir='ltr' id='par_1_6' title="bbox 255 2635 1600 2747">
     <span class='ocr_line' id='line_1_37' title="bbox 313 2635 1599 2686; baseline 0.005 -19"><span class='ocrx_word' id='word_1_328' title='bbox 313 2635 375 2668; x_wconf 82' lang='lat'>16.</span> <span class='ocrx_word' id='word_1_329' title='bbox 404 2637 441 2668; x_wconf 86' lang='lat' dir='ltr'>in</span> <span class='ocrx_word' id='word_1_330' title='bbox 463 2635 592 2684; x_wconf 78' lang='lat' dir='ltr'><em>quibus</em></span> <span class='ocrx_word' id='word_1_331' title='bbox 614 2649 705 2673; x_wconf 75' lang='lat' dir='ltr'><em>aura</em></span> <span class='ocrx_word' id='word_1_332' title='bbox 731 2636 797 2670; x_wconf 87' lang='lat' dir='ltr'><em>illa</em></span> <span class='ocrx_word' id='word_1_333' title='bbox 812 2649 896 2671; x_wconf 81' lang='lat' dir='ltr'><em>con·</em></span> <span class='ocrx_word' id='word_1_334' title='bbox 1012 2653 1058 2674; x_wconf 76' lang='lat' dir='ltr'>cm</span> <span class='ocrx_word' id='word_1_335' title='bbox 1075 2638 1145 2686; x_wconf 69' lang='lat' dir='ltr'><em>ipsi</em></span> <span class='ocrx_word' id='word_1_336' title='bbox 1162 2640 1313 2685; x_wconf 79' lang='lat' dir='ltr'><strong><em>propria</em></strong></span> <span class='ocrx_word' id='word_1_337' title='bbox 1329 2645 1472 2673; x_wconf 80' lang='lat' dir='ltr'>natura.</span> <span class='ocrx_word' id='word_1_338' title='bbox 1502 2636 1599 2673; x_wconf 82' lang='lat' dir='ltr'>Non</span> 
     </span>
     <span class='ocr_line' id='line_1_38' title="bbox 255 2687 1600 2747; baseline 0.005 -24"><span class='ocrx_word' id='word_1_339' title='bbox 255 2688 397 2736; x_wconf 79' lang='lat' dir='ltr'>cipitur.</span> <span class='ocrx_word' id='word_1_340' title='bbox 436 2717 462 2732; x_wconf 83' lang='lat'>‚,</span> <span class='ocrx_word' id='word_1_341' title='bbox 476 2692 542 2726; x_wconf 74' lang='lat' dir='ltr'>De</span> <span class='ocrx_word' id='word_1_342' title='bbox 562 2691 692 2726; x_wconf 81' lang='lat' dir='ltr'>eadem</span> <span class='ocrx_word' id='word_1_343' title='bbox 715 2705 778 2734; x_wconf 83' lang='lat' dir='ltr'>re,</span> <span class='ocrx_word' id='word_1_344' title='bbox 811 2691 897 2729; x_wconf 84' lang='lat' dir='ltr'><strong>vul·</strong></span> <span class='ocrx_word' id='word_1_345' title='bbox 954 2693 1106 2736; x_wconf 80' lang='lat' dir='ltr'>dubito,</span> <span class='ocrx_word' id='word_1_346' title='bbox 1123 2687 1226 2747; x_wconf 45' lang='lat' dir='ltr'>&amp;quin⁴</span> <span class='ocrx_word' id='word_1_347' title='bbox 1239 2693 1541 2743; x_wconf 81' lang='lat' dir='ltr'>expungendum</span> <span class='ocrx_word' id='word_1_348' title='bbox 1550 2693 1600 2730; x_wconf 75' lang='lat' dir='ltr'>[it</span> 
     </span>
    </p>
   </div>
  </div>
 </body>
</html>
