1779 3062
378 109 543 154 INST.
581 107 862 154 ORATOR.
899 112 1020 158 LIB.
1058 113 1130 169 X,
1169 124 1214 167 5.
1385 124 1480 169 157

117 248 354 294 oratore,
433 234 759 302 affignand0‚
830 235 1097 297 judicium
1153 236 1312 287 suum
1356 255 1482 288 cum

116 316 265 363 illius
287 316 597 363 auctoritate
623 314 914 373 conjunxit.
975 315 1330 365 Scribendum
1351 333 1477 383 ergo

48 431 56 437 „
117 408 278 455 quam
332 390 747 457 diligentiffime‚
827 401 879 438 et
948 409 1110 455 quam
1160 395 1481 457 plurimum.

26 479 104 519 950
116 471 255 517 Nam
279 480 338 518 ut
362 480 498 517 terra
523 469 680 517 altius
702 464 877 516 effoffa
906 469 1221 533 generandis
1255 472 1483 522 alendis-

117 540 223 613 que
270 545 563 595 seminibus
612 544 901 595 fecundior
947 544 1040 594 fit:
1101 546 1168 594 fic
1209 548 1484 611 profectus

116 642 231 673 non
272 643 300 672 a
335 623 545 673 summo
578 625 800 689 petitus,
859 622 1164 672 studiorum
1197 622 1402 676 fructus
1431 639 1484 676 et
1538 662 1541 674 .

116 700 298 750 fundit
328 703 575 760 uberius,
641 712 692 749 et
734 699 948 750 fidelius
992 702 1242 750 continet.
1323 707 1485 764 Nam,

116 776 225 827 fine
246 779 344 827 hac
371 779 593 845 quidem
627 777 959 836 conscientia,
1000 777 1110 845 ipsa
1133 780 1225 826 illa
1255 797 1318 828 ex
1348 792 1484 831 tem-

118 947 138 968 a
159 933 226 969 sec.
250 947 302 969 m.
333 933 350 974 Ῐ
373 931 540 983 Craffus,
575 943 612 968 et
634 934 681 967 fic
705 933 864 982 Camp.;
896 932 960 969 dat
994 932 1099 968 enim
1130 934 1190 970 vel
1213 932 1381 983 Craffus,
1413 935 1482 982 (cf.

120 990 158 1032 6,
189 1004 223 1032 1,
250 990 347 1039 αα).
1037 1036 1039 1039 ¹

208 1070 246 1095 2.
294 1060 417 1094 altius.
457 1058 562 1095 Flor.
604 1060 642 1104 (a
666 1073 724 1108 pr.
749 1060 820 1101 m.)
873 1059 1002 1093 altum.
1048 1057 1177 1093 Guelf.
1219 1058 1317 1099 alte,
1370 1071 1407 1095 et
1437 1062 1487 1096 fic

121 1117 246 1152 Stoer.
291 1117 456 1153 Chouet.
503 1117 615 1151 Leid.
659 1116 846 1152 Nostrum
885 1126 921 1150 et
947 1115 1061 1151 Bodl.
1104 1127 1140 1150 et
1170 1117 1217 1151 fic
1253 1116 1486 1153 Gebhardus

124 1174 285 1221 (Crepp.
309 1183 346 1217 5,
381 1181 417 1217 8.
448 1187 487 1221 p.
519 1174 630 1217 125.)
660 1172 739 1222 legi
760 1173 872 1218 jubet
893 1186 911 1207 e
932 1172 1049 1208 Palat.
1071 1173 1151 1214 suo,
1187 1173 1247 1208 uti
1269 1174 1440 1210 videtur.

208 1231 442 1276 generandis.
488 1230 620 1278 Camp.
665 1230 931 1277 germinandis.
1186 1229 1388 1278 fecundior
1414 1231 1484 1279 fit.

125 1285 189 1320 Sic
215 1287 348 1321 Turio.
385 1290 421 1328 (a
445 1287 511 1321 sec.
532 1290 605 1328 m.)
639 1287 770 1334 Camp.
808 1300 896 1321 cum
919 1285 1007 1320 Ald.
1030 1286 1123 1322 Bad.
1157 1285 1267 1321 Bafil.
1297 1291 1328 1322 A
1348 1301 1406 1336 pr.
1432 1303 1486 1324 m.

123 1340 192 1377 ille
228 1343 374 1378 omittit
399 1342 478 1390 fit,
513 1354 548 1378 et
578 1344 624 1377 fic
654 1342 758 1378 Flor.
789 1342 916 1378 Guelf.
949 1343 1068 1378 Goth.
1107 1345 1204 1381 Jens.
1240 1342 1332 1389 (tac.
1358 1346 1489 1392 Gesn.)

124 1411 213 1434 eum
236 1400 340 1435 Voff.
366 1411 401 1435 2.
427 1409 464 1443 5.
496 1410 532 1434 ct
554 1400 638 1435 edd.
662 1410 748 1434 ante
770 1398 856 1434 Ald.
879 1412 954 1434 ace.
979 1398 1076 1435 Obr.
1099 1400 1262 1448 Reliqui
1276 1401 1311 1449 f.
1336 1400 1398 1449 est.
1513 1412 1516 1414 ’

200 1455 257 1507 fic
278 1455 476 1504 profectus.
511 1458 643 1491 Turic.
669 1455 702 1504 fi
720 1471 758 1503 p.
782 1470 800 1489 a
823 1456 892 1491 sec.
917 1468 969 1490 m.
984 1454 1022 1505 fi
1042 1456 1228 1504 profecto.
1251 1460 1359 1494 Rufe.
1374 1458 1429 1507 sic
1449 1476 1488 1510 p.

209 1512 412 1562 asummo.
455 1513 590 1548 ΤΗΙ-10.
630 1511 784 1562 aſj'umo.

183 1656 220 1683 2.
252 1645 444 1696 profectus
479 1661 555 1683 non
586 1662 609 1684 a
630 1646 778 1697 summo

123 1706 274 1754 petitus.
309 1704 356 1739 cf.
388 1718 421 1747 1,
454 1715 490 1749 5,
527 1712 562 1748 5.

186 1762 254 1797 hac
279 1781 332 1787 —
364 1762 600 1811 conscientia.
661 1763 781 1799 Nihil

128 1817 236 1853 aliud
259 1818 309 1852 est
330 1819 416 1853 haec
438 1818 553 1867 conse.
583 1821 654 1854 nifi
675 1821 781 1865 hujus

127 1877 181 1910 rei
201 1873 317 1922 conse.
366 1876 429 1910 Est
449 1887 577 1911 autem
601 1877 694 1912 haec
718 1890 779 1912 res

130 1930 309 1980 insumtus
350 1934 387 1966 in
423 1931 621 1981 scribendo
662 1933 782 1969 labor.

130 1990 169 2023 Is
193 1988 363 2030 demum,
390 1990 458 2037 qui
481 1990 595 2024 etiam
623 1991 716 2026 dum
738 2004 786 2025 ex

133 2055 312 2094 tempore
362 2046 472 2086 dicit,
514 2060 670 2083 memor
713 2048 785 2082 effe

131 2102 254 2151 potest
284 2101 551 2150 plurimorum
584 2119 602 2140 a
624 2106 657 2140 se
678 2118 786 2140 exer-

133 2159 222 2193 citii
251 2159 356 2194 causa
389 2159 646 2208 scriptorum,
709 2162 785 2196 fine

132 2215 413 2251 inverecundia
487 2229 553 2253 aut
626 2219 787 2254 levitate

132 2272 314 2321 prodibit
335 2273 381 2308 ad
405 2274 607 2311 or'andum.
626 2275 789 2323 Reliqui

78 2359 81 2362 ,
136 2329 486 2377 extemporalitatis
517 2331 683 2380 gloriam
716 2345 787 2381 pu-

137 2384 245 2420 doris
295 2396 444 2421 tantum
495 2399 533 2424 et
575 2389 788 2426 severitatis

135 2441 283 2488 jactura
313 2444 527 2491 acquirent.
588 2447 694 2482 Huic
715 2458 788 2494 ego

136 2498 344 2534 sententiae
367 2501 463 2548 quid
490 2502 597 2544 desit,
629 2516 709 2538 non
730 2503 790 2537 vi·-

140 2555 213 2590 deo
228 2568 238 2596 ;
255 2569 372 2604 quare
398 2558 669 2607 conscientiam,
685 2560 790 2599 hinc,

138 2622 185 2646 ut
215 2623 345 2660 putat,
372 2613 549 2656 alienam,
583 2630 681 2652 voce
706 2630 791 2651 con-

129 2665 278 2716 stantia
326 2682 541 2709 mutantem
579 2674 791 2710 Gesnerum

1022 1521 1059 1547 et
1080 1511 1227 1560 fundit.
1260 1516 1324 1551 Sic
1353 1516 1491 1569 Camp.

839 1661 1089 1696 nequaquam
1143 1648 1292 1696 sequor.
1351 1652 1493 1690 Nostra

837 1706 939 1740 ratio
973 1706 1022 1740 est
1051 1705 1206 1740 Rollini
1250 1718 1288 1742 et
1332 1710 1494 1747 videtur

837 1762 948 1797 fuiffe
980 1776 1137 1803 eorum,
1170 1764 1240 1809 qui
1269 1764 1365 1801 huic
1401 1768 1492 1803 loco

838 1818 933 1854 haec
992 1820 1331 1867 interpretationis
1387 1825 1495 1861 causa

839 1875 1130 1912 adhibuerunt:
1193 1875 1264 1925 nisi
1308 1880 1376 1915 tibi
1409 1895 1496 1917 con-

835 1930 936 1980 scius
960 1932 1014 1982 sis
1046 1934 1207 1972 laboris,
1271 1936 1427 1985 Stigelii
1459 1949 1497 1974 et

841 1989 1093 2026 Landsidelii.
1196 1991 1304 2026 Idem
1384 1995 1497 2030 sensit

845 2046 1085 2094 Gedoynus,
1148 2048 1202 2083 ita
1229 2049 1394 2087 reddens
1428 2051 1498 2086 ille

843 2103 992 2144 nostra,
1046 2118 1268 2153 quanquam
1299 2108 1418 2144 nimis
1452 2108 1500 2143 ad

843 2160 1043 2196 novitium
1078 2163 1188 2198 vocis
1214 2162 1497 2211 significatum:

844 2217 903 2258 „si
941 2229 1054 2254 notre
1092 2233 1237 2268 propre
1278 2223 1502 2258 conscience

845 2288 922 2316 „ne
965 2288 1066 2311 nous
1118 2277 1271 2325 repond
1320 2278 1367 2314 de
1403 2291 1502 2316 cette

846 2333 1146 2380 ‚,precaution.“
1178 2335 1351 2370 Faculcas
1370 2348 1503 2372 autem

846 2388 913 2424 vel
948 2388 1014 2424 hic
1038 2390 1245 2426 commode
1279 2393 1429 2430 cefferit
1450 2394 1503 2429 al-

849 2446 924 2481 teri
940 2446 1033 2480 voci
1053 2445 1232 2494 facilitas,
1247 2449 1366 2492 cf.1o,
1386 2465 1420 2490 1,
1437 2457 1502 2496 [44.

851 2503 1074 2549 cujusmodi
1102 2505 1188 2539 usus
1214 2505 1264 2539 est
1285 2515 1329 2547 2,
1365 2513 1401 2551 4,
1439 2519 1504 2553 ι7.

852 2566 888 2603 4,
928 2575 962 2600 1,
999 2565 1062 2603 54.
1096 2561 1188 2595 vide
1223 2573 1259 2597 et
1296 2569 1331 2608 4,
1369 2579 1403 2605 1,
1438 2565 1504 2602 61.

848 2616 1036 2652 Nostrum
1087 2617 1247 2665 quidem
1305 2621 1372 2657 hic
1410 2622 1507 2658 libri

849 2683 1023 2712 tuentur.
1079 2675 1144 2710 Sic
1175 2685 1212 2712 et
1239 2679 1372 2725 §.100
1404 2679 1507 2728 faci-
