1820 3062
418 170 582 214 INsT.
627 158 904 217 onATmzss
950 168 1071 216 Lm.
1111 169 1183 224 x,
1223 180 1267 212 1.
1476 176 1536 221 37

187 295 337 362 sequi
369 297 581 352 volunt,
612 294 702 343 alii
738 292 897 359 pressa
917 294 1135 344 demum
1159 305 1211 343 et
1243 293 1448 350 tenuia,
1487 302 1538 340 et

189 391 322 439 quae
362 374 649 435 minimum
684 372 746 418 ab
782 371 881 420 usu.
916 371 1229 436 quotidiano
1274 369 1536 427 recedant,

187 452 307 500 sana
341 462 392 499 et
422 466 546 498 vere
583 449 747 496 Attica
779 459 994 513 putant:
1054 448 1315 510 quosdam
1350 447 1536 496 elatior

187 530 392 594 ingenii
418 529 521 584 vis,
561 536 611 573 et
637 526 799 590 magis
824 527 1104 582 concitata,
1140 535 1191 572 et
1209 526 1299 572 alti
1321 523 1537 589 spiritus

188 607 343 672 plena
379 605 540 669 capit:
596 601 719 651 sunt
754 604 909 650 etiam
943 602 1101 658 leuis,
1163 611 1213 649 et
1245 601 1431 659 nitidi,
1485 611 1539 649 et

189 680 468 750 compositi
516 680 721 745 generis
764 696 875 729 non
907 679 1063 744 pauci
1096 688 1365 726 amatores.
1455 679 1539 727 De

188 777 292 824 qua
326 755 623 806 differentia
657 754 895 804 differam
932 755 1271 820 diligentius,
1310 771 1433 802 cum
1472 754 1540 803 de

189 852 381 901 genere
438 833 652 882 dicendi
706 831 1071 897 quaerendum
1121 833 1232 880 erit.
1321 832 1541 880 Interim

188 912 516 969 summatim,
575 910 710 976 quid
759 921 810 959 et
854 926 882 957 a
929 927 1034 975 qua
1083 909 1311 957 lectione
1361 917 1541 973 petere

183 1044 274 1095 sunt
301 1058 390 1080 cum
410 1044 577 1079 maxima
598 1043 681 1093 post
703 1045 833 1079 volunt
851 1041 1166 1092 i11t¹erpunctione
1180 1067 1189 1081 ,
1223 1041 1268 1076 de
1289 1042 1390 1088 conj.
1412 1041 1541 1089 Regii.

189 1102 377 1139 Nostrum
409 1112 446 1136 et
470 1101 595 1149 ipsum
627 1115 644 1135 e
680 1102 900 1147 conjectura
930 1099 1004 1144 (cf.
1030 1106 1074 1141 5,
1104 1111 1172 1139 10,
1198 1110 1260 1145 91.
1292 1109 1374 1134 not.
1399 1097 1482 1133 crit.
1504 1108 1543 1133 et

195 1171 267 1199 ιο,
292 1168 337 1201 7,
361 1167 395 1201 4.
456 1158 519 1192 Sic
546 1168 583 1192 et
607 1173 623 1192 1
641 1172 670 1197 ι,
693 1169 726 1197 2,
750 1164 816 1203 4¹·
851 1155 979 1192 Guelf.
995 1153 1254 1202 jurisconsulto
1267 1155 1297 1201 ).
1355 1154 1542 1190 Eximen-

191 1214 264 1250 dus
295 1214 418 1262 igitur
445 1213 512 1248 hic
546 1213 654 1249 Ioniis
681 1227 845 1249 numero
878 1227 994 1261 quem
1022 1211 1134 1260 posui
1153 1211 1199 1245 ad
1224 1221 1260 1254 4,
1286 1220 1323 1254 5,
1353 1212 1412 1246 ι6.
1445 1209 1543 1246 item

192 1269 289 1305 alter
316 1285 330 1304 1
346 1285 361 1304 1
379 1297 388 1312 ,
418 1284 449 1311 1,
478 1277 541 1313 82.
688 1272 823 1310 tenuia,
848 1279 883 1305 et
902 1282 994 1317 quae
1017 1270 1102 1304 min.
1163 1268 1294 1302 Turio.
1316 1267 1419 1302 Flor.
1443 1267 1544 1302 tenui

193 1336 306 1375 acque
333 1341 380 1361 m.
440 1325 511 1360 Ille
539 1339 558 1360 a
589 1327 656 1361 sec.
690 1339 741 1360 m.
774 1328 898 1361 tenuia
934 1334 1043 1373 atque
1072 1338 1164 1372 quae
1197 1337 1242 1357 m.
1286 1334 1323 1358 et
1346 1325 1394 1358 fic
1413 1322 1543 1358 Guelf.

195 1385 330 1431 Camp.
362 1382 481 1419 Goth.
513 1383 612 1420 Jens.
643 1384 741 1427 (tac.
776 1383 914 1425 Gesn-)
947 1395 1035 1416 cum
1066 1380 1171 1416 Vols.
1205 1388 1241 1414 2.
1274 1390 1310 1414 et
1342 1379 1425 1415 edd.
1456 1389 1541 1414 ante

193 1439 303 1476 Bam.
480 1439 550 1474 alti
570 1437 726 1487 spiritus
749 1439 872 1485 plena.
935 1437 1067 1472 Turio.
1089 1436 1165 1471 alia
1176 1435 1324 1487 sputius
1342 1450 1378 1483 p.
1435 1435 1542 1471 Flor.

194 1495 470 1544 aliosspurtius
488 1508 538 1541 p.,
561 1508 579 1528 a
604 1496 669 1529 sec.
693 1508 744 1529 m.
768 1494 834 1529 ille
865 1495 961 1529 alias
973 1491 1162 1541 spurcitiis
1178 1507 1216 1540 p.
1242 1491 1308 1526 hic
1330 1490 1543 1539 alios-spur-

193 1553 291 1587 ciciis
310 1567 347 1599 p.
380 1565 467 1586 cum
497 1550 574 1585 hoc
604 1550 835 1587 facientibus
867 1549 984 1585 Goth.
1014 1549 1110 1591 (nisi
1132 1548 1237 1594 quod
1249 1547 1440 1599 spurcius,·
1470 1559 1542 1585 err.

195 1609 332 1652 Gesu.)
363 1608 470 1645 Voss'.
497 1617 532 1642 2.
565 1606 661 1645 Vall.
684 1620 772 1641 cum
793 1606 864 1642 illo
888 1604 1015 1642 Guelf.
1036 1603 1148 1639 Bodl.
1172 1615 1208 1639 et
1231 1604 1316 1640 edd.
1340 1615 1424 1639 ante
1442 1603 1544 1645 Ald.,

194 1665 266 1714 qui
307 1665 459 1713 primus
490 1677 510 1697 a
544 1663 667 1711 Regio
705 1663 923 1710 corrigente
953 1662 1106 1710 sumpsit
1128 1657 1296 1709 spiritus.
1365 1659 1475 1696 Bafil.
1510 1673 1545 1695 1.

194 1723 306 1771 plena
331 1719 488 1770 spiritus
529 1720 696 1765 (omiss'o
739 1720 862 1763 alias)
904 1730 941 1754 et
973 1720 1020 1753 fic
1053 1716 1135 1752 rell.
1158 1728 1316 1766 praeter
1345 1716 1441 1752 Obr.
1476 1716 1547 1764 qui

195 1778 313 1813 habet
343 1779 435 1812 acris
452 1777 484 1825 s.
516 1791 553 1824 p.
613 1776 797 1811 Nostrum
821 1790 840 1811 e
860 1774 1075 1810 Burmanni
1098 1774 1198 1819 conj.
1433 1775 1548 1808 etiam

197 1835 302 1870 lenis.
363 1833 426 1868 Sic
445 1833 578 1868 Turic.
598 1831 701 1867 Flor.
729 1832 856 1868 Guelf.
882 1833 1015 1880 Camp.
1041 1829 1159 1865 Goth.
1183 1830 1281 1867 Jcns.
1303 1828 1393 1875 (tac.
1417 1827 1547 1878 Gesn.)

198 1904 288 1926 cum
314 1890 416 1926 Alm.
447 1889 552 1925 Voss.
577 1901 612 1924 2.
644 1899 680 1924 et
705 1889 790 1924 edd.
813 1899 898 1924 ante
924 1886 1032 1923 Bafil.
1092 1885 1252 1934 Reliqui
1271 1895 1306 1922 el:
1325 1887 1350 1921 l.

280 1946 506 1996 summatim.
538 1946 670 1980 Turio.
693 1945 796 1980 Flor.
811 1944 937 1993 sumat
959 1957 1046 1978 cum
1057 1942 1158 1978 Alm.
1181 1957 1199 1977 a
1220 1943 1286 1977 sec.
1308 1956 1359 1976 m.
1382 1954 1548 1991 uterque

185 2003 358 2055 summa,
392 2013 428 2037 et
456 2003 503 2036 fic
535 2001 662 2037 Guelf.
699 2003 831 2050 Camp.
869 2001 987 2037 Goth.
1021 2000 1118 2038 Jens.
1152 2003 1247 2043 (tac.
1285 1999 1423 2044 Gesn.)
1459 2011 1549 2034 cum

199 2061 304 2100 Voss.
336 2069 371 2095 2.
409 2068 445 2093 et
477 2058 561 2094 edd.
592 2068 676 2092 ante
708 2057 817 2093 Basxl.
849 2057 918 2093 nisi
951 2056 1058 2105 quod
1091 2057 1183 2091 Bad.
1210 2054 1405 2103 summam.

286 2116 374 2166 quid
393 2123 428 2150 et
450 2129 472 2148 a
495 2129 577 2164 qua.
610 2114 742 2149 Turio.
764 2113 866 2150 Flor.
891 2112 1018 2150 Guelf.
1044 2113 1176 2162 Camp.
1200 2111 1317 2147 Goth.
1338 2112 1438 2151 Jeus.
1459 2111 1550 2158 (tac.

200 2175 340 2216 Gesn.)
370 2173 457 2222 quia
486 2181 522 2206 et
555 2186 579 2207 a
609 2185 681 2220 qua
707 2184 795 2205 cum
820 2171 925 2208 Voff.
953 2180 988 2204 2.
1012 2179 1049 2204 ct
1072 2169 1156 2204 edd.
1185 2179 1269 2204 ante
1291 2168 1399 2203 Bafil.
1426 2167 1550 2213 (Bad.

203 2230 362 2279 quidem
394 2242 502 2276 quam
535 2237 572 2263 et:
601 2242 624 2263 a
652 2229 728 2275 φ).
788 2226 950 2275 Reliqui
979 2226 1108 2274 quida
1128 2240 1200 2275 qua
1228 2236 1377 2273 praeter
1399 2223 1550 2272 Gryph.

202 2289 244 2335 (i
256 2286 353 2333 556)
374 2295 411 2320 et
432 2284 574 2322 Vidov.
597 2285 667 2333 qui
695 2284 839 2319 habent
868 2283 956 2333 quid
976 2297 999 2318 a
1016 2297 1157 2332 quaque
1186 2279 1254 2326 (cf.
1285 2296 1318 2322 ι,
1335 2281 1371 2321 6,
1393 2280 1488 2326 16.),
1514 2289 1552 2315 et

264 2382 327 2420 44.
370 2376 489 2422 magis
530 2375 711 2409 cc'mcitata
757 2373 849 2409 illu·
906 2373 1002 2415 „ille
1024 2372 1126 2408 malo
1147 2371 1235 2410 est,“
1264 2382 1301 2407 et
1319 2369 1430 2406 Flori
1453 2379 1490 2412 2,
1513 2382 1551 2414 2,

205 2434 294 2469 strat
311 2431 470 2480 Capper.
497 2430 549 2475 τῷ
579 2430 708 2479 Ὑοργιᾷ
737 2441 774 2465 et
804 2430 853 2475 τῇ
910 2442 973 2474 27.
1003 2427 1554 2478 „spirantffiusultiusPoenis“

204 2487 417 2538 γοργότητι,
439 2488 484 2523 de
506 2487 648 2535 quibus
661 2489 849 2535 Hermog.
909 2487 980 2523 ubi
1000 2486 1081 2521 vid.
1106 2496 1142 2519 et
1162 2484 1382 2520 Dukerum.
1437 2484 1556 2532 Apud

207 2546 284 2594 περὶ
307 2548 377 2579 τῶν
399 2542 498 2578 ἰδεῶν
524 2553 560 2585 2,
589 2558 622 2579 1.
647 2557 684 2592 p.
707 2545 849 2579 Sturm.
908 2544 1080 2579 nostrum
1103 2541 1151 2575 est
1169 2540 1246 2575 alta
1259 2552 1357 2574 mens
1379 2540 1401 2575 6
1416 2542 1503 2576 Pro.
1517 2551 1556 2585 7,

210 2611 288 2647 575
310 2602 387 2648 sqq.
407 2601 523 2635 altum
540 2598 852 2647 autem-spiritum
903 2599 1075 2650 sublimis
1089 2595 1244 2644 spiritus
1268 2609 1329 2636 10,
1359 2604 1394 2640 5,
1418 2603 1454 2640 4.

208 2661 341 2695 Burm-
357 2655 496 2692 Ovidii
516 2655 602 2692 loce
620 2656 731 2692 Trist.
757 2662 791 2699 4,
817 2671 849 2696 1,
972 2651 1144 2703 differam
1165 2652 1392 2701 diligencius.
1417 2661 1480 2694 12,
1498 2667 1558 2695 10,

212 2722 276 2759 74.
336 2714 487 2756 „Altior
509 2712 681 2749 humano
696 2710 853 2761 spiritus
913 2713 1032 2756 65-
1046 2720 1108 2751 70.
