1779 3062
417 139 583 184 1Ns'r.
622 140 903 189 ORATOR.
925 144 1047 190 Lm
1071 144 1184 201 xn,
1223 156 1268 201 7.
1439 145 1537 200 565

184 264 290 316 nisi
317 282 380 314 ex
409 264 614 316 fiducia
645 269 816 318 bonae
845 271 1037 321 mentis
1070 270 1406 321 videbantur.
1455 273 1540 322 Id·
1570 284 1595 325 4

184 360 293 409 que
339 342 462 393 oum
501 346 572 394 ab,
601 347 913 407 Hortensio,
958 350 1226 409 Lucullis,
1274 350 1541 417 Sulpicio,
1588 391 1591 395 Δ

182 421 461 481 Cicerone,
489 421 719 483 Caesare,
740 427 792 490 pl
803 428 991 477 urimis
1017 428 1283 485 aliis,tum
1302 428 1373 479 ‚ab
1393 439 1543 479 utro-

180 516 289 565 que
317 501 524 571 ⁴Catone
553 500 754 550 factum
784 502 883 551 est:
926 521 1164 568 quorum
1201 507 1333 554 alter
1362 508 1543 572 appel-

181 578 318 627 latus
338 574 588 649 sapiens,
642 580 772 628 alter
802 579 905 628 nisi
945 583 1180 634 creditur
1217 580 1400 642 fuiffe,
1448 585 1542 635 vix

180 653 305 714 scio,
333 657 422 705 cui
448 658 729 722 reliquerit
748 658 911 719 hujus
931 662 1169 710 nominis
1197 662 1395 710 locum.
1429 663 1543 709 Ne-

181 749 290 797 que
329 732 582 784 defendet
620 752 804 785 omnes
848 745 1053 794 orator,
1119 737 1374 804 idemque
1415 755 1542 804 por-

181 820 300 860 tum
332 811 491 862 illum
516 812 854 879 eloquentiae
877 810 1000 862 suae
1023 812 1304 864 salutarem
1324 832 1438 865 non
1465 826 1542 864 et-

293 1005 333 1048 4.
381 1000 491 1048 idque
520 999 568 1035 ab
599 1001 646 1035 H.
689 999 824 1036 Turie.
858 1000 965 1037 Flo‘r.
1026 1003 1050 1035 ἱ.
1082 1015 1162 1037 cum
1194 1003 1242 1039 H.
1276 1003 1405 1040 Guelf.
1470 1005 1535 1041 ho·

170 1054 311 1107 stensio
343 1057 479 1093 Turio.
551 1058 739 1092 culucullis
769 1057 875 1096 Flor.
932 1058 1069 1094 lucillis
1100 1058 1229 1094 Guelf.
1254 1060 1373 1102 Goth.
1396 1061 1531 1110 Camp.

174 1114 322 1152 Luculo
353 1115 452 1153 Jens.
486 1115 578 1157 (err.
609 1115 741 1158 Gesn.)
771 1115 933 1151 Lucullo
966 1117 1082 1151 TarV.
1117 1126 1154 1151 et
1185 1116 1271 1153 edd.
1311 1117 1407 1166 post.
1446 1129 1535 1154 ante

176 1171 271 1207 Bad.
304 1171 375 1219 qui
408 1184 455 1206 ex
484 1170 586 1208 Vall.
617 1171 792 1218 reposuit
819 1171 997 1209 nostram.
1032 1172 1125 1211 Vid.
1157 1184 1239 1210 not.
1272 1187 1380 1222 exeg.
1450 1175 1530 1224 ple-

175 1230 297 1278 risque
325 1228 412 1263 aliis
443 1229 577 1277 Camp.
637 1227 874 1278 pluribusque
905 1244 940 1264 a.
977 1229 1100 1265 Andr.
1159 1230 1328 1278 pluribus·
1347 1245 1382 1267 α.
1403 1234 1530 1268 Stoer.

177 1283 346 1321 Chouet.
379 1284 493 1322 Leid.
668 1285 883 1334 appellatus
915 1284 1000 1335 sap.
1050 1286 1111 1321 Sic
1153 1287 1287 1322 Turio.
1330 1286 1433 1324 Flor.
1479 1285 1531 1335 eft

175 1341 351 1377 inserunt
376 1340 535 1389 reliqui.
601 1341 701 1376 Mox
731 1342 826 1376 alter
864 1353 950 1378 ante
981 1341 1053 1391 nisi
1084 1355 1160 1378 om.
1193 1342 1322 1379 Guelf.
1361 1356 1392 1379 c.
1423 1344 1529 1382 Voff.

177 1407 217 1443 5.
280 1399 343 1433 vix
373 1397 481 1446 sotio
522 1400 623 1444 cujus
660 1398 765 1447 reliq.
808 1399 943 1435 Turic-
976 1399 1081 1436 Flor.
1152 1400 1367 1450 relinquerit
1407 1401 1530 1437 Goth.

178 1458 267 1502 (tac.
300 1455 430 1502 Gesn.)
461 1455 611 1505 reliquit:
641 1455 744 1492 Voff.
778 1465 815 1499 3.
992 1470 1148 1505 namque
1187 1455 1371 1504 defendat:
1409 1460 1532 1493 omnis

177 1521 308 1548 orator
340 1512 436 1547 idem
463 1522 685 1561 portumque
714 1512 850 1548 Tul-ic.
884 1511 989 1548 Flor.
1034 1513 1134 1559 (nisi
1165 1513 1273 1561 quod
1303 1514 1373 1549 ille
1405 1513 1534 1562 defen-

177 1570 286 1609 dant,
319 1568 386 1603 hic
416 1567 603 1615 defendet,
635 1578 802 1616 uterque
831 1574 1067 1618 partumque)
1099 1569 1229 1605 Guelf.
1262 1571 1361 1608 Jens.
1387 1581 1423 1605 et
1443 1571 1529 1606 edd.

175 1625 273 1676 post.
307 1635 392 1660 ante
424 1624 536 1661 Basil.
568 1625 660 1670 (nisi
694 1625 803 1672 quod
831 1624 1006 1673 defendet
1029 1627 1121 1661 Bad.
1153 1627 1270 1662 etiam
1308 1640 1355 1662 ex
1385 1626 1533 1674 Vall.);

176 1683 221 1718 iu
252 1695 327 1731 qua
366 1682 553 1729 scriptura
596 1683 713 1717 omnis
750 1681 1019 1718 nominativus
1049 1681 1265 1718 habebatur
1302 1683 1534 1732 singularis,

177 1751 218 1777 et
245 1738 327 1787 post
357 1738 455 1773 idem
487 1737 808 1786 distinguebatur.
879 1739 1052 1788 Namque
1092 1738 1268 1786 defendet
1298 1742 1418 1776 omnis
1445 1753 1535 1776 ora-

180 1805 253 1835 tor,
285 1796 453 1844 idemque
479 1805 628 1842 portum
658 1796 790 1843 Camp.
823 1793 936 1829 Basil.
981 1806 1018 1830 et
1050 1795 1135 1830 edd.
1176 1795 1270 1844 post.
1305 1807 1391 1831 ante
1421 1797 1533 1834 Gesn.

181 1851 394 1901 eademque
424 1851 614 1901 scriptura
645 1851 695 1899 est
722 1852 767 1887 in
786 1850 907 1889 Goth.
936 1865 1065 1902 neque
1092 1852 1304 1902 quicquam
1333 1853 1534 1889 diversita-

235 2029 274 2071 4.
319 2023 500 2066 νΙηιοιιῑίἱ.
552 2022 599 2059 L.
637 2023 828 2061 Lucullus

178 2094 267 2118 eum
293 2081 350 2116 M.
374 2079 490 2116 fratre
523 2082 598 2126 (an
631 2082 828 2118 consobri-

176 2151 254 2180 n03
284 2138 367 2174 vid.
381 2136 582 2185 verheyk.
602 2139 649 2173 ad
660 2140 825 2187 Eun-op.

179 2196 219 2237 6,
254 2195 335 2238 7.);
396 2208 568 2244 quorum
608 2196 760 2231 mentio
793 2207 831 2232 et

177 2251 277 2289 alibi
299 2252 519 2298 conjuncta,
550 2262 596 2287 ut
621 2252 665 2288 in
696 2252 829 2288 aedili-

180 2319 256 2345 tate
300 2308 511 2356 magnifica
553 2322 613 2357 ap.
661 2305 746 2348 Cicss
782 2309 829 2345 de

181 2364 262 2400 Off.
293 2373 329 2404 2,
365 2363 428 2400 16.
457 2365 605 2413 quique
637 2379 727 2401 cum
755 2366 829 2402 alia

181 2420 224 2455 in
237 2420 363 2468 prima
384 2431 502 2457 aetate
525 2421 640 2459 simul
653 2434 829 2472 egerunt,

183 2488 266 2513 tum
299 2478 340 2513 P.
373 2476 588 2514 Servilium
625 2492 828 2527 augurem,

173 2533 302 2581 'patris
338 2533 618 2577 accusatorem,
647 2549 760 2572 reum
791 2547 831 2572 et

182 2590 311 2639 ipsum
352 2589 548 2626 feceruntz
607 2584 717 2629 vid.>
746 2594 828 2630 Cic.

112 2637 125 2644 ’
182 2646 302 2683 Acad.
327 2652 363 2691 4.
389 2646 477 2685 init.
495 2648 599 2684 Plut·
622 2650 663 2686 in
675 2650 833 2688 Lucull-

184 2703 272 2740 init,
304 2745 307 2747 ⁴

945 2025 1002 2060 cui
1018 2023 1121 2075 reliq.
1147 2024 1181 2060 Ῐι.
1205 2038 1242 2061 η.
1255 2024 1387 2060 locum.
1414 2024 1535 2062 Nove

888 2082 1038 2118 dictum
1057 2093 1168 2131 puto,
1199 2081 1323 2129 sedrut
1347 2080 1458 2117 facile
1479 2092 1535 2117 ta-

887 2153 978 2175 men
1003 2138 1258 2188 intelligatur.
1319 2138 1423 2174 Nam
1444 2150 1538 2174 cum

890 2197 1043 2232 dicatur
1064 2196 1163 2231 locus
1187 2192 1237 2243 eft
1259 2195 1371 2230 alicui
1394 2196 1447 2230 rei
1468 2192 1538 2231 vel

889 2253 1047 2299 alicujus
1076 2255 1150 2293 rei,
1183 2252 1263 2287 dici
1288 2252 1448 2301 proprie
1471 2251 1538 2286 de-

889 2309 999 2346 beret
1030 2310 1101 2351 „in
1138 2323 1200 2344 me
1234 2307 1344 2344 locus
1376 2321 1458 2345 non
1489 2306 1540 2343 est

887 2366 1031 2414 „hujus
1050 2366 1264 2402 nominssf‘
1284 2374 1287 2377 ’
1322 2366 1441 2402 Nunc
1463 2375 1539 2413 pro

889 2425 929 2458 in
953 2437 1009 2458 me
1031 2423 1209 2458 dativum
1229 2421 1361 2471 posuit
1381 2421 1432 2458 ob
1451 2433 1542 2458 vex·-

889 2480 986 2516 ban
1010 2481 1227 2529 relinquere.

952 2593 1132 2643 idemque,
1175 2593 1203 2629 i.
1237 2593 1341 2630 idem
1369 2582 1440 2629 il'le
1472 2591 1543 2643 qui

895 2650 1125 2687 innoeentes
1147 2650 1281 2687 servan
