1820 3062
898 0 919 19 γ

249 201 308 246 33
552 146 629 236 Μ.
677 188 808 236 FAB.
859 187 1274 250 QUINTILIANI

249 314 435 384 poffiut
458 352 472 373 ,
535 317 632 384 qui
687 313 991 365 confirmare
1031 314 1333 363 facultatem
1377 311 1592 361 dicendi

177 408 227 448 45
251 395 474 450 volunt,
539 394 801 458 attingam.
887 395 1085 441 Paucos
1125 393 1290 447 enim,
1340 391 1436 452 qui
1468 388 1591 438 [unt

249 469 662 526 eminentiffimi,
703 485 976 536 excerpere
1005 470 1063 517 in
1104 469 1279 515 animo
1314 465 1398 513 est.
1437 464 1592 514 facile

249 546 323 596 est
362 556 541 595 autem
587 545 856 604 studiofis,
917 547 1013 609 qui
1060 544 1158 593 fiut
1200 545 1282 592 his
1320 542 1677 602 fi111illimi,391

247 623 518 686 judicare:
588 640 656 671 ne
709 625 987 688 quisquam
1038 631 1321 687 queratur,
1385 617 1593 669 omiffos

248 699 386 750 forte
412 701 632 765 aliquos,
659 718 794 765 quos
822 698 930 767 ipse
954 699 1108 747 valde
1132 698 1331 762 probet.
1409 699 1597 748 Fateor.

250 779 396 826 enim
431 778 612 843 plures
651 777 904 842 legendos
943 773 1072 834 effe,
1124 791 1283 840 quam
1318 774 1413 839 qui
1449 791 1478 821 a
1507 789 1595 822 me

249 854 686 904 nominabuntur.
764 855 865 902 Sed
898 870 1043 902 nunc
1071 868 1259 918 genera
1283 850 1596 917 1111010οῖ10-

235 948 412 997 num,
466 948 600 996 quae
633 932 914 997 praecipue
959 930 1243 978 convenire
1273 926 1596 976 intendenti·
1658 931 1662 936 '

251 1008 378 1065 bus,
449 1018 506 1055 ut
554 1019 786 1056 oratores
838 1005 988 1064 fiant,
1053 1004 1371 1061 existimem,
1425 1001 1597 1069 perse-

182 1097 232 1142 46
257 1101 409 1150 quor.
486 1085 681 1149 Igitur,
720 1093 779 1132 ut
810 1085 997 1132 Aratus
1018 1080 1082 1130 ab
1103 1085 1238 1135 Jove
1261 1081 1598 1145 incipiendum

255 1205 351 1242 Obr.
375 1206 444 1254 qui
464 1205 647 1241 nostrum.
676 1214 800 1253 petere
818 1217 913 1238 mox
934 1218 953 1237 a
972 1204 1104 1238 Turio.
1117 1203 1244 1239 Guelf.
1269 1203 1464 1238 omittitur
1486 1213 1523 1238 et
1540 1215 1601 1237 re-

255 1263 378 1297 currit
407 1263 491 1310 post
522 1261 739 1307 confirmare
754 1287 763 1300 ,
797 1273 876 1294 non
899 1259 1139 1306 infrequenti
1157 1259 1435 1307 transponendi
1457 1271 1601 1294 errore.

255 1318 369 1364 Quod
390 1318 471 1351 mff.
494 1328 530 1351 et
549 1317 634 1350 edd.
655 1327 740 1351 ante
751 1315 840 1350 Bad.
863 1315 963 1359 (exc.
979 1316 1129 1362 Camp.)
1155 1315 1244 1350 dant
1261 1313 1382 1363 poffst,
1398 1313 1508 1349 malit
1521 1314 1598 1349 for-

254 1373 340 1408 tass'c
364 1373 504 1421 aliquis
526 1385 712 1420 reponere
735 1372 835 1406 volet
856 1383 928 1419 pro
952 1371 1105 1409 volunc;
1135 1371 1195 1405 sed
1215 1370 1319 1406 nihil
1342 1371 1486 1406 neceffe
1510 1370 1571 1406 eft.

341 1436 402 1472 45.
436 1432 542 1469 enim,
574 1427 749 1476 quisunt.
796 1428 928 1462 Turic-
951 1429 990 1470 (ἃ
1009 1440 1066 1475 pr.
1091 1429 1162 1474 111.)
1201 1427 1303 1462 Flor.
1328 1428 1515 1462 omittunt
1539 1419 1603 1475 qul

254 1485 344 1521 011111
364 1485 467 1520 Α1111.
526 1484 598 1519 me
621 1498 639 1518 a
661 1486 728 1519 [ec.
752 1497 803 1518 m.
829 1482 918 1531 sunt
938 1485 1044 1523 enim,
1081 1494 1117 1518 et
1137 1486 1184 1518 fic
1204 1483 1330 1518 Guelf.
1355 1484 1487 1531 Camp.
1511 1495 1602 1518 cum

251 1542 357 1579 Voff.
388 1550 424 1576 2.
453 1540 598 1587 (Goth.
629 1554 708 1574 non
739 1542 1000 1581 memoratur)
1044 1550 1081 1574 et
1114 1539 1197 1574 edd.
1233 1550 1316 1573 ante
1348 1538 1456 1574 Bafil.
1513 1539 1603 1572 Hoc

254 1611 412 1646 quoque
448 1611 467 1631 a
499 1599 566 1633 sec.
594 1610 644 1631 m.
672 1597 715 1630 in
745 1596 876 1631 Turic.
910 1594 1015 1641 quod
1039 1593 1165 1629 Guelf.
1189 1596 1320 1643 Camp.
1346 1607 1383 1630 et
1407 1594 1492 1629 edd.
1517 1604 1603 1628 ante

254 1652 341 1688 Ald.
373 1654 545 1689 inserunt
576 1662 612 1688 et
645 1663 729 1687 ante
763 1664 960 1697 excerpere.
1023 1651 1237 1685 Parenthefi
1257 1651 1433 1698 signanda
1453 1650 1602 1684 succur-

255 1713 347 1744 run't
381 1709 470 1745 1000
509 1709 600 1744 inde
634 1708 677 1742 ab
712 1708 836 1747 Aldo,
886 1706 956 1754 qui
987 1716 1023 1740 et
1057 1709 1184 1752 paucis
1212 1720 1284 1755 pro
1314 1719 1452 1756 paucos
1478 1705 1601 1741 ›solus-

256 1764 464 1801 Phila'nder
491 1765 596 1800 haud
617 1764 756 1804 dubie,
796 1762 996 1797 inserendo
1023 1765 1107 1811 qui,
1139 1763 1295 1798 sanavit.
1431 1762 1512 1813 fine
1532 1762 1601 1798 his.

256 1822 387 1858 Turic.
409 1822 535 1857 Guelf.
561 1820 649 1869 sunt
670 1821 723 1854 his
746 1833 831 1855 cum
857 1818 974 1854 Goth.
1001 1819 1102 1854 Voss'.
1126 1828 1163 1862 2.
1193 1820 1289 1858 Jens.
1315 1821 1428 1855 Tarv.

342 1877 502 1927 omiffos.
534 1878 665 1913 Turic.
687 1874 929 1911 F101·.Guelf.
951 1872 1110 1922 amiffos.
1149 1875 1196 1910 cf.
1221 1881 1258 1919 8,
1284 1883 1320 1919 4,
1344 1888 1408 1924 29.
1445 1876 1482 1916 6,
1504 1885 1540 1915 2,
1565 1885 1602 1911 2.

341 1935 496 1984 aliquos,
518 1946 620 1983 quos.
652 1931 896 1968 Tu1·ic.Flor.
913 1930 1039 1965 Guelf.
1063 1932 1250 1966 omittunt
1271 1945 1361 1981 quos
1382 1945 1470 1967 cum
1484 1930 1603 1968 Goth.

256 1991 360 2028 Voff.
395 2002 431 2027 2.
488 1990 705 2027 Nobiscum
738 1989 860 2023 facere
891 1997 1066 2022 narratur
1094 1987 1196 2022 Alm.
1231 1989 1308 2030 (cf.
1342 1991 1374 2036 ᾗ.
1413 1994 1477 2034 54.
1507 1989 1603 2024 item

261 2046 360 2092 46.).
416 2048 449 2082 Α
478 2045 586 2083 Bafil.
621 2045 712 2080 iude
741 2045 912 2079 inserunt
936 2056 1078 2083 eorum,
1108 2044 1261 2078 vitandi
1283 2044 1500 2092 cacophoni
1520 2056 1604 2093 gwa-

261 2104 335 2144 tia,
367 2105 442 2138 fine
476 2113 641 2138 auctore.
841 2101 976 2148 plures.
1036 2100 1169 2135 Turio.
1195 2099 1295 2135 Flor.
1327 2101 1497 2148 plurimis
1517 2114 1607 2135 cum

260 2159 362 2194 Alm.
386 2174 404 2193 a
422 2160 490 2196 sec.
512 2173 564 2194 m.
586 2168 747 2206 uterque
767 2158 947 2205 plurimos
969 2166 1005 2190 et
1025 2156 1072 2190 fic
1093 2155 1219 2190 Guelf.
1243 2157 1375 2204 Camp.
1400 2168 1488 2190 cum
1509 2156 1606 2192 Obr.

260 2217 349 2251 Fnit
379 2217 592 2265 antiquitus
620 2215 747 2262 pluris.
980 2214 1041 2258 qui
1062 2226 1085 2246 a
1113 2225 1178 2246 me.
1238 2213 1370 2247 Turio.
1391 2211 1494 2247 Flor.
1520 2213 1608 2260 quia

261 2285 350 2307 cum
376 2273 477 2308 Alm.
537 2271 603 2306 Illi
625 2283 645 2305 a
664 2271 729 2305 [ec.
751 2282 801 2303 111.
832 2269 913 2316 qui,
947 2277 983 2301 et
1004 2269 1050 2302 fic
1073 2267 1200 2303 Guelf.
1225 2269 1357 2316 Camp.
1379 2281 1468 2303 cum
1489 2268 1607 2304 Goth.

262 2329 364 2365 Voss.
390 2339 425 2364 2.
459 2340 495 2364 et
517 2327 601 2363 edd.
634 2337 719 2361 ante
742 2324 848 2360 Bam.
881 2335 955 2358 acc.
980 2322 1076 2359 Obr.
1307 2325 1604 2361 nominalmntur.

263 2385 395 2421 Turic.
409 2384 511 2420 flor.
525 2383 808 2418 nominabantur
829 2393 915 2414 cum
932 2379 1031 2414 Alnu.
1054 2382 1290 2415 nominantur
1317 2381 1435 2417 Goth.
1449 2381 1552 2419 Voff.
1569 2390 1605 2416 2.

264 2439 310 2474 cf.
339 2449 400 2487 95.
632 2438 838 2487 persequor.
885 2436 947 2470 Sic
969 2436 1101 2470 Turio.
1123 2436 1208 2483 (hic
1230 2449 1249 2471 a
1268 2450 1327 2486 pr.
1350 2449 1401 2473 m.
1422 2436 1605 2487 persecor)

263 2494 366 2531 Flos.
388 2497 519 2545 Camp.
542 2509 630 2532 cum
651 2494 767 2531 Goth.
814 2491 973 2540 Reliqui
1001 2491 1206 2542 pe1sequar.

316 2593 535 2641 facultatem
557 2597 714 2634 dicendi.
746 2595 790 2630 cf.
817 2598 849 2641 §.
876 2607 907 2629 1.
1025 2593 1092 2637 46.
1123 2593 1259 2628 Aratus
1279 2593 1324 2628 ab
1337 2596 1441 2630 Jove.
1471 2595 1606 2635 „Noto

268 2665 385 2699 quare
406 2652 555 2687 fortaffe
576 2653 641 2688 hic
661 2651 770 2687 malis
785 2651 910 2699 facili·
968 2649 1109 2688 „initio
1139 2649 1385 2695 Φαινομένων,
1426 2648 1494 2685 Ἐν.
1521 2647 1609 2692 Διδς

269 2716 394 2743 tatem.
968 2703 1237 2754 ,,α’ρχὼμεσ9α.
1296 2707 1401 2743 Illud
1425 2707 1608 2743 Homeri-
