<?xml version="1.0" encoding="UTF-8"?>
<!DOCTYPE html PUBLIC "-//W3C//DTD XHTML 1.0 Transitional//EN"
    "http://www.w3.org/TR/xhtml1/DTD/xhtml1-transitional.dtd">
<html xmlns="http://www.w3.org/1999/xhtml" xml:lang="en" lang="en">
 <head>
  <title>
</title>
<meta http-equiv="Content-Type" content="text/html;charset=utf-8" />
  <meta name='ocr-system' content='tesseract 3.04.00' />
  <meta name='ocr-capabilities' content='ocr_page ocr_carea ocr_par ocr_line ocrx_word'/>
</head>
<body>
  <div class='ocr_page' id='page_1' title='image "./deinstitutioneor04quinuoft_0520.png"; bbox 0 0 1779 3062; ppageno 0'>
   <div class='ocr_carea' id='block_1_1' title="bbox 160 320 207 358">
    <p class='ocr_par' dir='ltr' id='par_1_1' title="bbox 160 320 207 358">
     <span class='ocr_line' id='line_1_1' title="bbox 160 320 207 358; baseline 0 0"><span class='ocrx_word' id='word_1_1' title='bbox 160 320 207 358; x_wconf 74' lang='grc' dir='ltr'>ι9</span> 
     </span>
    </p>
   </div>
   <div class='ocr_carea' id='block_1_2' title="bbox 165 1074 212 1103">
    <p class='ocr_par' dir='ltr' id='par_1_2' title="bbox 165 1074 212 1103">
     <span class='ocr_line' id='line_1_2' title="bbox 165 1074 212 1103; baseline -0.064 0"><span class='ocrx_word' id='word_1_2' title='bbox 165 1074 212 1103; x_wconf 79' lang='lat'>20</span> 
     </span>
    </p>
   </div>
   <div class='ocr_carea' id='block_1_3' title="bbox 233 166 1255 232">
    <p class='ocr_par' dir='ltr' id='par_1_3' title="bbox 233 166 1255 232">
     <span class='ocr_line' id='line_1_3' title="bbox 233 166 1255 232; baseline -0.021 0"><span class='ocrx_word' id='word_1_3' title='bbox 233 180 335 232; x_wconf 68' lang='lat'>494</span> <span class='ocrx_word' id='word_1_4' title='bbox 548 167 626 214; x_wconf 85' lang='grc' dir='ltr'>Μ.</span> <span class='ocrx_word' id='word_1_5' title='bbox 660 166 795 213; x_wconf 76' lang='lat' dir='ltr'><strong>FAB.</strong></span> <span class='ocrx_word' id='word_1_6' title='bbox 839 166 1255 229; x_wconf 78' lang='lat' dir='ltr'><strong>QUINTILIANI</strong></span> 
     </span>
    </p>
   </div>
   <div class='ocr_carea' id='block_1_4' title="bbox 236 292 1670 1353">
    <p class='ocr_par' dir='ltr' id='par_1_4' title="bbox 236 292 1670 1353">
     <span class='ocr_line' id='line_1_4' title="bbox 237 292 1579 357; baseline -0.004 -11"><span class='ocrx_word' id='word_1_7' title='bbox 237 296 396 347; x_wconf 77' lang='lat' dir='ltr'>minis</span> <span class='ocrx_word' id='word_1_8' title='bbox 431 293 698 343; x_wconf 84' lang='lat' dir='ltr'>summum</span> <span class='ocrx_word' id='word_1_9' title='bbox 730 293 911 357; x_wconf 81' lang='lat' dir='ltr'>habet,</span> <span class='ocrx_word' id='word_1_10' title='bbox 949 292 1269 344; x_wconf 83' lang='lat' dir='ltr'>consecutos.</span> <span class='ocrx_word' id='word_1_11' title='bbox 1350 292 1493 342; x_wconf 83' lang='lat' dir='ltr'>Nam</span> <span class='ocrx_word' id='word_1_12' title='bbox 1525 302 1579 341; x_wconf 83' lang='lat' dir='ltr'>et</span> 
     </span>
     <span class='ocr_line' id='line_1_5' title="bbox 236 356 1618 439; baseline -0.004 -17"><span class='ocrx_word' id='word_1_13' title='bbox 236 373 583 439; x_wconf 77' lang='lat' dir='ltr'>Pythagoras,</span> <span class='ocrx_word' id='word_1_14' title='bbox 633 388 744 419; x_wconf 84' lang='lat' dir='ltr'>non</span> <span class='ocrx_word' id='word_1_15' title='bbox 761 366 1054 439; x_wconf 78' lang='lat' dir='ltr'><em>sapientem</em></span> <span class='ocrx_word' id='word_1_16' title='bbox 1098 369 1174 428; x_wconf 88' lang='lat' dir='ltr'>se,</span> <span class='ocrx_word' id='word_1_17' title='bbox 1234 381 1296 419; x_wconf 88' lang='lat' dir='ltr'>ut</span> <span class='ocrx_word' id='word_1_18' title='bbox 1331 371 1427 436; x_wconf 88' lang='lat' dir='ltr'>qui</span> <span class='ocrx_word' id='word_1_19' title='bbox 1458 381 1577 418; x_wconf 84' lang='lat' dir='ltr'>ante</span> <span class='ocrx_word' id='word_1_20' title='bbox 1612 356 1618 365; x_wconf 40' lang='lat'><strong><em>¹</em></strong></span> 
     </span>
     <span class='ocr_line' id='line_1_6' title="bbox 237 443 1577 518; baseline -0.003 -20"><span class='ocrx_word' id='word_1_21' title='bbox 237 468 363 499; x_wconf 90' lang='lat' dir='ltr'>eum</span> <span class='ocrx_word' id='word_1_22' title='bbox 391 448 636 505; x_wconf 81' lang='lat' dir='ltr'>fuerunt,</span> <span class='ocrx_word' id='word_1_23' title='bbox 677 446 765 494; x_wconf 88' lang='lat' dir='ltr'>sed</span> <span class='ocrx_word' id='word_1_24' title='bbox 777 443 1375 518; x_wconf 74' lang='lat' dir='ltr'>studiosumsapienciae</span> <span class='ocrx_word' id='word_1_25' title='bbox 1397 447 1577 496; x_wconf 79' lang='lat' dir='ltr'>vocari</span> 
     </span>
     <span class='ocr_line' id='line_1_7' title="bbox 237 522 1670 588; baseline -0.003 -12"><span class='ocrx_word' id='word_1_26' title='bbox 237 529 427 576; x_wconf 72' lang='lat' dir='ltr'>voluit.</span> <span class='ocrx_word' id='word_1_27' title='bbox 526 528 637 588; x_wconf 77' lang='lat' dir='ltr'>Ego</span> <span class='ocrx_word' id='word_1_28' title='bbox 680 535 855 571; x_wconf 83' lang='lat' dir='ltr'>tamen</span> <span class='ocrx_word' id='word_1_29' title='bbox 900 522 1194 571; x_wconf 82' lang='lat' dir='ltr'>secundum</span> <span class='ocrx_word' id='word_1_30' title='bbox 1236 529 1670 572; x_wconf 64' lang='lat' dir='ltr'>communemwlss)</span> 
     </span>
     <span class='ocr_line' id='line_1_8' title="bbox 237 598 1582 667; baseline -0.005 -13"><span class='ocrx_word' id='word_1_31' title='bbox 237 602 503 667; x_wconf 83' lang='lat' dir='ltr'>loquendi</span> <span class='ocrx_word' id='word_1_32' title='bbox 543 599 980 650; x_wconf 79' lang='lat' dir='ltr'>consuetudinem</span> <span class='ocrx_word' id='word_1_33' title='bbox 1014 598 1164 664; x_wconf 81' lang='lat' dir='ltr'>saepe</span> <span class='ocrx_word' id='word_1_34' title='bbox 1208 599 1343 657; x_wconf 84' lang='lat' dir='ltr'>dixi,</span> <span class='ocrx_word' id='word_1_35' title='bbox 1385 598 1582 648; x_wconf 65' lang='lat' dir='ltr'>dicama-</span> 
     </span>
     <span class='ocr_line' id='line_1_9' title="bbox 237 674 1582 748; baseline -0.003 -19"><span class='ocrx_word' id='word_1_36' title='bbox 237 698 368 746; x_wconf 88' lang='lat' dir='ltr'>que,</span> <span class='ocrx_word' id='word_1_37' title='bbox 402 675 698 748; x_wconf 72' lang='lat' dir='ltr'>perfectum</span> <span class='ocrx_word' id='word_1_38' title='bbox 724 687 981 726; x_wconf 76' lang='lat' dir='ltr'>oratorem</span> <span class='ocrx_word' id='word_1_39' title='bbox 1015 674 1111 723; x_wconf 65' lang='lat' dir='ltr'>ess‘e</span> <span class='ocrx_word' id='word_1_40' title='bbox 1140 677 1479 733; x_wconf 81' lang='lat' dir='ltr'>Ciceronem3</span> <span class='ocrx_word' id='word_1_41' title='bbox 1523 686 1582 725; x_wconf 82' lang='lat' dir='ltr'>ut</span> 
     </span>
     <span class='ocr_line' id='line_1_10' title="bbox 239 748 1583 825; baseline -0.005 -19"><span class='ocrx_word' id='word_1_42' title='bbox 239 759 437 806; x_wconf 82' lang='lat' dir='ltr'>amicos</span> <span class='ocrx_word' id='word_1_43' title='bbox 472 767 527 804; x_wconf 92' lang='lat' dir='ltr'>et</span> <span class='ocrx_word' id='word_1_44' title='bbox 555 753 710 804; x_wconf 79' lang='lat' dir='ltr'>honos</span> <span class='ocrx_word' id='word_1_45' title='bbox 736 757 895 811; x_wconf 77' lang='lat' dir='ltr'>viros,</span> <span class='ocrx_word' id='word_1_46' title='bbox 932 762 982 800; x_wconf 86' lang='lat' dir='ltr'>et</span> <span class='ocrx_word' id='word_1_47' title='bbox 1011 748 1430 825; x_wconf 67' lang='lat' dir='ltr'>prud-encssz&#39;mos</span> <span class='ocrx_word' id='word_1_48' title='bbox 1451 751 1583 800; x_wconf 84' lang='lat' dir='ltr'>dici-</span> 
     </span>
     <span class='ocr_line' id='line_1_11' title="bbox 241 826 1584 898; baseline -0.007 -13"><span class='ocrx_word' id='word_1_49' title='bbox 241 852 363 885; x_wconf 84' lang='lat' dir='ltr'>mus</span> <span class='ocrx_word' id='word_1_50' title='bbox 397 834 587 898; x_wconf 85' lang='lat' dir='ltr'>vulgo,</span> <span class='ocrx_word' id='word_1_51' title='bbox 640 847 872 895; x_wconf 86' lang='lat' dir='ltr'>quorum</span> <span class='ocrx_word' id='word_1_52' title='bbox 916 828 1055 878; x_wconf 87' lang='lat' dir='ltr'>nihil</span> <span class='ocrx_word' id='word_1_53' title='bbox 1098 827 1197 876; x_wconf 89' lang='lat' dir='ltr'>nisi</span> <span class='ocrx_word' id='word_1_54' title='bbox 1236 826 1466 893; x_wconf 78' lang='lat' dir='ltr'>perfecte</span> <span class='ocrx_word' id='word_1_55' title='bbox 1508 827 1584 875; x_wconf 81' lang='lat' dir='ltr'>sa-</span> 
     </span>
     <span class='ocr_line' id='line_1_12' title="bbox 241 904 1584 980; baseline -0.007 -19"><span class='ocrx_word' id='word_1_56' title='bbox 241 912 413 980; x_wconf 79' lang='lat' dir='ltr'>pienti</span> <span class='ocrx_word' id='word_1_57' title='bbox 437 910 605 958; x_wconf 79' lang='lat' dir='ltr'>datur.</span> <span class='ocrx_word' id='word_1_58' title='bbox 685 905 786 956; x_wconf 82' lang='lat' dir='ltr'>Sed</span> <span class='ocrx_word' id='word_1_59' title='bbox 810 923 931 954; x_wconf 86' lang='lat' dir='ltr'>cum</span> <span class='ocrx_word' id='word_1_60' title='bbox 953 908 1195 971; x_wconf 80' lang='lat' dir='ltr'>proprie,</span> <span class='ocrx_word' id='word_1_61' title='bbox 1237 916 1286 953; x_wconf 90' lang='lat' dir='ltr'>et</span> <span class='ocrx_word' id='word_1_62' title='bbox 1319 904 1385 953; x_wconf 84' lang='lat' dir='ltr'>ad.</span> <span class='ocrx_word' id='word_1_63' title='bbox 1411 906 1584 970; x_wconf 85' lang='lat' dir='ltr'>legem</span> 
     </span>
     <span class='ocr_line' id='line_1_13' title="bbox 243 982 1586 1054; baseline -0.006 -17"><span class='ocrx_word' id='word_1_64' title='bbox 243 988 409 1054; x_wconf 81' lang='lat' dir='ltr'>ipsam</span> <span class='ocrx_word' id='word_1_65' title='bbox 441 985 675 1035; x_wconf 79' lang='lat' dir='ltr'>veritatis</span> <span class='ocrx_word' id='word_1_66' title='bbox 713 982 1046 1047; x_wconf 83' lang='lat' dir='ltr'>loquendum</span> <span class='ocrx_word' id='word_1_67' title='bbox 1090 984 1217 1039; x_wconf 81' lang='lat' dir='ltr'>erit,</span> <span class='ocrx_word' id='word_1_68' title='bbox 1267 999 1391 1031; x_wconf 87' lang='lat' dir='ltr'>eum</span> <span class='ocrx_word' id='word_1_69' title='bbox 1426 999 1586 1046; x_wconf 88' lang='lat' dir='ltr'>quae-</span> 
     </span>
     <span class='ocr_line' id='line_1_14' title="bbox 244 1059 1584 1126; baseline -0.007 -10"><span class='ocrx_word' id='word_1_70' title='bbox 244 1084 355 1116; x_wconf 78' lang='lat' dir='ltr'>ram</span> <span class='ocrx_word' id='word_1_71' title='bbox 387 1074 667 1117; x_wconf 79' lang='lat' dir='ltr'>oratorem,</span> <span class='ocrx_word' id='word_1_72' title='bbox 691 1077 849 1123; x_wconf 72' lang='lat' dir='ltr'>quein</span> <span class='ocrx_word' id='word_1_73' title='bbox 882 1071 934 1107; x_wconf 81' lang='lat' dir='ltr'>et</span> <span class='ocrx_word' id='word_1_74' title='bbox 961 1060 1052 1107; x_wconf 83' lang='lat' dir='ltr'>ille</span> <span class='ocrx_word' id='word_1_75' title='bbox 1084 1059 1377 1123; x_wconf 82' lang='lat' dir='ltr'>quaerebat.</span> <span class='ocrx_word' id='word_1_76' title='bbox 1406 1063 1584 1126; x_wconf 76' lang='lat' dir='ltr'>Quan-</span> 
     </span>
     <span class='ocr_line' id='line_1_15' title="bbox 241 1134 1584 1209; baseline -0.006 -17"><span class='ocrx_word' id='word_1_77' title='bbox 241 1160 402 1209; x_wconf 78' lang='lat' dir='ltr'>quam</span> <span class='ocrx_word' id='word_1_78' title='bbox 435 1141 578 1187; x_wconf 87' lang='lat' dir='ltr'>enim</span> <span class='ocrx_word' id='word_1_79' title='bbox 604 1134 787 1184; x_wconf 76' lang='lat' dir='ltr'>steti-[Te</span> <span class='ocrx_word' id='word_1_80' title='bbox 811 1135 981 1201; x_wconf 86' lang='lat' dir='ltr'>ipsum</span> <span class='ocrx_word' id='word_1_81' title='bbox 1009 1137 1065 1182; x_wconf 88' lang='lat' dir='ltr'>in</span> <span class='ocrx_word' id='word_1_82' title='bbox 1094 1134 1301 1200; x_wconf 73' lang='lat' dir='ltr'>fastigio</span> <span class='ocrx_word' id='word_1_83' title='bbox 1327 1136 1584 1199; x_wconf 84' lang='lat' dir='ltr'>eloquen-</span> 
     </span>
     <span class='ocr_line' id='line_1_16' title="bbox 237 1211 1583 1276; baseline -0.006 -7"><span class='ocrx_word' id='word_1_84' title='bbox 237 1223 344 1269; x_wconf 82' lang='lat' dir='ltr'>tiae</span> <span class='ocrx_word' id='word_1_85' title='bbox 372 1217 567 1271; x_wconf 77' lang='lat' dir='ltr'>fateor,</span> <span class='ocrx_word' id='word_1_86' title='bbox 609 1231 664 1259; x_wconf 82' lang='lat' dir='ltr'>ac</span> <span class='ocrx_word' id='word_1_87' title='bbox 690 1213 806 1268; x_wconf 79' lang='lat' dir='ltr'>vix,</span> <span class='ocrx_word' id='word_1_88' title='bbox 847 1212 978 1275; x_wconf 85' lang='lat' dir='ltr'>quid</span> <span class='ocrx_word' id='word_1_89' title='bbox 1009 1211 1164 1271; x_wconf 87' lang='lat' dir='ltr'>adjici</span> <span class='ocrx_word' id='word_1_90' title='bbox 1196 1213 1457 1276; x_wconf 64' lang='lat' dir='ltr'>potuerit,</span> <span class='ocrx_word' id='word_1_91' title='bbox 1499 1214 1583 1261; x_wconf 84' lang='lat' dir='ltr'>in-</span> 
     </span>
     <span class='ocr_line' id='line_1_17' title="bbox 236 1287 1582 1353; baseline -0.008 -6"><span class='ocrx_word' id='word_1_92' title='bbox 236 1297 417 1353; x_wconf 83' lang='lat' dir='ltr'>venio,</span> <span class='ocrx_word' id='word_1_93' title='bbox 438 1288 648 1342; x_wconf 71' lang='lat' dir='ltr'>fortasse</span> <span class='ocrx_word' id='word_1_94' title='bbox 676 1290 1013 1346; x_wconf 83' lang='lat' dir='ltr'>inventurus,</span> <span class='ocrx_word' id='word_1_95' title='bbox 1036 1287 1185 1352; x_wconf 84' lang='lat' dir='ltr'>quod.</span> <span class='ocrx_word' id='word_1_96' title='bbox 1221 1288 1395 1338; x_wconf 83' lang='lat' dir='ltr'>adhuc</span> <span class='ocrx_word' id='word_1_97' title='bbox 1417 1289 1582 1340; x_wconf 86' lang='lat' dir='ltr'>absci-</span> 
     </span>
    </p>
   </div>
   <div class='ocr_carea' id='block_1_5' title="bbox 232 1476 1579 1928">
    <p class='ocr_par' dir='ltr' id='par_1_5' title="bbox 232 1476 1579 1928">
     <span class='ocr_line' id='line_1_18' title="bbox 322 1476 1574 1532; baseline -0.004 -13"><span class='ocrx_word' id='word_1_98' title='bbox 322 1496 385 1532; x_wconf 85' lang='lat'>¹9·</span> <span class='ocrx_word' id='word_1_99' title='bbox 427 1479 638 1531; x_wconf 74' lang='lat' dir='ltr'>consecutos</span> <span class='ocrx_word' id='word_1_100' title='bbox 668 1488 708 1515; x_wconf 73' lang='lat' dir='ltr'>ut</span> <span class='ocrx_word' id='word_1_101' title='bbox 741 1479 853 1528; x_wconf 70' lang='lat' dir='ltr'><em>Pytlz.</em></span> <span class='ocrx_word' id='word_1_102' title='bbox 887 1479 1019 1528; x_wconf 73' lang='lat' dir='ltr'>Camp.</span> <span class='ocrx_word' id='word_1_103' title='bbox 1047 1477 1117 1527; x_wconf 76' lang='lat' dir='ltr'>sed</span> <span class='ocrx_word' id='word_1_104' title='bbox 1147 1488 1188 1514; x_wconf 71' lang='lat' dir='ltr'>ut</span> <span class='ocrx_word' id='word_1_105' title='bbox 1217 1480 1279 1527; x_wconf 81' lang='lat' dir='ltr'>qui</span> <span class='ocrx_word' id='word_1_106' title='bbox 1309 1478 1441 1514; x_wconf 80' lang='lat' dir='ltr'>Turic.</span> <span class='ocrx_word' id='word_1_107' title='bbox 1466 1476 1510 1526; x_wconf 82' lang='lat' dir='ltr'>se</span> <span class='ocrx_word' id='word_1_108' title='bbox 1540 1488 1574 1514; x_wconf 76' lang='lat' dir='ltr'>et</span> 
     </span>
     <span class='ocr_line' id='line_1_19' title="bbox 234 1535 1579 1592; baseline -0.003 -17"><span class='ocrx_word' id='word_1_109' title='bbox 234 1544 296 1592; x_wconf 79' lang='lat' dir='ltr'>qui</span> <span class='ocrx_word' id='word_1_110' title='bbox 335 1541 433 1579; x_wconf 84' lang='lat' dir='ltr'>Jens.</span> <span class='ocrx_word' id='word_1_111' title='bbox 475 1540 589 1573; x_wconf 77' lang='lat' dir='ltr'>Tarv.</span> <span class='ocrx_word' id='word_1_112' title='bbox 625 1536 669 1585; x_wconf 74' lang='lat' dir='ltr'>se</span> <span class='ocrx_word' id='word_1_113' title='bbox 709 1546 750 1571; x_wconf 75' lang='lat' dir='ltr'>ut</span> <span class='ocrx_word' id='word_1_114' title='bbox 781 1545 817 1570; x_wconf 74' lang='lat' dir='ltr'>et</span> <span class='ocrx_word' id='word_1_115' title='bbox 847 1538 909 1586; x_wconf 80' lang='lat' dir='ltr'>qui</span> <span class='ocrx_word' id='word_1_116' title='bbox 947 1537 1080 1570; x_wconf 76' lang='lat' dir='ltr'>Locat.</span> <span class='ocrx_word' id='word_1_117' title='bbox 1116 1537 1213 1572; x_wconf 81' lang='lat' dir='ltr'>Ven.</span> <span class='ocrx_word' id='word_1_118' title='bbox 1246 1536 1354 1570; x_wconf 76' lang='lat' dir='ltr'>nure.</span> <span class='ocrx_word' id='word_1_119' title='bbox 1386 1546 1472 1570; x_wconf 85' lang='lat' dir='ltr'>ante</span> <span class='ocrx_word' id='word_1_120' title='bbox 1494 1535 1579 1582; x_wconf 79' lang='lat' dir='ltr'>fue·</span> 
     </span>
     <span class='ocr_line' id='line_1_20' title="bbox 232 1591 1575 1644; baseline -0.004 -10"><span class='ocrx_word' id='word_1_121' title='bbox 232 1608 319 1634; x_wconf 79' lang='lat' dir='ltr'>runt:</span> <span class='ocrx_word' id='word_1_122' title='bbox 356 1599 489 1644; x_wconf 83' lang='lat' dir='ltr'>Camp.</span> <span class='ocrx_word' id='word_1_123' title='bbox 522 1602 558 1628; x_wconf 75' lang='lat' dir='ltr'>et</span> <span class='ocrx_word' id='word_1_124' title='bbox 575 1591 677 1641; x_wconf 74' lang='lat' dir='ltr'><em>stud.</em></span> <span class='ocrx_word' id='word_1_125' title='bbox 712 1593 844 1627; x_wconf 79' lang='lat' dir='ltr'>Turio.</span> <span class='ocrx_word' id='word_1_126' title='bbox 871 1606 1003 1628; x_wconf 85' lang='lat' dir='ltr'>vocare</span> <span class='ocrx_word' id='word_1_127' title='bbox 1035 1592 1109 1627; x_wconf 81' lang='lat' dir='ltr'>vol.</span> <span class='ocrx_word' id='word_1_128' title='bbox 1145 1593 1277 1627; x_wconf 82' lang='lat' dir='ltr'>Turio.</span> <span class='ocrx_word' id='word_1_129' title='bbox 1314 1591 1417 1627; x_wconf 81' lang='lat' dir='ltr'>Flor.</span> <span class='ocrx_word' id='word_1_130' title='bbox 1441 1594 1575 1641; x_wconf 83' lang='lat' dir='ltr'>Camp.</span> 
     </span>
     <span class='ocr_line' id='line_1_21' title="bbox 512 1646 1575 1697; baseline -0.003 -12"><span class='ocrx_word' id='word_1_131' title='bbox 512 1651 611 1685; x_wconf 81' lang='lat' dir='ltr'>viros</span> <span class='ocrx_word' id='word_1_132' title='bbox 632 1648 702 1697; x_wconf 77' lang='lat' dir='ltr'>sed</span> <span class='ocrx_word' id='word_1_133' title='bbox 732 1646 1003 1697; x_wconf 63' lang='lat' dir='ltr'>prudentissime</span> <span class='ocrx_word' id='word_1_134' title='bbox 1034 1649 1166 1683; x_wconf 84' lang='lat' dir='ltr'>Turio.</span> <span class='ocrx_word' id='word_1_135' title='bbox 1199 1648 1303 1683; x_wconf 82' lang='lat' dir='ltr'>Flor.</span> <span class='ocrx_word' id='word_1_136' title='bbox 1336 1648 1575 1683; x_wconf 74' lang='lat' dir='ltr'>Postremum</span> 
     </span>
     <span class='ocr_line' id='line_1_22' title="bbox 233 1704 1574 1757; baseline -0.006 -11"><span class='ocrx_word' id='word_1_137' title='bbox 233 1709 337 1748; x_wconf 75' lang='lat' dir='ltr'><strong>Alm.</strong></span> <span class='ocrx_word' id='word_1_138' title='bbox 369 1720 538 1757; x_wconf 83' lang='lat' dir='ltr'>quoque.</span> <span class='ocrx_word' id='word_1_139' title='bbox 570 1719 717 1754; x_wconf 82' lang='lat' dir='ltr'>cumque</span> <span class='ocrx_word' id='word_1_140' title='bbox 745 1707 896 1753; x_wconf 78' lang='lat' dir='ltr'>proprie</span> <span class='ocrx_word' id='word_1_141' title='bbox 928 1705 1059 1739; x_wconf 72' lang='lat' dir='ltr'>Turio.</span> <span class='ocrx_word' id='word_1_142' title='bbox 1096 1704 1199 1739; x_wconf 81' lang='lat' dir='ltr'>Flor.</span> <span class='ocrx_word' id='word_1_143' title='bbox 1230 1707 1300 1738; x_wconf 74' lang='lat' dir='ltr'>erit</span> <span class='ocrx_word' id='word_1_144' title='bbox 1320 1718 1468 1752; x_wconf 77' lang='lat' dir='ltr'>cumque</span> <span class='ocrx_word' id='word_1_145' title='bbox 1491 1718 1574 1739; x_wconf 84' lang='lat' dir='ltr'>ora-</span> 
     </span>
     <span class='ocr_line' id='line_1_23' title="bbox 233 1759 1578 1810; baseline -0.004 -9"><span class='ocrx_word' id='word_1_146' title='bbox 233 1778 351 1804; x_wconf 82' lang='lat' dir='ltr'>torem</span> <span class='ocrx_word' id='word_1_147' title='bbox 389 1764 522 1800; x_wconf 81' lang='lat' dir='ltr'>Turio.</span> <span class='ocrx_word' id='word_1_148' title='bbox 563 1761 665 1797; x_wconf 86' lang='lat' dir='ltr'>Flor.</span> <span class='ocrx_word' id='word_1_149' title='bbox 708 1761 806 1810; x_wconf 80' lang='lat' dir='ltr'>(qui</span> <span class='ocrx_word' id='word_1_150' title='bbox 837 1759 1024 1809; x_wconf 76' lang='lat' dir='ltr'>posterior</span> <span class='ocrx_word' id='word_1_151' title='bbox 1052 1761 1152 1794; x_wconf 76' lang='lat' dir='ltr'>infra</span> <span class='ocrx_word' id='word_1_152' title='bbox 1186 1762 1298 1795; x_wconf 75' lang='lat' dir='ltr'>etiam</span> <span class='ocrx_word' id='word_1_153' title='bbox 1331 1764 1364 1807; x_wconf 52' lang='grc' dir='ltr'>ᾗ.</span> <span class='ocrx_word' id='word_1_154' title='bbox 1400 1767 1464 1804; x_wconf 75' lang='grc'>54.</span> <span class='ocrx_word' id='word_1_155' title='bbox 1498 1774 1578 1796; x_wconf 86' lang='lat' dir='ltr'>cum</span> 
     </span>
     <span class='ocr_line' id='line_1_24' title="bbox 233 1816 1575 1871; baseline -0.003 -16"><span class='ocrx_word' id='word_1_156' title='bbox 233 1825 283 1859; x_wconf 74' lang='lat' dir='ltr'>ad</span> <span class='ocrx_word' id='word_1_157' title='bbox 312 1836 384 1871; x_wconf 79' lang='lat' dir='ltr'>pro</span> <span class='ocrx_word' id='word_1_158' title='bbox 417 1834 498 1855; x_wconf 84' lang='lat' dir='ltr'>eum</span> <span class='ocrx_word' id='word_1_159' title='bbox 529 1819 629 1863; x_wconf 78' lang='lat' dir='ltr'><em>ad).—</em></span> <span class='ocrx_word' id='word_1_160' title='bbox 690 1818 735 1853; x_wconf 80' lang='lat' dir='ltr'>ab</span> <span class='ocrx_word' id='word_1_161' title='bbox 778 1816 878 1851; x_wconf 85' lang='lat' dir='ltr'>Alm.</span> <span class='ocrx_word' id='word_1_162' title='bbox 918 1829 1089 1863; x_wconf 75' lang='lat' dir='ltr'>quaeram.</span> <span class='ocrx_word' id='word_1_163' title='bbox 1129 1816 1248 1851; x_wconf 79' lang='lat' dir='ltr'>abessc</span> <span class='ocrx_word' id='word_1_164' title='bbox 1277 1817 1433 1852; x_wconf 82' lang='lat' dir='ltr'>dicitur.</span> <span class='ocrx_word' id='word_1_165' title='bbox 1465 1830 1575 1866; x_wconf 80' lang='lat' dir='ltr'>quae-</span> 
     </span>
     <span class='ocr_line' id='line_1_25' title="bbox 232 1871 1435 1928; baseline -0.007 -12"><span class='ocrx_word' id='word_1_166' title='bbox 232 1894 312 1916; x_wconf 87' lang='lat' dir='ltr'>ram</span> <span class='ocrx_word' id='word_1_167' title='bbox 343 1878 579 1928; x_wconf 76' lang='lat' dir='ltr'>eloquentiae</span> <span class='ocrx_word' id='word_1_168' title='bbox 610 1883 794 1910; x_wconf 79' lang='lat' dir='ltr'>oratorem</span> <span class='ocrx_word' id='word_1_169' title='bbox 827 1874 959 1921; x_wconf 87' lang='lat' dir='ltr'>Camp.</span> <span class='ocrx_word' id='word_1_170' title='bbox 994 1873 1194 1920; x_wconf 74' lang='lat' dir='ltr'>quaerebat</span> <span class='ocrx_word' id='word_1_171' title='bbox 1224 1885 1302 1909; x_wconf 88' lang='lat' dir='ltr'>om.</span> <span class='ocrx_word' id='word_1_172' title='bbox 1338 1871 1435 1908; x_wconf 87' lang='lat' dir='ltr'><strong>Obr.</strong></span> 
     </span>
    </p>
   </div>
   <div class='ocr_carea' id='block_1_6' title="bbox 231 1970 1574 2306">
    <p class='ocr_par' dir='ltr' id='par_1_6' title="bbox 234 1970 1574 2140">
     <span class='ocr_line' id='line_1_26' title="bbox 321 1970 1574 2027; baseline -0.003 -14"><span class='ocrx_word' id='word_1_173' title='bbox 321 1992 384 2016; x_wconf 84' lang='lat'>20.</span> <span class='ocrx_word' id='word_1_174' title='bbox 409 1976 551 2027; x_wconf 58' lang='lat' dir='ltr'>scetiſj‘e</span> <span class='ocrx_word' id='word_1_175' title='bbox 584 1991 664 2011; x_wconf 83' lang='lat' dir='ltr'>eum</span> <span class='ocrx_word' id='word_1_176' title='bbox 697 1977 830 2024; x_wconf 80' lang='lat' dir='ltr'>Camp.</span> <span class='ocrx_word' id='word_1_177' title='bbox 856 1975 954 2013; x_wconf 86' lang='lat' dir='ltr'>Jens.</span> <span class='ocrx_word' id='word_1_178' title='bbox 986 1970 1073 2025; x_wconf 83' lang='lat' dir='ltr'>(tac.</span> <span class='ocrx_word' id='word_1_179' title='bbox 1102 1975 1229 2018; x_wconf 83' lang='lat' dir='ltr'>Gesn.)</span> <span class='ocrx_word' id='word_1_180' title='bbox 1271 1986 1359 2009; x_wconf 89' lang='lat' dir='ltr'>cum</span> <span class='ocrx_word' id='word_1_181' title='bbox 1383 1974 1466 2009; x_wconf 85' lang='lat' dir='ltr'>edd.</span> <span class='ocrx_word' id='word_1_182' title='bbox 1489 1985 1574 2009; x_wconf 78' lang='lat' dir='ltr'>ante</span> 
     </span>
     <span class='ocr_line' id='line_1_27' title="bbox 234 2029 1572 2082; baseline -0.007 -7"><span class='ocrx_word' id='word_1_183' title='bbox 234 2041 359 2075; x_wconf 79' lang='lat' dir='ltr'>Stoer.</span> <span class='ocrx_word' id='word_1_184' title='bbox 380 2049 461 2071; x_wconf 81' lang='lat' dir='ltr'>exc.</span> <span class='ocrx_word' id='word_1_185' title='bbox 487 2034 573 2068; x_wconf 87' lang='lat' dir='ltr'><strong>Ald.</strong></span> <span class='ocrx_word' id='word_1_186' title='bbox 597 2034 827 2082; x_wconf 81' lang='lat' dir='ltr'>eloquentiae</span> <span class='ocrx_word' id='word_1_187' title='bbox 861 2045 936 2066; x_wconf 87' lang='lat' dir='ltr'>om.</span> <span class='ocrx_word' id='word_1_188' title='bbox 962 2031 1093 2066; x_wconf 78' lang='lat' dir='ltr'>Turio.</span> <span class='ocrx_word' id='word_1_189' title='bbox 1121 2029 1224 2065; x_wconf 86' lang='lat' dir='ltr'>Flor.</span> <span class='ocrx_word' id='word_1_190' title='bbox 1249 2032 1382 2078; x_wconf 78' lang='lat' dir='ltr'>Camp.</span> <span class='ocrx_word' id='word_1_191' title='bbox 1414 2043 1444 2064; x_wconf 88' lang='lat' dir='ltr'>c.</span> <span class='ocrx_word' id='word_1_192' title='bbox 1469 2030 1572 2066; x_wconf 86' lang='lat' dir='ltr'>Alm.</span> 
     </span>
     <span class='ocr_line' id='line_1_28' title="bbox 527 2086 1573 2140; baseline -0.005 -15"><span class='ocrx_word' id='word_1_193' title='bbox 527 2090 617 2140; x_wconf 82' lang='lat' dir='ltr'>quid</span> <span class='ocrx_word' id='word_1_194' title='bbox 640 2089 759 2123; x_wconf 75' lang='lat' dir='ltr'><em>adhuc</em></span> <span class='ocrx_word' id='word_1_195' title='bbox 777 2088 907 2123; x_wconf 80' lang='lat' dir='ltr'>Turio.</span> <span class='ocrx_word' id='word_1_196' title='bbox 932 2086 1063 2122; x_wconf 80' lang='lat' dir='ltr'><strong>Ambr.</strong></span> <span class='ocrx_word' id='word_1_197' title='bbox 1092 2098 1126 2122; x_wconf 86' lang='lat'>2.</span> <span class='ocrx_word' id='word_1_198' title='bbox 1159 2086 1284 2121; x_wconf 81' lang='lat' dir='ltr'>Guelf.</span> <span class='ocrx_word' id='word_1_199' title='bbox 1318 2088 1449 2133; x_wconf 80' lang='lat' dir='ltr'>Camp.</span> <span class='ocrx_word' id='word_1_200' title='bbox 1483 2086 1573 2133; x_wconf 85' lang='lat' dir='ltr'>(qui</span> 
     </span>
    </p>

    <p class='ocr_par' dir='ltr' id='par_1_7' title="bbox 231 2140 1571 2306">
     <span class='ocr_line' id='line_1_29' title="bbox 231 2140 1566 2197; baseline -0.008 -9"><span class='ocrx_word' id='word_1_201' title='bbox 231 2151 400 2188; x_wconf 73' lang='lat' dir='ltr'>vicissim</span> <span class='ocrx_word' id='word_1_202' title='bbox 432 2149 538 2197; x_wconf 85' lang='lat' dir='ltr'>[upra</span> <span class='ocrx_word' id='word_1_203' title='bbox 561 2147 659 2195; x_wconf 78' lang='lat' dir='ltr'>quod</span> <span class='ocrx_word' id='word_1_204' title='bbox 682 2145 813 2190; x_wconf 76' lang='lat' dir='ltr'>adjici)</span> <span class='ocrx_word' id='word_1_205' title='bbox 837 2157 867 2179; x_wconf 91' lang='lat' dir='ltr'>c.</span> <span class='ocrx_word' id='word_1_206' title='bbox 899 2141 1015 2178; x_wconf 86' lang='lat' dir='ltr'>Goth.</span> <span class='ocrx_word' id='word_1_207' title='bbox 1041 2142 1142 2178; x_wconf 79' lang='lat' dir='ltr'>Voss&#39;.</span> <span class='ocrx_word' id='word_1_208' title='bbox 1166 2151 1201 2177; x_wconf 81' lang='lat'>2.</span> <span class='ocrx_word' id='word_1_209' title='bbox 1225 2150 1260 2184; x_wconf 78' lang='grc'>5.</span> <span class='ocrx_word' id='word_1_210' title='bbox 1292 2140 1392 2176; x_wconf 85' lang='lat' dir='ltr'>Alm.</span> <span class='ocrx_word' id='word_1_211' title='bbox 1425 2152 1461 2177; x_wconf 87' lang='lat' dir='ltr'>et</span> <span class='ocrx_word' id='word_1_212' title='bbox 1481 2142 1566 2178; x_wconf 85' lang='lat' dir='ltr'>edd.</span> 
     </span>
     <span class='ocr_line' id='line_1_30' title="bbox 231 2198 1570 2254; baseline -0.008 -10"><span class='ocrx_word' id='word_1_213' title='bbox 231 2219 319 2244; x_wconf 80' lang='lat' dir='ltr'>ante</span> <span class='ocrx_word' id='word_1_214' title='bbox 343 2205 494 2254; x_wconf 82' lang='lat' dir='ltr'>Gryph.</span> <span class='ocrx_word' id='word_1_215' title='bbox 778 2198 1008 2248; x_wconf 71' lang='lat' dir='ltr'>abscisurum.</span> <span class='ocrx_word' id='word_1_216' title='bbox 1043 2201 1094 2233; x_wconf 88' lang='lat' dir='ltr'>Ita</span> <span class='ocrx_word' id='word_1_217' title='bbox 1127 2198 1203 2232; x_wconf 86' lang='lat' dir='ltr'>sine</span> <span class='ocrx_word' id='word_1_218' title='bbox 1229 2198 1340 2233; x_wconf 80' lang='lat' dir='ltr'>libris</span> <span class='ocrx_word' id='word_1_219' title='bbox 1367 2198 1480 2233; x_wconf 83' lang='lat' dir='ltr'>etiam</span> <span class='ocrx_word' id='word_1_220' title='bbox 1505 2198 1570 2233; x_wconf 84' lang='lat' dir='ltr'>hio</span> 
     </span>
     <span class='ocr_line' id='line_1_31' title="bbox 232 2253 1571 2306; baseline -0.008 -5"><span class='ocrx_word' id='word_1_221' title='bbox 232 2263 434 2301; x_wconf 73' lang='lat' dir='ltr'>emendare</span> <span class='ocrx_word' id='word_1_222' title='bbox 455 2259 573 2297; x_wconf 81' lang='lat' dir='ltr'>debui</span> <span class='ocrx_word' id='word_1_223' title='bbox 595 2256 798 2306; x_wconf 80' lang='lat' dir='ltr'>vulgatum</span> <span class='ocrx_word' id='word_1_224' title='bbox 825 2254 1079 2305; x_wconf 60' lang='lat' dir='ltr'>aly‘biffizrum,</span> <span class='ocrx_word' id='word_1_225' title='bbox 1109 2266 1196 2289; x_wconf 84' lang='lat' dir='ltr'>cum</span> <span class='ocrx_word' id='word_1_226' title='bbox 1230 2253 1325 2289; x_wconf 74' lang='lat' dir='ltr'>alibi</span> <span class='ocrx_word' id='word_1_227' title='bbox 1353 2254 1571 2290; x_wconf 79' lang='lat' dir='ltr'>addicentes</span> 
     </span>
    </p>
   </div>
   <div class='ocr_carea' id='block_1_7' title="bbox 229 2422 1569 2700">
    <p class='ocr_par' dir='ltr' id='par_1_8' title="bbox 229 2422 1569 2700">
     <span class='ocr_line' id='line_1_32' title="bbox 291 2422 1569 2480; baseline -0.006 -14"><span class='ocrx_word' id='word_1_228' title='bbox 291 2443 356 2480; x_wconf 81' lang='lat'>19.</span> <span class='ocrx_word' id='word_1_229' title='bbox 418 2444 524 2479; x_wconf 77' lang='lat' dir='ltr'>quem</span> <span class='ocrx_word' id='word_1_230' title='bbox 562 2437 598 2464; x_wconf 81' lang='lat' dir='ltr'>el:</span> <span class='ocrx_word' id='word_1_231' title='bbox 629 2428 692 2464; x_wconf 83' lang='lat' dir='ltr'>ille</span> <span class='ocrx_word' id='word_1_232' title='bbox 723 2439 871 2476; x_wconf 86' lang='lat' dir='ltr'>quaere·</span> <span class='ocrx_word' id='word_1_233' title='bbox 930 2423 1160 2473; x_wconf 76' lang='lat' dir='ltr'>abscisurum.</span> <span class='ocrx_word' id='word_1_234' title='bbox 1182 2423 1229 2458; x_wconf 81' lang='lat' dir='ltr'>cf.</span> <span class='ocrx_word' id='word_1_235' title='bbox 1258 2435 1319 2463; x_wconf 87' lang='lat'>10,</span> <span class='ocrx_word' id='word_1_236' title='bbox 1345 2435 1378 2464; x_wconf 84' lang='grc' dir='ltr'>ι,</span> <span class='ocrx_word' id='word_1_237' title='bbox 1406 2422 1569 2458; x_wconf 77' lang='lat' dir='ltr'><em>106.1&#39;Ill&#39;</em></span> 
     </span>
     <span class='ocr_line' id='line_1_33' title="bbox 230 2476 1569 2526; baseline -0.01 -1"><span class='ocrx_word' id='word_1_238' title='bbox 230 2491 304 2525; x_wconf 67' lang='lat' dir='ltr'>Dat.</span> <span class='ocrx_word' id='word_1_239' title='bbox 364 2488 498 2523; x_wconf 82' lang='lat' dir='ltr'>Veluti</span> <span class='ocrx_word' id='word_1_240' title='bbox 521 2488 563 2521; x_wconf 89' lang='lat' dir='ltr'>in</span> <span class='ocrx_word' id='word_1_241' title='bbox 584 2485 748 2521; x_wconf 83' lang='lat' dir='ltr'>Oratore</span> <span class='ocrx_word' id='word_1_242' title='bbox 774 2495 805 2517; x_wconf 90' lang='lat' dir='ltr'>c.</span> <span class='ocrx_word' id='word_1_243' title='bbox 834 2493 871 2517; x_wconf 87' lang='lat'>2.</span> <span class='ocrx_word' id='word_1_244' title='bbox 930 2482 1023 2515; x_wconf 71' lang='lat' dir='ltr'>nihil</span> <span class='ocrx_word' id='word_1_245' title='bbox 1046 2480 1192 2516; x_wconf 70' lang='lat' dir='ltr'>detrahi</span> <span class='ocrx_word' id='word_1_246' title='bbox 1212 2476 1342 2526; x_wconf 75' lang='lat' dir='ltr'>potest,</span> <span class='ocrx_word' id='word_1_247' title='bbox 1374 2479 1454 2513; x_wconf 80' lang='lat' dir='ltr'>huic</span> <span class='ocrx_word' id='word_1_248' title='bbox 1474 2478 1569 2513; x_wconf 83' lang='lat' dir='ltr'>nihil-</span> 
     </span>
     <span class='ocr_line' id='line_1_34' title="bbox 231 2535 1566 2593; baseline -0.01 -11"><span class='ocrx_word' id='word_1_249' title='bbox 231 2557 296 2593; x_wconf 80' lang='lat'>29.</span> <span class='ocrx_word' id='word_1_250' title='bbox 356 2544 601 2581; x_wconf 80' lang='lat' dir='ltr'>Demonstrat</span> <span class='ocrx_word' id='word_1_251' title='bbox 629 2541 812 2576; x_wconf 80' lang='lat' dir='ltr'>Gesnerus</span> <span class='ocrx_word' id='word_1_252' title='bbox 835 2548 870 2573; x_wconf 84' lang='lat' dir='ltr'>et</span> <span class='ocrx_word' id='word_1_253' title='bbox 928 2539 1052 2582; x_wconf 78' lang='lat' dir='ltr'>adjici.</span> <span class='ocrx_word' id='word_1_254' title='bbox 1083 2556 1138 2564; x_wconf 91' lang='lat'>—-</span> <span class='ocrx_word' id='word_1_255' title='bbox 1170 2536 1284 2571; x_wconf 79' lang='lat' dir='ltr'><strong><em>adhuc</em></strong></span> <span class='ocrx_word' id='word_1_256' title='bbox 1317 2536 1344 2571; x_wconf 88' lang='lat' dir='ltr'>i.</span> <span class='ocrx_word' id='word_1_257' title='bbox 1385 2536 1431 2570; x_wconf 77' lang='lat' dir='ltr'>ad</span> <span class='ocrx_word' id='word_1_258' title='bbox 1469 2548 1509 2570; x_wconf 85' lang='lat' dir='ltr'>ea</span> <span class='ocrx_word' id='word_1_259' title='bbox 1540 2535 1566 2568; x_wconf 87' lang='lat' dir='ltr'>s.</span> 
     </span>
     <span class='ocr_line' id='line_1_35' title="bbox 229 2590 1565 2643; baseline -0.009 -5"><span class='ocrx_word' id='word_1_260' title='bbox 229 2601 349 2638; x_wconf 78' lang='lat' dir='ltr'>Craffi</span> <span class='ocrx_word' id='word_1_261' title='bbox 384 2600 607 2638; x_wconf 79' lang='lat' dir='ltr'>sententiam</span> <span class='ocrx_word' id='word_1_262' title='bbox 643 2598 689 2632; x_wconf 85' lang='lat' dir='ltr'>de</span> <span class='ocrx_word' id='word_1_263' title='bbox 723 2596 790 2632; x_wconf 84' lang='lat' dir='ltr'>Or.</span> <span class='ocrx_word' id='word_1_264' title='bbox 820 2603 867 2637; x_wconf 81' lang='lat'>5,</span> <span class='ocrx_word' id='word_1_265' title='bbox 927 2606 1076 2643; x_wconf 71' lang='lat' dir='ltr'>praeter</span> <span class='ocrx_word' id='word_1_266' title='bbox 1102 2607 1142 2628; x_wconf 84' lang='lat' dir='ltr'>ea</span> <span class='ocrx_word' id='word_1_267' title='bbox 1160 2593 1348 2640; x_wconf 82' lang='lat' dir='ltr'>quaejam</span> <span class='ocrx_word' id='word_1_268' title='bbox 1365 2590 1565 2627; x_wconf 75' lang='lat' dir='ltr'>abscidisse</span> 
     </span>
     <span class='ocr_line' id='line_1_36' title="bbox 229 2649 1198 2700; baseline -0.009 -7"><span class='ocrx_word' id='word_1_269' title='bbox 229 2667 295 2693; x_wconf 79' lang='lat'>22.</span> <span class='ocrx_word' id='word_1_270' title='bbox 926 2651 1118 2700; x_wconf 80' lang='lat' dir='ltr'>putandus</span> <span class='ocrx_word' id='word_1_271' title='bbox 1138 2649 1198 2685; x_wconf 72' lang='lat' dir='ltr'>est.</span> 
     </span>
    </p>
   </div>
   <div class='ocr_carea' id='block_1_8' title="bbox 284 2710 866 2767">
    <p class='ocr_par' dir='ltr' id='par_1_9' title="bbox 284 2710 866 2767">
     <span class='ocr_line' id='line_1_37' title="bbox 284 2710 866 2767; baseline -0.022 -12"><span class='ocrx_word' id='word_1_272' title='bbox 284 2728 351 2755; x_wconf 85' lang='lat'>20.</span> <span class='ocrx_word' id='word_1_273' title='bbox 385 2717 471 2767; x_wconf 80' lang='lat' dir='ltr'>quid</span> <span class='ocrx_word' id='word_1_274' title='bbox 506 2710 866 2760; x_wconf 74' lang='lat' dir='ltr'>adjici-r-quod—</span> 
     </span>
    </p>
   </div>
  </div>
 </body>
</html>
