1779 3062
421 177 582 230 1NST‚
623 178 902 224 ORATOR.
938 177 1060 223 Lm.
1098 177 1197 233 XI,
1231 180 1281 232 3ss
1419 180 1521 234 475

178 305 334 356 eiatio
372 313 427 353 et
461 304 735 361 vultuosa,
786 314 840 352 et
876 302 1367 369 gesticulationibus
1408 320 1524 352 mo-

177 381 330 438 lesta,
365 390 418 429 et
454 385 603 429 vocis
634 382 1023 430 mutationibus
1058 379 1331 430 resultans.
1406 382 1524 429 Nec

177 459 443 508 inutiliter
493 473 558 505 ex
605 456 813 505 Graecis
862 468 1062 506 veteres
1110 457 1526 516 transtulerunt,

179 535 330 602 quod
362 534 425 583 ab
460 534 526 584 iis
554 531 790 582 sumtum
829 535 1028 583 Laenas
1059 535 1300 599 Popilius
1334 533 1527 598 posuit,

179 611 279 673 ess'e
310 611 440 660 hanc
469 606 740 682 inotiosam
769 611 1031 658 actionem.
1114 611 1327 677 Optime
1358 611 1525 676 igitur
1537 626 1608 670 ιδῃ

179 689 352 748 idem,
392 689 487 755 qui
520 689 725 746 omnia,
765 687 954 736 Cicero
992 698 1350 753 praeceperat,
1390 704 1536 756 quae>

178 859 226 897 cf.
249 857 400 906 §.164
435 851 585 904 moleste
611 864 648 890 et
663 853 798 892 Ambr.
821 865 859 892 2.
883 866 971 890 cum
988 854 1096 894 Voss'.
1123 868 1155 890 ι.
1179 852 1332 903 molesta
1347 864 1531 892 ——muta-

180 915 343 952 tionibus
371 915 559 950 omittunt
593 913 726 948 Turic.
762 912 867 948 Flor.
901 924 991 948 curn
1008 911 1112 947 Alm.
1148 921 1184 947 et
1208 914 1362 948 Graecis
1396 916 1531 948 veteris

179 971 315 1008 Turic.
349 970 453 1007 Flor.
485 978 522 1004 ec
550 982 684 1017 graeca
712 984 746 1006 v.
780 970 914 1018 Camp.
1143 969 1188 1003 ab
1223 971 1278 1004 iis.
1318 969 1381 1004 Sic
1411 971 1530 1007 Goth.

175 1022 277 1080 (tac.
308 1027 448 1071 Gesn.)
479 1026 611 1074 Camp.
642 1026 689 1061 ab
720 1028 752 1060 is
783 1025 916 1062 Ambr.
953 1034 989 1060 2.
1025 1039 1048 1061 a
1076 1024 1184 1060 bonis
1213 1024 1340 1060 Gueli.
1371 1041 1395 1061 a
1424 1027 1534 1062 nohis

176 1097 298 1133 marg.
323 1083 435 1119 Basil.
468 1082 515 1118 ab
540 1082 597 1116 his
621 1082 767 1131 reliqui
793 1081 858 1129 (cf.
881 1082 913 1126 §.
941 1085 1060 1128 134).
1122 1082 1258 1118 Lenaae
1288 1082 1406 1117 Goth.
1439 1084 1531 1125 (tac.

177 1141 318 1183 Gesn.)
377 1140 462 1177 Nos
492 1151 638 1174 nomen
665 1153 734 1188 per
766 1138 1063 1187 diphthongum
1099 1138 1324 1178 scribimus,
1355 1138 1420 1173 hic
1442 1139 1532 1187 qui·

179 1197 265 1233 dem
289 1198 367 1234 sine
390 1195 618 1233 auctoritate
640 1195 736 1231 libb.
795 1196 870 1231 Sed
891 1196 948 1229 ita
968 1195 1098 1231 Turio.
1125 1206 1163 1230 et
1185 1204 1222 1237 5,
1258 1209 1294 1235 1,
1322 1206 1384 1230 21.

293 1255 386 1290 hanc
415 1250 600 1300 mocosam
627 1251 734 1288 Flor.
773 1251 908 1287 Ambr.
937 1261 975 1286 2.
999 1264 1089 1287 cum
1112 1253 1224 1286 Bern.
1256 1251 1323 1296 (cf.
1346 1250 1461 1289 SaIm.
1483 1252 1532 1288 ad

180 1311 298 1349 Treb.
330 1309 524 1346 Pollionis
554 1307 719 1344 Gallien.
752 1320 782 1344 c.
816 1315 853 1353 8.
886 1319 923 1350 p.
958 1314 1051 1352 203,
1083 1306 1188 1343 nihii
1210 1320 1325 1355 agens
1350 1319 1387 1344 et
1410 1322 1531 1357 quan-

183 1367 330 1404 tumvis
360 1366 511 1402 erudite
541 1365 736 1413 ineptiens
768 1378 849 1400 non
879 1363 1003 1399 solum
1033 1364 1163 1399 nostro
1194 1364 1255 1398 sed
1289 1375 1327 1399 et
1349 1365 1534 1402 Ciceroni

180 1424 229 1461 ad
259 1426 337 1461 Att.
374 1437 408 1462 1,
441 1431 502 1466 13.
534 1421 777 1457 obtundenda
797 1434 895 1457 voce
917 1420 1114 1461 inaudita,
1153 1420 1326 1456 revictus
1358 1421 1463 1457 idem
1484 1422 1533 1458 ab

179 1482 214 1521 J.
242 1483 302 1516 Fr.
326 1477 534 1516 Gronovio
554 1478 603 1512 ad
623 1478 709 1512 Sen.
739 1477 827 1513 Nat.
851 1478 998 1523 Quaest.
1027 1490 1062 1516 1,
1088 1477 1140 1521 ι.)
1162 1476 1198 1511 It.
1216 1475 1389 1525 vitiosam
1403 1477 1535 1516 Guelf.

180 1539 215 1574 Ῑι.
247 1535 459 1585 invitiosam
499 1534 616 1570 Goth.
652 1534 686 1569 h.
720 1532 922 1581 injocosam
954 1534 1057 1569 Voss'.
1095 1546 1131 1567 ι.
1164 1541 1201 1575 5.
1238 1533 1273 1567 Ῑι.
1298 1535 1336 1567 in
1371 1533 1536 1583 ociosum.

168 1591 316 1643 ‘Camp.
353 1594 388 1628 h.
410 1590 594 1640 mucosum
621 1591 738 1626 Tarv.
765 1602 856 1626 cum
880 1589 1097 1626 Andreana.
1133 1591 1283 1625 actione
1303 1589 1436 1639 Camp.

181 1752 278 1790 bulo
308 1762 483 1789 utentem
514 1751 748 1788 demonstrat
766 1751 832 1788 ei·
889 1762 1093 1800 ceptorum
1112 1747 1289 1792 Laenas,
1322 1746 1369 1787 de
1387 1763 1466 1800 quo
1490 1751 1540 1791 cf.

183 1822 365 1846 cel-onem
397 1808 494 1844 Orat
530 1823 562 1846 c.
590 1815 652 1853 13.
714 1809 830 1846 Simi-
895 1821 958 1848 10,
985 1818 1020 1848 7,
1041 1817 1108 1850 52.

180 1864 234 1901 lia
257 1867 343 1902 [unt
359 1865 477 1914 ipsius
496 1878 653 1914 quoque
675 1865 832 1901 Cicero·
947 1863 1148 1912 inotiosam
1163 1866 1358 1901 accionem.
1389 1865 1475 1901 Nec
1486 1863 1540 1900 la-

184 1923 246 1960 nis
266 1921 432 1971 actuosus
452 1932 491 1959 et
520 1922 747 1971 sequiorum
765 1935 830 1971 ge·
889 1921 1031 1962 tinam,
1063 1921 1106 1955 id
1128 1922 1236 1970 quod
1261 1923 1342 1957 sane
1366 1934 1447 1957 non
1466 1922 1540 1957 mi-

176 1976 341 2030 stuosus.
890 1991 1005 2019 rum,
1038 1991 1109 2013 nec
1138 1979 1329 2014 Graecum
1358 1977 1452 2014 huic
1481 1992 1542 2015 re·

890 2034 1082 2084 spondens
1112 2033 1350 2070 vocabulum
1380 2034 1543 2071 demon-

244 2100 385 2130 veteres
417 2091 693 2128 transtulerunt.
751 2091 834 2127 De·
892 2091 1006 2127 strare
1044 2091 1173 2127 adhuc
1202 2091 1426 2127 habuerunt
1450 2093 1540 2130 VV.

186 2150 448 2188 monstrantur
476 2149 521 2190 ii,
560 2161 658 2197 quos
687 2161 834 2197 cogno·
892 2149 985 2183 DD.
1011 2147 1083 2183 nisi
1104 2148 1211 2196 quod
1235 2148 1424 2197 aptissime
1453 2148 1544 2184 Ges-

187 2209 318 2247 vimus
351 2206 382 2250 ὦ.
422 2206 512 2242 106.
572 2205 675 2241 Cave
707 2215 836 2242 autem
894 2217 1012 2241 nerus
1042 2205 1195 2240 confert
1226 2205 1387 2240 Lucian.
1408 2204 1547 2242 Philo-

179 2264 454 2301 transtulerunt
495 2261 659 2310 accipias
689 2262 736 2297 de
766 2276 837 2299 vo·
895 2272 993 2310 patr.
1028 2275 1059 2297 c.
1095 2269 1160 2305 25.
1191 2274 1229 2310 p.
1265 2261 1360 2307 614.
1393 2260 1457 2305 τὴν
1487 2276 1549 2298 πο-

190 2320 330 2357 cabulo
362 2319 404 2354 in
442 2318 606 2355 latinum
638 2321 838 2359 converso,
897 2315 1107 2366 λυάσχολον
1121 2317 1381 2362 μαθηματικὴν
1393 2318 1420 2353 i.
1436 2318 1553 2354 astro·

191 2377 258 2413 cui
286 2388 368 2411 non
398 2375 584 2423 congruit
615 2375 723 2423 quod
751 2389 839 2417 „ex
897 2374 1061 2424 logiam.
1114 2376 1199 2412 Nec
1220 2375 1346 2422 igitur
1370 2374 1552 2411 dubitare

190 2434 411 2475 „Graecis“
435 2431 592 2473 dicitur,
629 2445 711 2467 non
751 2447 839 2475 „ex
897 2432 1003 2474 licet,
1040 2433 1136 2481 quin
1162 2430 1328 2479 ἄσχολον
1361 2429 1549 2479 ὑπόκρισιν

192 2490 412 2532 ,‚Graeco.·‘
469 2487 567 2528 Nec,
588 2488 618 2523 si
653 2488 730 2524 hoc
761 2491 840 2540 [pe—
900 2490 1074 2525 dixerint
1093 2490 1232 2524 Graeci
1251 2488 1441 2528 rhetores,
1481 2488 1550 2524 etsi

196 2546 326 2582 ctaffet
341 2545 430 2591 Qua,
459 2545 651 2591 integram
675 2544 845 2583 locutio·
901 2547 1080 2582 nondum
1117 2546 1234 2581 nobis
1273 2544 1435 2593 quidem
1468 2546 1551 2580 ani·

196 2616 285 2639 nem
328 2600 565 2647 subjecisset:
634 2599 704 2651 effe
739 2605 844 2640 hanc.
903 2603 1106 2639 madversi.
1134 2601 1242 2638 Talis
1273 2602 1552 2649 pronunciatio

196 2662 232 2695 A
253 2657 437 2694 veteribus
457 2657 581 2705 igitur
607 2658 685 2693 hoc
719 2658 849 2697 sumsit
907 2661 1029 2698 fuerit
1043 2658 1313 2708 satagentium,
1336 2671 1417 2694 non
1440 2672 1555 2708 agen·

196 2717 277 2767 ipse
304 2714 581 2764 recentiorum·
603 2728 704 2752 unus
739 2730 849 2769 prae·
909 2720 1011 2758 tium.
1036 2717 1083 2753 Cf·
1104 2716 1136 2761 ᾗ·
1163 2714 1253 2750 126.
