1779 3062
269 143 369 205 462
594 145 666 191 M.
703 118 838 192 ΕΑΒ.
874 143 1289 202 QU1NTrL1AN1

256 265 504 342 scriptio,
548 271 638 320 Cn.
668 269 905 335 Pompeji
936 272 1066 320 laus.
1118 272 1313 337 Neque
1336 269 1480 318 enim
1510 269 1610 317 mi-

272 366 421 405 rum,
480 349 661 398 minus
705 348 899 396 habere
942 349 1295 398 contentionis
1342 364 1425 404 ea,
1473 360 1609 411 quae

196 423 394 484 1651'unt
436 434 578 472 extra
624 423 996 490 quaestionem.
1085 426 1311 475 Mollior
1355 439 1609 472 nonnun-

273 518 433 565 quam
453 517 577 549 cum
597 500 1003 567 reprehensione
1034 495 1267 550 diversae
1296 499 1456 566 partis
1485 498 1609 546 imi-

272 578 426 635 tatio,
485 577 720 628 Wdehar
759 580 937 628 videre
977 580 1108 628 alios
1151 581 1427 631 intrantes,
1476 574 1608 622 alios

271 665 444 702 autem
466 667 735 714 exeuntes,
773 659 1020 721 quosdam
1055 673 1122 705 ex
1141 650 1606 704 vinowacillantes.

270 731 380 779 Ubi
415 748 528 781 non
571 731 809 782 diffidens
849 750 877 779 a
911 749 1044 782 voce
1077 730 1405 796 permittitur
1435 725 1609 794 gestus

271 804 518 873 quoque,
567 810 627 857 iu
670 819 947 873 utramque
985 819 1188 876 partem
1235 817 1413 855 tenera
1449 820 1610 870 quae-

272 884 424 943 dam,
459 884 549 933 sed.
586 887 726 934 intra
765 903 952 936 manus
983 897 1183 942 tamen,
1223 894 1275 931 et
1313 880 1425 930 fine
1454 890 1609 930 motu

194 962 525 1021 ,fiolaterum,
562 963 847 1013 translatio.
911 960 1250 1013 Accendendi
1268 958 1462 1022 judicis
1487 958 1610 1025 plu-

265 1153 382 1188 neque
419 1143 551 1175 mirum
588 1142 721 1177 Turio.
751 1140 913 1189 Reliqui
948 1154 982 1177 n.
1016 1138 1067 1188 est
1095 1152 1142 1176 m.
1186 1138 1260 1174 nisi
1297 1134 1404 1185 quod
1430 1147 1505 1185 pro
1533 1145 1606 1182 po-

264 1195 403 1231 stremo
441 1210 630 1232 numerum
665 1198 800 1234 Ambr.
844 1207 882 1232 2.
925 1197 1053 1233 Guelf.
1098 1207 1186 1231 cum
1223 1196 1337 1231 Bern.
1381 1192 1608 1228 centuriones

264 1265 380 1300 aeque
398 1251 488 1300 sunt
520 1252 648 1288 Guelf.

358 1330 450 1373 165.
480 1332 602 1366 vicino
634 1331 854 1366 vacillantes
882 1332 1016 1367 Turic-
1034 1330 1139 1366 Flor.
1162 1329 1349 1365 discedens
1367 1326 1466 1368 Jenr.
1487 1327 1606 1362 Tarv-

349 1384 469 1434 gestus
501 1400 663 1435 quoque,
703 1389 752 1423 in.
803 1389 866 1424 Sic
905 1388 1038 1423 Turio.
1077 1386 1181 1422 Flor.
1210 1385 1353 1430 fAmbr.
1396 1394 1436 1420 2·
1475 1381 1605 1421 Guelf.

265 1445 399 1491 Camp.
431 1456 521 1478 cum
550 1444 655 1482 Voss.
693 1459 727 1479 ι.
761 1455 799 1480 2.
831 1454 868 1488 3.
910 1445 1029 1480 Goth.
1070 1453 1108 1479 et
1147 1442 1232 1478 edd.
1272 1453 1358 1478 ante
1398 1441 1491 1476 Bad.
1533 1440 1606 1473 Re-

262 1500 369 1549 liqui
407 1514 445 1548 g.
485 1513 556 1547 quo
579 1499 638 1546 fit
677 1503 715 1535 in
755 1501 801 1536 de
842 1502 1065 1548 conjectura
1100 1500 1227 1548 Regii.
1262 1508 1383 1535 tenere
1423 1496 1607 1548 quaedam

262 1557 396 1592 Turic.
429 1556 533 1592 Flor.
556 1555 595 1604 si
625 1559 723 1592 incra
754 1558 887 1593 Turio.

352 1633 443 1670 166.
475 1633 710 1669 Accendendi
734 1636 882 1680 judicis.
911 1636 973 1671 Sic
993 1636 1111 1672 Goth.
1144 1638 1237 1681 (err.
1257 1633 1388 1679 Gesn.)
1406 1644 1496 1669 cum
1516 1630 1601 1666 edd.

261 1701 346 1727 ante
377 1691 490 1727 Leid.
521 1704 597 1727 acc.
626 1691 730 1728 Gibs.
763 1691 859 1729 Obr.
889 1691 993 1728 Roll.
1027 1693 1188 1742 Capper.
1230 1690 1429 1728 accedendi
1454 1687 1605 1733 judiciis

259 1837 492 1886 Pompeium
527 1849 706 1875 ornatum
738 1839 781 1873 in
809 1839 904 1875 Cor-

257 1892 410 1928 neliana
435 1907 592 1943 apparet
614 1896 729 1931 etiam
747 1894 836 1931 loco
856 1896 902 1942 Q.

256 1949 458 1985 Ciceronis
498 1951 544 1986 de
574 1953 768 1987 Petitione
801 1953 904 1988 Con-

256 2004 398 2042 sulatus
429 2019 460 2042 c.
490 2016 552 2050 13.

317 2063 408 2106 165.
440 2077 519 2098 cum.
547 2064 826 2114 reprehensione
847 2083 903 2092 -—

255 2121 431 2155 imitatio.
475 2121 630 2156 Locum
660 2134 708 2155 ex
727 2120 902 2156 Galliana

254 2175 429 2211 vidimus
450 2177 525 2223 jam
552 2184 588 2221 3,
615 2186 653 2220 3,
684 2177 748 2213 66.
779 2178 898 2214 Vide-

253 2242 319 2266 tur
350 2243 479 2267 autem
499 2233 565 2268 hie
588 2246 746 2281 quoque
770 2233 898 2282 aliqua

250 2288 379 2323 nostro
410 2289 613 2338 obrepfiffe
646 2289 822 2330 oblivio,
854 2301 898 2324 ut

252 2343 438 2385 Gallium,
452 2347 563 2392 cujus
586 2345 811 2381 temulentia
825 2358 895 2380 no·

247 2410 371 2440 tatur,
402 2401 662 2437 adversarium
692 2402 894 2438 Ciceronis

248 2469 354 2490 nunc
373 2458 533 2505 quidem
558 2459 757 2506 acciperet.
813 2459 893 2494 Ne-

249 2525 325 2560 que
361 2514 465 2548 enim
505 2527 577 2563 pro
611 2514 738 2550 Gallio
775 2515 892 2549 oraffe

248 2568 479 2605 Ciceronem
522 2571 704 2619 ignorare
749 2570 892 2619 potuit.

248 2624 424 2673 Diversae
443 2629 564 2675 partis
581 2627 776 2675 genitivus
795 2627 893 2661 refe-

245 2679 389 2717 rendus
416 2683 463 2719 ad
493 2685 676 2723 imitatio,
723 2696 805 2719 nou
845 2683 893 2719 ad

961 1838 1263 1889 reprehensione?
1303 1847 1341 1873 et
1359 1847 1460 1872 reete
1480 1835 1514 1871 se
1536 1835 1602 1871 ha-

961 1896 1056 1932 bent
1084 1896 1198 1936 hacc,
1245 1894 1311 1930 etsi
1332 1893 1400 1929 illa
1421 1903 1458 1929 et
1477 1893 1601 1928 imita-

962 1955 1014 1987 tio
1048 1964 1085 1988 et
1107 1950 1334 2000 reprehensio
1365 1963 1444 1986 non
1470 1949 1513 1983 in
1545 1949 1601 1983 di-

959 2008 1103 2058 vfflsam
1123 2018 1290 2056 partem,
1318 2007 1381 2042 sed
1407 2007 1452 2043 in
1482 2005 1600 2042 clien-

960 2076 1038 2100 tem
1068 2066 1192 2114 ipsum
1220 2064 1454 2112 diriguntur.
1515 2062 1602 2100 Neo

957 2122 1083 2168 majo«.-
1113 2134 1242 2158 error,
1273 2132 1390 2167 quam
1420 2120 1490 2168 qui
1520 2128 1600 2154 erat

955 2178 998 2212 in
1018 2177 1106 2213 loco
1133 2176 1333 2212 Rullianae
1355 2181 1392 2219 8,
1417 2184 1452 2218 4,
1474 2182 1538 2220 23.

1010 2232 1129 2282 gestus
1152 2245 1306 2281 quoque,
1338 2233 1378 2266 in
1409 2241 1598 2282 utramque

951 2311 1009 2320 —-·
1031 2290 1240 2325 translatio.
1299 2288 1416 2336 Quod
1440 2288 1595 2334 subjici·

953 2359 1016 2383 tur
1036 2347 1101 2382 illi
1121 2343 1249 2394 gestui,
1271 2357 1376 2379 mera
1391 2344 1438 2379 est
1449 2345 1593 2392 apposi-

951 2405 1032 2445 tio,
1074 2404 1200 2451 ipl'um
1249 2401 1464 2437 describens
1511 2400 1593 2438 illa.

949 2460 1067 2496 Nove
1096 2470 1224 2494 tamen
1255 2458 1321 2492 hic
1362 2457 1505 2493 dicitur
1540 2466 1591 2492 te-

950 2530 1039 2551 nera
1058 2535 1109 2542 —
1129 2515 1347 2555 translatio,
1375 2526 1449 2562 pro
1470 2514 1592 2550 mode-

949 2581 1048 2612 rata,
1076 2573 1159 2606 levi.

1010 2628 1100 2664 166.
1130 2627 1364 2663 Accendendi
1384 2624 1515 2669 iudicis
1537 2643 1592 2651 —

949 2685 1097 2733 gradus.
1156 2683 1282 2720 Modo
1303 2693 1429 2718 totum
1448 2680 1526 2715 hoc
1543 2679 1591 2716 asl
