1779 3062
261 152 359 211 564
497 204 503 209 ,
582 148 659 197 Μ.
697 149 834 207 FAB.
871 148 1294 212 QmNumANr

263 279 390 336 dus,
426 274 518 325 sed
540 275 860 325 emendandi
881 276 1028 334 vit-ia,
1059 275 1468 342 corrigendique
1488 294 1606 327 mo-

264 373 359 404 res.
396 355 539 403 Nam
569 355 665 419 qui
687 354 890 404 ratione
919 353 1123 412 traduci
1153 353 1220 401 ad
1247 355 1466 404 meliora
1488 357 1698 412 non1074

223 450 247 486 -3
269 430 505 499 poss'unt,
552 429 665 480 solo
699 441 850 480 metu
885 432 1237 496 continentur.
1321 434 1502 496 Itaque
1525 441 1607 480 -ut

267 507 637 563 accusatoriam
679 510 844 557 vitam
870 509 1061 558 -vivere
1102 517 1153 555 et
1192 506 1259 555 acl
1290 506 1608 558 deferendos

267 604 389 637 reos
413 586 651 652 praemio
684 585 827 650 duci,
865 586 1174 652 proximum
1199 585 1481 634 latrocinio
1509 583 1608 640 est:

267 665 341 713 ita
371 662 570 728 pestem
602 661 899 711 intestinam
937 659 1271 729 propulsare,
1322 678 1444 717 cum
1484 678 1610 726 pro-

267 741 658 808 pugnatoribus
677 741 871 806 patriae
901 737 1330 804 comparandum.
1372 736 1610 802 Ideoque

262 819 536 885 ‚principes
573 817 632 866 in
669 817 941 883 republica
981 817 1088 864 viri
1130 832 1244 864 non
1288 814 1610 871 detrectave-

268 905 398 944 runt
426 895 561 943 hanc
597 890 764 941 officii
792 903 1022 958 partem:
1066 892 1356 956 creditique
1386 889 1511 942 sunt
1535 901 1611 940 et-

268 972 377 1020 iam
418 972 543 1019 clari
586 975 809 1033 juvenes
847 968 1086 1019 obsidem
1120 969 1461 1034 reipublicae,
1486 968 1610 1017 dare

268 1049 536 1099 malorum
586 1049 793 1108 civium
843 1045 1253 1103 accusationem,
1327 1046 1454 1109 quia
1511 1062 1610 1093 nec

269 1122 431 1174 odisse
471 1125 772 1191 improbos,
800 1163 801 1167 ,
829 1140 928 1172 nec
967 1121 1256 1172 simultates
1293 1138 1611 1189 provocare,

265 1305 379 1354 prior
405 1317 487 1340 vox
515 1316 596 1341 non
622 1301 833 1349 laudatur).
869 1318 896 1339 c.
929 1303 1064 1340 multas
1095 1303 1224 1340 Guelf.
1260 1313 1298 1339 et
1316 1303 1470 1339 fortass‘e
1489 1302 1611 1340 Goth.

267 1360 400 1410 Camp.
431 1362 529 1400 Jens.
562 1363 652 1406 (tac.
672 1360 803 1406 Gesn.)
835 1361 952 1397 Tarv.
982 1362 1092 1399 Ruso.
1124 1364 1224 1407 (non
1252 1362 1384 1397 Locat.
1416 1374 1489 1397 err.
1513 1362 1612 1397 Bur-

266 1419 419 1465 mann.)

381 1527 420 1562 5.
456 1516 684 1567 accusatoria
722 1520 804 1555 vita
833 1519 967 1568 Camp.
1028 1517 1208 1564 defendoe
1237 1518 1344 1556 Flor.
1407 1519 1612 1568 defenden-

265 1571 335 1610 dos
367 1575 501 1611 Turic.
531 1576 661 1624 Camp.
693 1576 793 1614 Jens.
825 1589 857 1611 c.
887 1576 973 1611 edd.
1004 1585 1090 1610 ante
1120 1576 1232 1611 Basil.
1264 1589 1346 1615 exc.
1377 1576 1466 1612 Ald.
1526 1593 1609 1627 pre·

264 1631 318 1665 mi
348 1630 431 1665 duci
459 1631 594 1666 Turio.
652 1633 763 1679 primi
801 1633 838 1668 d.
880 1630 985 1667 Flor.
1045 1633 1218 1678 praemiis
1256 1633 1293 1667 d.
1337 1634 1471 1682 Camp.
1531 1636 1609 1683 pri-

266 1699 330 1722 mo
373 1687 409 1721 d.
452 1687 551 1725 Jens.
585 1687 702 1723 Tarv.
733 1689 843 1725 Rufe.
958 1685 1142 1734 praepuls.
1189 1689 1322 1724 Turio.
1441 1691 1530 1726 Ideo
1570 1705 1608 1737 p.

244 1742 398 1779 “Guelfi
427 1743 538 1778 Bam.
657 1744 958 1780 detractaverunt
997 1742 1096 1778 Edd.
1141 1754 1225 1780 ante
1257 1746 1348 1782 Bad.
1391 1759 1466 1783 acc.
1498 1746 1610 1783 Basil-

262 1802 322 1844 (et
348 1799 401 1834 fic
432 1808 469 1840 2,
505 1812 539 1841 ι,
572 1806 608 1842 5.
643 1800 765 1835 iidem
798 1814 878 1837 exc.
911 1799 1041 1843 Basil.)
1071 1797 1250 1836 sollemni
1277 1803 1518 1842 variatione,
1563 1804 1610 1839 de

231 1858 233 1860 ’
263 1869 340 1904 qua
369 1855 454 1891 vid.
486 1855 661 1892 laudatos
699 1857 867 1893 Gesnero
898 1857 941 1892 in
972 1855 1082 1891 Thes.
1203 1857 1388 1908 creditque
1417 1858 1488 1908 sed
1529 1861 1609 1895 Tu-

262 1912 333 1947 rio.
398 1921 434 1947 et
464 1913 556 1948 clari
586 1912 704 1950 Goth.
739 1915 837 1958 (tac.
869 1912 1001 1962 Gesn.)
1061 1926 1125 1948 nec
1145 1911 1270 1962 sulcas
1297 1926 1542 1964 provocarent
1572 1931 1608 1954 n.

263 1969 396 2006 Tui-ic.
430 1968 536 2005 Flor.

321 2133 360 2171 5.
412 2125 677 2176 accusatoriam
708 2131 826 2165 vitam
854 2132 909 2166 vi·
963 2129 1064 2165 ribus
1085 2143 1122 2177 p.
1150 2129 1449 2179 comparandum.
1508 2129 1605 2166 Ean·

263 2187 360 2225 imre.
413 2185 658 2220 Burmannus
690 2186 839 2223 confert
860 2186 908 2221 il-
965 2185 1053 2221 dem
1076 2185 1434 2234 breviloquentiam
1465 2185 1508 2220 in
1531 2183 1604 2224 'Ju-

261 2239 333 2275 lud
358 2240 514 2276 Catonis
546 2241 648 2290 apud
676 2241 825 2277 Festum
847 2257 908 2278 ve·
964 2242 1061 2280 fiino
1100 2249 1145 2286 4,
1174 2251 1211 2285 3.
1248 2241 1477 2278 demonstrat
1506 2244 1604 2278 Bur·

262 2297 490 2331 cticulariam
510 2299 907 2346 vitamvivere2quod
963 2310 1147 2334 mannus:
1210 2298 1288 2348 ausi
1326 2297 1473 2346 facinus
1512 2299 1608 2334 nulli

261 2351 483 2393 blanditur;
538 2366 627 2388 nam
653 2355 907 2390 vecticularius
965 2362 1128 2402 tyranno
1148 2355 1446 2402 comparandum.
1489 2355 1606 2391 Simi-

261 2409 314 2444 est
332 2405 580 2458 τοιχωρύχος;
611 2410 673 2445 sed
694 2410 904 2446 dictumest
960 2408 1013 2443 lia
1046 2413 1315 2460 congefferunt
1351 2409 1522 2448 Vorfiius
1552 2402 1607 2447 ⁸ad

258 2463 453 2500 illudnon
465 2466 511 2501 de
523 2465 786 2502 vecticulariis
798 2467 901 2516 ipfis,
957 2465 1092 2504 Justin.
1132 2481 1166 2509 1,
1191 2479 1228 2513 7.
1262 2478 1298 2508 2,
1336 2473 1398 2510 14.
1430 2479 1467 2503 et
1495 2469 1530 2506 J.
1559 2462 1600 2503 F.

258 2519 320 2554 sed
354 2521 400 2555 de
427 2521 476 2557 iis
508 2523 579 2570 qui
613 2520 726 2570 instar
765 2523 900 2558 furum
956 2521 1182 2560 Gronovius
1203 2525 1248 2559 ad
1275 2524 1368 2559 Liv.
1393 2524 1500 2572 Epit.
1535 2523 1600 2567 46.

258 2576 455 2621 ejusmodi
479 2589 636 2626 repente
657 2578 816 2628 largiter
833 2579 899 2614 ha·
953 2578 1073 2614 nostri
1095 2581 1209 2615 eriam
1232 2579 1313 2616 loci
1332 2593 1413 2616 non
1436 2579 1595 2616 oblitus.

256 2629 362 2673 bent,
378 2645 534 2682 repente
549 2634 664 2670 nihil.
1009 2635 1101 2671 clari
1123 2638 1299 2682 juvenes:
1357 2636 1439 2673 vid.
1465 2635 1517 2671 ad
1548 2642 1595 2679 5.

312 2689 541 2739 propulsare,
554 2699 896 2742 cumpropugnato·
952 2700 1019 2737 ³5,
1049 2700 1087 2736 5·
