1779 3062
394 164 557 210 INST.
608 164 888 211 ORATOR.
933 167 1056 212 LIB.
1101 169 1173 225 X,
1222 179 1266 223 5.
1414 176 1506 227 159

148 292 446 358 frugalitas,
513 289 790 341 neceffaria
832 291 932 340 est:
1005 311 1129 343 cum
1170 305 1412 361 tempora
1443 294 1508 344 ab

146 369 255 436 ipsa
282 387 464 420 rerum
488 380 676 418 natura
702 369 767 417 ad.
796 371 1031 433 quietem
1054 371 1510 438 refectionemque

145 447 301 496 nobis
338 447 484 505 data,
555 449 614 495 in
659 447 976 495 acerrimum
1011 447 1248 496 laborem
1285 467 1510 505 conver-

145 527 323 574 timus.
405 526 511 575 Cui
545 535 721 572 tamen
754 540 863 571 non
894 525 1016 588 plus
1049 526 1400 590 irrogandum
1420 526 1510 586 est,

60 619 312 667 957quan1
355 601 504 666 quod.
549 599 738 650 somno
781 599 1066 666 supererit,
1136 602 1285 651 haud
1325 604 1506 653 deerit.

149 678 328 727 Obstat
360 679 505 726 enim
542 678 847 743 diligentiae
890 677 1156 727 scribendi
1195 680 1352 728 etiam
1391 681 1508 729 fati·
1533 704 1584 740 27

147 757 320 822 gatio:
375 767 426 803 et
459 755 687 813 abunde,
725 754 767 803 si
806 766 970 814 vacet,
1010 757 1146 806 lucis
1179 755 1340 822 spatia
1371 757 1510 807 suffi-

148 834 327 882 ciunt:
410 844 695 898 occupatos
743 834 803 881 in
847 844 1060 882 noctem
1094 833 1353 883 necessitas
1386 838 1506 900 agit.

146 909 232 961 Est
254 921 432 959 tamen
466 911 788 969 lucubratio,
832 913 1044 977 quoties
1080 911 1146 960 ad
1171 929 1285 960 eam
1312 913 1509 979 integri

233 1055 298 1091 26.
327 1053 545 1104 frugalitas.
588 1055 692 1090 Alm.
731 1053 945 1104 fragilitas,
985 1055 1105 1093 Totus.
1332 1057 1379 1093 ab
1414 1058 1507 1106 ipsa.

147 1112 281 1148 Turic-
304 1112 409 1148 Flor.
434 1112 516 1161 ipsa
540 1127 617 1147 cum
642 1110 732 1160 ipsa.
766 1112 845 1147 Hic
865 1113 910 1148 ab
933 1112 1049 1148 altera
1074 1126 1191 1147 manu
1211 1111 1290 1162 ipsa
1312 1114 1359 1149 ab
1383 1113 1475 1163 ipsa.

234 1169 336 1205 data.
370 1171 502 1217 Camp.
538 1170 678 1205 datam.
914 1169 1015 1205 haud
1050 1171 1178 1206 deerit.
1213 1171 1346 1205 Turio.
1376 1171 1506 1208 Guelf-

150 1226 284 1274 Camp.
305 1235 369 1261 aut
390 1227 424 1260 d.
449 1239 536 1260 cum
560 1225 678 1262 Goth.
707 1226 813 1263 Voss.
843 1240 875 1260 1.
901 1237 937 1262 2.
970 1238 1008 1262 et
1029 1227 1114 1263 edd.
1139 1238 1225 1262 ante
1251 1228 1401 1276 Gryph.
1426 1241 1509 1264 exc.

148 1283 242 1318 Bad.
291 1283 360 1330 qui
404 1282 602 1322 nostrum,
666 1282 772 1330 quod
811 1283 1024 1330 repositum
1069 1284 1297 1319 inveniebat
1328 1285 1370 1319 in
1405 1285 1508 1323 Vall.

148 1338 271 1375 Nulla
300 1338 366 1373 hic
399 1338 563 1374 varietas
601 1349 782 1378 notatur,
814 1352 941 1386 neque
973 1339 1013 1373 in
1036 1339 1139 1374 Flor.
1170 1353 1297 1387 neque
1331 1340 1432 1376 Alm.
1465 1353 1511 1378 uc

150 1394 224 1431 hos
245 1395 476 1430 duumviros
493 1395 559 1439 (cf.
575 1399 606 1442 §.
623 1397 706 1440 22.)
733 1395 927 1443 sponsores
949 1395 1091 1431 habere
1110 1396 1316 1431 videamur
1337 1397 1510 1445 optimae

153 1451 448 1486 emendationis.
508 1452 600 1486 Fuit
642 1454 730 1487 eum
765 1450 921 1486 alteram
954 1453 1181 1500 scripturam
1230 1453 1282 1488 sic
1318 1453 1510 1502 interpre-

151 1520 269 1545 taret:
319 1519 471 1555 tempus
507 1508 614 1556 quod
646 1520 711 1544 aut
746 1508 915 1542 nimium
949 1508 1195 1557 impenditur
1235 1510 1391 1550 somno,
1445 1522 1512 1547 aur.

151 1577 284 1601 natura
304 1565 380 1612 ipsa
405 1564 529 1599 eidem
558 1564 822 1604 subtrahitur,
856 1578 943 1599 cum
966 1565 1161 1600 insomnes
1186 1566 1314 1602 sumus
1337 1567 1420 1601 casu
1444 1578 1511 1603 aut

151 1621 375 1657 valetudine
417 1620 484 1665 (cf.
532 1633 603 1662 10,
649 1621 694 1662 6,
744 1634 774 1654 1.
826 1620 1048 1670 intermiffus
1078 1620 1264 1669 somnus).
1325 1622 1399 1657 Sed
1431 1623 1512 1659 hoo

151 1691 286 1727 parum
318 1679 548 1713 conveniret
588 1677 853 1725 sequentibus.
913 1679 999 1714 Nec
1035 1678 1236 1727 perspicua
1276 1679 1427 1721 oratio,
1480 1681 1511 1716 si

152 1735 229 1770 hoc
259 1733 401 1769 voluit.
471 1734 654 1770 Nimium
683 1735 792 1769 ausus
828 1735 995 1782 Regius,
1047 1735 1223 1769 recidens
1256 1734 1325 1770 ille
1358 1737 1509 1778 nostra;

153 1804 269 1840 quem
298 1790 400 1826 solus
433 1791 612 1839 expreffit
640 1790 775 1826 Aldus.
837 1791 963 1826 Modo
992 1804 1065 1840 pro
1093 1790 1279 1839 supererit
1301 1790 1419 1829 Palat.
1445 1792 1511 1842 su-

152 1849 303 1896 perurit,
326 1847 434 1895 quod
454 1847 623 1896 praefert
643 1847 874 1883 Gebhardus
897 1849 1057 1897 (Crepp.
1086 1857 1124 1891 5,
1160 1849 1253 1893 18),
1284 1849 1362 1884 sine
1392 1851 1511 1887 causa.

212 1969 277 2005 26.
321 1968 543 2017 frugalitas,
601 1972 703 2007 Cave
757 1972 805 2007 ad
921 1986 1031 2021 quam
1054 1973 1154 2021 quod
1167 1970 1514 2021 somno—deerit.

153 2026 318 2063 nostram
352 2026 471 2062 hodie
506 2027 699 2063 rationem
730 2029 804 2063 cir·
862 2030 924 2065 Ad
956 2032 1012 2064 cui
1049 2028 1230 2078 intellige
1271 2029 1415 2070 Zal›ori,·
1465 2045 1516 2066 ne

153 2083 381 2119 cumscribas
419 2084 528 2119 vocis
565 2084 803 2132 potestatem,
862 2086 964 2122 forte
1011 2097 1195 2122 neutrum
1243 2087 1427 2134 accipias,
1469 2088 1517 2122 de

153 2151 191 2176 et
225 2140 270 2174 de
304 2138 379 2174 sola
401 2140 482 2175 cibi
514 2152 551 2176 et
570 2152 687 2189 potus
710 2153 804 2176 tem·
865 2153 948 2178 toto
982 2143 1145 2192 negotio
1178 2143 1222 2178 in
1255 2157 1394 2191 genere
1423 2157 1516 2193 pro-

151 2196 322 2246 perantia
354 2196 562 2245 intelligas.
606 2197 652 2232 cf.
684 2213 728 2239 ι,
765 2197 802 2238 6,
861 2200 1103 2236 nunciatum.
1191 2200 1309 2247 Quod
1350 2198 1518 2248 superest:

156 2263 218 2296 17.
257 2266 299 2286 11
318 2279 329 2293 ‚
359 2261 404 2296 5,
442 2265 501 2301 19.
536 2254 607 2290 ubi
633 2253 722 2289 noli
755 2255 802 2289 ad
861 2257 1009 2296 somno,
1037 2256 1141 2291 illud
1162 2255 1398 2304 intelligitur
1423 2267 1518 2292 tem-

145 2308 300 2358 facilem
349 2309 509 2345 ciborum
561 2308 802 2359 digestionem
859 2326 954 2362 pus,
987 2314 1095 2361 quod
1131 2313 1301 2348 nimium
1334 2325 1353 2346 a
1381 2312 1519 2361 pleris-

150 2365 356 2413 astringere
383 2366 636 2404 vocabulum.
666 2378 730 2408 12,
767 2381 799 2409 1,
861 2383 936 2418 que
992 2370 1128 2405 somno
1177 2369 1341 2404 concedi
1393 2369 1514 2411 solet;

152 2427 190 2466 8.
224 2424 324 2457 Sunt
344 2422 431 2457 boni
453 2436 580 2459 mores.
859 2423 958 2468 dees}
978 2438 1119 2469 autem,
1134 2425 1329 2475 quidquid
1352 2426 1514 2475 corpori

208 2492 348 2531 cunt—
361 2481 614 2516 convertimus.
646 2481 800 2530 Displi-
856 2483 1074 2519 reficiendo
1093 2495 1233 2533 parum
1259 2481 1322 2518 est.

150 2545 211 2570 cet
233 2545 269 2569 et
288 2533 494 2571 indicativi
520 2536 728 2580 structura,
763 2549 802 2574 et

150 2590 391 2626 cumulatum
424 2606 512 2632 cum.
573 2594 712 2629 Malim
741 2608 800 2630 re·
917 2606 983 2639 27.
1022 2595 1061 2645 si
1099 2607 1278 2633 vacec—
1299 2605 1511 2645 occupatos.

150 2648 246 2696 poni
269 2661 352 2697 quo,
384 2660 428 2684 ut
449 2649 637 2687 referatur
661 2651 707 2687 ad
721 2648 800 2699 fiu—
857 2651 1024 2689 Attende
1058 2655 1254 2702 opposita,
1304 2665 1411 2702 grate
1445 2667 1511 2691 va·

149 2705 294 2740 diorum
313 2718 440 2754 genus.
856 2709 953 2745 riata
971 2710 1170 2746 structura.
