1779 3062
442 189 608 236 INST.
645 189 927 238 ORATOR.
963 192 1087 238 LIB.
1122 193 1220 251 XI,
1267 205 1312 239 1.
1451 199 1547 245 255

186 315 415 369 interest.
495 319 640 367 Facit
668 319 812 366 enim
846 329 896 367 et
927 319 1148 370 fortuna
1189 306 1476 369 discrimen
1499 329 1552 367 et

186 395 439 464 potestas:
484 412 583 445 nec
618 396 803 444 eadem
840 397 983 462 apud
1018 399 1346 464 principem,
1386 398 1553 463 magi-

187 473 422 532 stratum,
445 473 756 531 senatorem,
768 475 1059 539 privatum,
1072 486 1277 523 tantum
1302 474 1553 532 liberum,

186 553 324 602 ratio
349 551 448 600 est:
489 569 588 601 nec
622 551 814 602 eodem
847 549 979 602 sono
1006 553 1219 618 publica
1243 551 1461 613 judicia,
1502 562 1554 600 et

192 631 518 679 arbitrorum
551 629 958 695 disceptationes
998 640 1245 696 aguntur.
1320 631 1460 678 Nam
1494 639 1557 680 ut
1581 647 1634 686 44

188 719 431 757 orantem
454 724 554 774 pro
575 710 751 774 'capite
784 706 1093 758 sollicitudo
1127 706 1309 756 deceat
1333 717 1384 754 et
1414 724 1556 767 cura,

187 796 240 834 et
275 803 461 835 omnes
497 785 564 834 ad
599 784 1031 852 amplificandam
1067 786 1365 835 orationem
1409 783 1559 850 quasi

185 863 494 912 machinae:
570 865 641 912 ita
671 865 730 912 in
761 865 940 930 parvis
971 863 1134 913 rebus
1179 861 1561 927 iudicibusque

184 957 321 989 vana
347 939 451 988 sint
475 940 676 999 eadem,
697 941 1041 1007 rideaturque
1065 942 1276 998 merito,
1297 941 1393 1005 qui
1416 939 1562 1006 apud

99 1037 177 1077 97²
195 1017 607 1084 disceptatorem
632 1019 698 1068 de
725 1035 783 1068 re
805 1018 1058 1070 leviffima
1079 1017 1267 1070 sedens
1301 1018 1561 1077 dicturus,

274 1172 431 1201 tantum.
473 1165 537 1200 Sic
569 1166 703 1201 Turio.
745 1166 850 1203 flor.
894 1166 1031 1202 Ambr.
1058 1176 1094 1203 2.
1141 1165 1271 1202 Guelf.
1304 1166 1423 1202 Goth.
1465 1167 1560 1212 (err.

187 1222 318 1271 Gesn.)
352 1223 485 1271 Camp.
520 1236 609 1257 cum
642 1222 744 1260 Alm.
778 1223 882 1261 vom
908 1235 942 1261 2.
976 1226 1090 1259 Bern.
1123 1235 1163 1259 et
1202 1224 1288 1262 edd.
1317 1223 1431 1259 Leid.
1453 1222 1560 1260 Roll.

188 1279 354 1329 Reliqui
391 1288 524 1315 tamen.
556 1280 700 1316 Probat
730 1292 859 1317 autem
892 1281 1067 1317 nostsum
1097 1281 1208 1316 Gesn.

269 1336 383 1387 sono.
413 1336 519 1373 flor.
552 1337 591 1381 (a
611 1350 669 1385 pr.
691 1334 766 1386 m.)
800 1340 932 1387 Camp.
965 1338 1063 1373 bono
1098 1350 1187 1373 cum
1207 1336 1311 1373 Alm.
1353 1337 1421 1382 (ef.
1447 1340 1533 1383 42.)

280 1401 343 1438 44.
380 1393 707 1442 amplzsicandam.
749 1396 882 1431 Turic.
915 1394 1020 1430 Flor.
1054 1395 1188 1443 Camp.
1234 1393 1560 1443 amplificandum.

187 1452 346 1490 Dubito
381 1464 428 1486 an
458 1462 574 1488 recte.
606 1453 707 1487 Mox
732 1453 866 1488 Turic.
901 1454 1076 1500 rizaginae
1106 1460 1153 1492 et,
1184 1452 1353 1487 inferens
1377 1451 1563 1501 copulam

189 1520 276 1546 ante
307 1511 373 1545 ita.

248 1631 315 1671 43.
367 1625 577 1673 principem
606 1642 662 1651 —
695 1633 844 1659 tantum

187 1682 356 1718 liberum.
389 1682 436 1717 cf.
464 1688 499 1725 4,
538 1695 572 1721 1,
600 1690 664 1724 72.
700 1691 737 1716 et
757 1680 843 1717 loca

186 1739 246 1776 ibi
268 1739 535 1779 demonstrata,
563 1738 605 1773 in
629 1738 774 1786 quibus
797 1738 843 1773 de

187 1796 381 1845 dignitate
415 1796 701 1843 cognoscentis:
746 1794 843 1830 adde

189 1855 236 1889 de
268 1855 437 1902 principe
470 1853 602 1898 judice
633 1860 668 1896 5,
707 1862 770 1896 15,
807 1851 844 1887 6.

188 1911 236 1946 de
256 1912 406 1958 privato
432 1918 466 1953 5,
488 1922 551 1950 10,
580 1923 594 1943 1
611 1917 672 1952 15.
698 1918 845 1944 tantum

187 1968 282 2003 liber
315 1967 445 2012 (velut
465 1966 625 2001 infimae
649 1966 846 2001 conditio-

186 2026 250 2061 nis
272 2024 375 2073 apud
405 2036 522 2073 quem
556 2024 683 2058 dicere
711 2022 846 2072 poffis)

171 2089 354 2118 ‘vocatur
387 2092 429 2116 ut
452 2092 489 2125 7,
523 2091 559 2123 7,
603 2093 665 2116 10.
700 2089 846 2116 tantum

187 2141 287 2175 civis.
349 2139 490 2176 Variae
519 2137 729 2173 hominum
753 2151 845 2173 con—

187 2197 384 2236 ditiones,
437 2195 499 2231 sed
545 2208 625 2230 non
660 2205 845 2243 tanquam

187 2253 234 2289 de
272 2254 359 2299 jure
396 2253 742 2301 cognoscentium,
786 2266 844 2288 re-

187 2311 388 2346 censentur
411 2317 448 2353 5,
486 2322 549 2350 1ο,
583 2308 648 2345 25.

244 2367 372 2402 eodem
403 2365 514 2414 son'o.
585 2368 629 2400 ln
669 2366 842 2415 publicis

186 2424 290 2458 enim
315 2424 432 2459 causis
456 2422 662 2473 paululum
694 2424 768 2460 erit
789 2427 844 2458 in·

185 2480 435 2521 clamandum,
460 2480 508 2515 cf.
525 2490 561 2520 2,
581 2493 642 2522 10,
662 2493 722 2516 ιο.
744 2482 840 2517 item

183 2537 232 2572 de
255 2537 413 2584 judiciis
435 2535 604 2585 publicis
629 2547 667 2580 5,
704 2551 768 2579 10,
807 2553 839 2574 1.

181 2594 389 2630 Diversam
430 2607 660 2642 magnarum
702 2608 840 2642 parva-

183 2664 353 2699 rumque
386 2650 522 2686 litium
568 2652 839 2688 tractationem

182 2709 308 2757 tangit
333 2719 370 2743 et
395 2709 502 2756 supra
525 2714 562 2752 53,
588 2717 624 2751 3,
655 2719 717 2752 ¹4·
762 2711 838 2744 Pro

174 2763 272 2815 sono
300 2775 455 2815 poterat
475 2764 654 2816 spiritum
678 2779 839 2816 quoque

666 1509 936 1560 judicibusque.
980 1509 1042 1543 Sic
1063 1507 1169 1544 Flor.
1200 1508 1338 1544 Ambr.
1361 1518 1399 1546 2.
1432 1509 1563 1546 Guelf.

905 1624 1060 1664 dicere,
1115 1622 1230 1658 velut
1266 1634 1340 1664 12,
1398 1634 1443 1665 2,
1494 1634 1562 1661 20.

909 1695 945 1723 1,
985 1693 1048 1721 10,
1083 1679 1120 1716 6.

964 1746 1028 1782 qli.
1075 1740 1111 1772 in
1143 1741 1270 1787 parvis
1296 1738 1402 1775 rebus
1426 1739 1564 1784 judici-

903 1796 1053 1843 busque.
1130 1797 1193 1832 Ne
1242 1795 1387 1844 longus
1434 1797 1564 1839 fieret,

902 1852 1023 1904 paulo
1044 1852 1276 1888 insolentius
1300 1853 1404 1901 ipsos
1418 1854 1565 1898 judit-es

905 1910 1007 1945 dixit
1027 1922 1178 1958 parvos.

954 1965 1090 2016 sedens
1141 1967 1316 2002 dicturus.
1373 1967 1566 2006 Judicum

905 2024 1066 2073 quidem
1108 2024 1271 2073 proprie
1319 2024 1370 2059 est
1409 2024 1562 2066 federe3

905 2092 1026 2130 agunt
1078 2092 1207 2117 tamen
1257 2081 1384 2129 aliqui
1446 2081 1566 2117 etiam

902 2139 1087 2180 sedentes,
1109 2139 1222 2176 velut
1255 2138 1356 2189 apud
1390 2138 1566 2174 nostrum

909 2209 974 2235 11,
1007 2204 1042 2238 3,
1082 2203 1170 2239 154.
1207 2205 1297 2240 135.
1333 2207 1370 2232 et
1401 2196 1563 2243 quidem

905 2256 943 2288 in
967 2253 1173 2288 minoribus
1193 2253 1310 2294 rebus,
1340 2253 1434 2288 item
1461 2253 1567 2301 apud.

903 2309 1005 2345 Plin.
1029 2311 1165 2358 Epistt.
1190 2320 1226 2351 2,
1258 2322 1320 2358 19,
1346 2318 1382 2353 5.
1416 2310 1566 2345 Cumu-

902 2366 1034 2402 lantui·
1056 2380 1148 2415 ergo
1171 2367 1237 2401 hic
1259 2380 1356 2415 quae
1379 2367 1565 2415 exiguam

903 2424 1104 2460 ostendant
1125 2425 1295 2460 causam:
1326 2425 1427 2472 apud
1449 2425 1566 2459 disce-

898 2490 1112 2531 ptatorem,
1173 2481 1219 2516 de
1276 2495 1313 2515 re
1369 2479 1563 2530 lwffmu,

893 2539 1042 2588 sedens.
1107 2538 1311 2574 Ciceronis
1333 2538 1452 2573 verba
1479 2540 1565 2574 sunt

899 2595 941 2630 in
956 2595 1097 2630 Divin.
1121 2606 1256 2630 contra
1280 2593 1422 2630 Caecil.
1447 2609 1477 2631 c.
1497 2605 1564 2639 13.

902 2651 1019 2698 Quod
1056 2666 1210 2699 corpore
1251 2651 1331 2700 ipso
1362 2652 1482 2687 refert
1514 2666 1564 2688 ex

901 2710 982 2744 Cic.
1011 2709 1303 2755 Quintilianus,
1337 2723 1424 2744 cum
1456 2709 1562 2759 apud

896 2766 1026 2815 ,ipsum
1059 2765 1240 2816 legamus
1277 2775 1355 2802 toto
1388 2779 1559 2818 corpore.
