1779 3062
447 161 610 208 INST.
651 161 1215 236 maronitaxu,
1257 174 1301 208 ι.
1444 169 1540 216 505

199 306 262 340 ex
288 289 446 352 iniqui
473 288 921 351 contemplatione
958 286 1302 346 manifestior,
1343 299 1395 336 et
1418 288 1542 354 plu-

197 369 331 417 rima
369 366 642 414 contrariis
679 364 989 428 probantur.
1047 366 1253 414 Debent
1278 383 1403 431 ergo
1429 383 1544 414 ora-

197 443 305 492 tori
338 441 408 490 sic
443 439 541 489 effe
582 437 1003 489 adversariorum
1037 453 1162 491 nota
1194 441 1433 500 consilia,
1482 453 1546 491 ut

197 517 435 570 hostium
466 516 790 582 imperatori.
872 519 1070 565 Verum
1105 530 1156 567 et
1187 519 1352 577 illud,
1393 519 1541 584 quod
1574 540 1591 551 ⁸

198 597 372 663 prima
416 593 779 662 propositione
823 591 1021 641 durum
1068 595 1318 654 videtur,
1375 595 1544 661 potest

200 670 386 722 afferre
414 673 563 729 ratio,
604 682 665 720 ut
698 672 785 720 vir
811 667 968 718 homes
1001 671 1057 718 in
1091 671 1398 722 defensione
1423 690 1546 722 cau-

199 749 281 799 sae
314 751 445 799 velit
475 747 684 798 auferre
719 745 1007 811 aliquando
1045 748 1210 806 iudici
1253 751 1543 798 veritatem.

201 827 364 897 Quod
393 825 435 874 si
462 827 581 891 quis
604 842 631 872 a
664 841 749 872 me
777 824 1011 890 proponi
1033 826 1328 883 mirabitur,
1353 825 1546 894 (quan-

201 921 362 969 quam
404 921 518 952 non
566 901 638 950 est
679 902 806 949 haec
853 918 967 949 mea
1005 904 1221 967 proprie
1263 901 1544 962 sententia,

199 979 290 1029 sed
327 997 539 1038 eorum,
565 1015 567 1017 ·
598 996 732 1044 quos
773 977 1092 1044 gravissimos
1122 970 1402 1045 sapientiae
1436 998 1545 1028 ma-

86 1056 392 1127 f1054gistros
420 1067 556 1105 aetas
585 1066 740 1106 vetus
770 1055 1029 1120 credidit)
1072 1054 1142 1104 sic
1177 1056 1390 1116 judicet,
1432 1060 1544 1123 ple-

183 1151 367 1201 -raque
402 1131 526 1193 effe,
565 1150 701 1198 quae
730 1151 842 1183 non
879 1143 980 1181 tam
1012 1131 1187 1192 factis,
1228 1152 1386 1199 quam
1423 1153 1545 1184 cau-

201 1211 268 1261 sis
298 1229 502 1270 eorum,
538 1211 626 1260 vel
648 1209 866 1259 honesta
887 1209 1035 1267 fiant,
1061 1212 1144 1259 vel
1171 1214 1359 1276 turpia.
1404 1214 1545 1260 Nam

203 1289 244 1338 si
275 1288 523 1338 hominem
553 1289 793 1345 occidere,
831 1286 981 1351 saepe
1012 1290 1203 1345 virtus,
1251 1286 1436 1338 liberos
1461 1308 1547 1338 ne-

203 1384 346 1424 care,
386 1382 779 1430 nonnunquam
802 1364 1225 1430 pulcherrimum
1263 1364 1359 1424 est;
1405 1366 1548 1434 aspe-

202 1445 344 1493 riora
393 1442 653 1508 quaedam
701 1441 875 1489 adhuc
921 1441 1093 1499 dictu,
1155 1440 1197 1489 si
1243 1445 1544 1493 communis

202 1522 405 1570 utilitas
438 1521 693 1583 exegerit,
733 1517 903 1565 facere
938 1518 1281 1567 conceditur:
1339 1537 1406 1568 ne
1446 1522 1550 1570 hoc

203 1597 421 1662 quidem
445 1596 656 1645 nudum
692 1594 763 1643 est
799 1594 1147 1653 intuendum,
1187 1597 1396 1660 qualem
1432 1615 1553 1646 cau-

202 1673 308 1723 sam
340 1676 424 1725 vir
451 1674 640 1732 bonus,
680 1671 770 1721 sed
795 1674 953 1722 etiam
977 1690 1155 1740 quare,
1193 1684 1245 1723 et
1275 1691 1380 1740 qua
1404 1692 1554 1725 men-

290 1852 355 1897 56.
375 1854 509 1899 judicii
526 1856 722 1890 veritatem
745 1852 997 1890 Turic.Flor.
1014 1852 1070 1903 sic
1088 1854 1255 1899 judicent
1278 1854 1412 1890 Turio.
1446 1854 1552 1893 Flor.

204 1911 339 1948 Ambr.
376 1920 411 1945 2.
442 1910 570 1946 Guelf.
606 1924 636 1946 c.
669 1911 786 1947 Goth.
821 1910 925 1947 Voff.
958 1924 990 1946 1.
1014 1919 1051 1946 2.
1075 1920 1111 1954 5.
1158 1924 1227 1946 nec
1256 1911 1437 1959 displicet
1456 1914 1553 1947 Bur-

204 1979 348 2003 manno
389 1966 439 2002 ob
479 1967 705 2003 antecedens
729 1966 766 2016 si
795 1970 886 2017 quis.
946 1968 1030 2015 Ego
1062 1980 1192 2003 errore
1223 1980 1356 2003 natum
1384 1968 1553 2018 suspicor

207 2036 342 2060 eorum
357 2050 367 2064 ‚
399 2023 469 2071 qui
488 2023 565 2059 hoc
587 2037 675 2058 cum
697 2024 931 2073 graviffirnis
953 2023 1034 2059 illis
1054 2022 1252 2061 struerent.

293 2110 359 2145 57.
391 2101 512 2150 pulch.
537 2100 606 2151 effe
631 2104 763 2139 Turio.
789 2105 922 2152 Camp.
982 2103 1128 2152 quidem
1151 2119 1260 2139 unum
1281 2118 1389 2153 quam
1411 2105 1553 2140 intelle·

177 2211 180 2215 ἡ
205 2159 368 2209 gendum
386 2159 531 2207 qualem
553 2159 683 2195 Turio.
708 2159 813 2196 Flor.
848 2173 879 2197 c.
911 2159 1012 2196 Alm.
1040 2174 1073 2208 q.
1100 2162 1262 2196 nondum
1286 2176 1315 2196 e.
1341 2163 1363 2195 i.
1393 2175 1426 2209 q.
1452 2161 1549 2198 Jens.

206 2218 323 2252 Tarv.
353 2215 567 2250 intuendum
590 2229 667 2251 om.
693 2217 797 2256 Voss'.
825 2232 859 2254 ι.
891 2226 928 2262 5.
982 2217 1163 2267 Suspicor
1186 2231 1205 2254 e
1225 2228 1376 2267 recepta
1396 2231 1557 2268 unquam

209 2271 389 2310 excidisse
412 2272 497 2321 post
518 2273 669 2309 nudum.

267 2430 334 2475 56.
366 2429 511 2477 auferre
523 2433 703 2478 ——J'udici
720 2437 854 2471 verita·
918 2440 980 2479 14.
1005 2444 1102 2470 extr·
1127 2433 1173 2470 cf.
1194 2433 1318 2470 noster
1339 2442 1386 2475 2,
1417 2444 1480 2477 17,
1505 2434 1556 2470 26

211 2496 293 2524 tem.
332 2488 378 2523 cf.
410 2493 444 2530 4,
469 2495 505 2531 5,
527 2489 562 2525 6.
605 2504 733 2539 „quos
769 2505 854 2541 gra·
912 2492 1025 2540 seqq-3

209 2545 480 2586 „viffimos—
502 2556 600 2583 aetas
630 2557 743 2584 vetus
775 2561 855 2584 cre·
970 2557 1037 2592 57.
1100 2548 1283 2584 hominem
1329 2547 1560 2583 occidere-

208 2601 377 2642 „didiv‘
427 2600 530 2636 inter
561 2616 625 2640 eos
657 2604 854 2654 imprimis
913 2618 1053 2641 necare.
1087 2607 1149 2653 Sp.
1172 2604 1335 2645 Ahalae,
1368 2604 1561 2652 Scipionis

211 2657 421 2693 censendus
463 2658 621 2695 videtur
654 2662 855 2698 Panaetius
914 2662 1084 2703 Nasicae,
1117 2662 1242 2702 Bruti,
1270 2660 1410 2699 Manlii
1433 2674 1561 2697 exem-

212 2727 260 2750 ex
288 2713 378 2751 loco
416 2714 619 2753 Ciceronis
648 2717 694 2754 de
716 2718 795 2755 Off.
819 2729 857 2760 2,
916 2717 980 2768 pla
1001 2719 1133 2755 animo
1155 2718 1416 2755 obversantur.
