1820 3062
401 183 567 227 INST.
619 181 902 226 ORATOR.
950 182 1071 228 LIB.
1121 182 1192 240 X,
1244 195 1286 228 1.
1464 198 1522 244 17

147 307 362 363 ,mansos
395 325 451 356 ac
486 322 656 373 prope
675 304 991 371 liquefactos
1018 308 1374 371 demittimus,
1411 328 1523 377 quo

154 386 366 436 facilius
407 386 743 451 digerantur,
786 384 858 431 ita
887 385 1044 434 lectio
1068 404 1180 436 non
1204 389 1392 448 cruda,
1431 389 1523 440 sed

155 465 325 514 multa
373 463 655 512 iteratione
701 461 910 510 mollita
958 472 1009 510 et
1062 465 1213 513 velut
1265 466 1521 527 confecta,

137 538 446 591 ⁴memoriae
463 539 864 603 imitationique
887 539 1138 589 tradatur.
1190 544 1263 590 Ac
1286 543 1384 594 diu
1406 563 1521 595 non

157 616 252 667 nifi
288 620 526 684 optimus
561 616 815 681 quisque,
867 626 920 664 et
951 617 1047 682 qui
1084 617 1389 670 credentem
1422 622 1520 672 [ibi

153 697 378 745 minime
425 693 598 751 fallat,
651 692 911 758 legendus
945 693 1044 751 est,
1088 693 1179 743 fed
1215 695 1518 763 diligenter,

155 791 213 821 ac
245 790 413 839 paene
447 771 512 820 ad
541 769 807 819 scribendi
831 768 1260 845 solicitudineng:
1299 791 1397 823 nec
1420 794 1519 842 per

151 862 325 916 partes
361 849 526 899 modo
561 847 841 897 scrutanda
880 850 1090 908 omnia,
1135 848 1221 899 sed
1252 853 1518 917 perlectus

150 928 289 975 liber
308 929 499 993 utique
519 944 582 973 ex
610 927 818 991 integro
844 924 1210 985 resumendus,
1230 932 1519 996 praecipue

151 1005 350 1063 oratio,
391 1008 542 1065 cujus
577 1004 802 1052 virtutes
833 999 1146 1069 frequenter
1172 1022 1235 1054 ex
1256 1006 1518 1058 industria

149 1099 370 1148 quoque
413 1082 763 1131 occultantur.
853 1082 1017 1148 Saepe
1055 1083 1200 1131 enirn
1228 1097 1516 1151 praeparat,

150 1159 456 1218 diffimulat,
493 1158 773 1208 insidiatur
806 1169 1013 1218 orator,
1053 1177 1220 1226 eaque
1252 1163 1313 1213 in
1343 1165 1518 1229 prima

150 1311 310 1352 tuentur
339 1309 472 1351 Tui-ic.
508 1314 613 1350 Flor.
644 1314 807 1362 Reliqui
841 1324 879 1350 et
912 1313 990 1349 hoc
1021 1327 1281 1364 corrumpunt
1300 1317 1343 1352 in
1365 1317 1513 1354 indica·

149 1368 292 1408 tivum.
356 1373 402 1406 In
432 1371 662 1406 demittimus
690 1370 988 1420 praepositionis
1013 1373 1035 1406 I
1054 1371 1226 1407 litteram
1251 1373 1341 1408 dant
1364 1375 1450 1411 ΜΠ.
1476 1385 1515 1411 et

150 1429 275 1463 excufi
297 1440 382 1464 ante
406 1428 557 1476 Gryph.
785 1425 944 1476 mansos.
1006 1428 1140 1463 Turio.
1166 1430 1204 1474 (a
1226 1442 1286 1478 pr.
1314 1432 1387 1474 m.)
1419 1445 1517 1466 men.

139 1477 220 1534 sae.
281 1484 386 1519 Flor.
424 1486 472 1528 (a
505 1497 566 1532 pr.
599 1484 682 1527 m.)
730 1482 880 1531 menses,
1107 1487 1317 1521 iteratione.
1377 1488 1513 1524 Turio.

147 1541 252 1576 Flor.
277 1540 406 1576 Guelf.
437 1540 662 1575 alteratione
695 1552 783 1574 cum
808 1538 910 1574 Alm.
933 1537 1011 1574 Pal.
1035 1539 1160 1575 Gebh.
1181 1542 1251 1589 qui
1272 1543 1514 1578 vocabulum

146 1596 316 1632 mirifice
339 1596 600 1645 amplectitur,
632 1608 735 1631 recte
765 1596 966 1644 castigatus
990 1609 1007 1629 a
1030 1597 1270 1639 Burmanno,
1301 1597 1513 1634 artificium

144 1655 329 1702 Propriae
372 1653 432 1688 in*
454 1652 562 1688 hisce
604 1652 652 1687 ad
694 1652 803 1688 cibos
836 1652 1096 1702 spectantibus
1131 1655 1320 1690 orationis
1351 1655 1513 1693 demon·

144 1710 295 1747 strante-

233 1779 298 1803 20.
321 1766 409 1818 fibi.
470 1765 604 1801 Turic.
627 1765 666 1815 (a
684 1778 742 1814 pr.
763 1766 836 1808 m.)
867 1763 970 1800 Flor.
983 1763 1078 1815 five.
1294 1765 1513 1816 scrutanda.

137 1825 281 1864 *rua-ic.
308 1823 413 1875 Flor.
448 1822 489 1872 (a
520 1836 578 1871 pr.
609 1836 661 1857 m.
695 1821 838 1870 uterq.)
861 1820 1057 1869 scrutandi
1077 1836 1167 1858 eum
1189 1823 1291 1859 Alm.
1307 1823 1512 1873 scrutando

145 1880 278 1917 GueLf.
466 1881 676 1927 praecipue.
734 1878 799 1913 Sic
822 1878 957 1913 Turic-
985 1878 1113 1915 Guelf.
1138 1881 1272 1929 Camp.
1296 1894 1387 1916 cum
1408 1880 1511 1919 Alm.

146 1936 269 1974 Goth.
292 1937 399 1975 Vols.
427 1948 462 1972 2.
486 1947 524 1971 et
554 1936 639 1970 edd.
665 1946 751 1970 ante
774 1933 882 1969 Bafil.
914 1934 1077 1984 Reliqui
1097 1939 1381 1987 praecipueque.

234 2003 300 2028 21.
332 1992 546 2043 dfflmulat,
568 1991 763 2042 insidiatur
785 2000 919 2031 orator,
944 2005 1069 2040 eaque.
1101 1993 1352 2030 Turic.Flor.
1372 1996 1512 2043 (quan-

144 2059 262 2100 quam
290 2050 358 2085 hic
388 2050 557 2099 primam
587 2061 729 2085 vocem
758 2061 840 2084 non
869 2047 1029 2084 videtur
1051 2052 1233 2096 mutare)
1266 2051 1305 2085 di
1335 2052 1513 2088 zmilatim

142 2163 193 2201 cf.
219 2174 256 2205 2,
283 2169 319 2207 4,
347 2172 410 2207 15.
442 2163 515 2200 ubi
534 2162 639 2199 Flor.
660 2161 796 2198 Ambr-

144 2229 184 2257 2.
243 2228 506 2263 retractatam,
566 2219 703 2256 Ambr.
760 2234 795 2258 1.

145 2285 355 2314 tractatam.

201 2335 431 2383 digerantur.
490 2335 677 2371 Potestate
711 2348 797 2371 con·

143 2391 325 2439 coquendi
345 2404 426 2426 non
438 2391 597 2440 quidem
612 2392 794 2433 labentis,

144 2447 207 2488 sed
240 2448 470 2484 recentioris
505 2449 554 2483 est
576 2448 794 2489 latinitatis,

144 2503 252 2551 quod
272 2503 446 2552 primum
467 2505 626 2541 videtur
646 2506 689 2540 in
709 2505 797 2540 den·

145 2559 243 2595 tibus
275 2559 407 2596 cibum
432 2560 684 2609 digerentibus
711 2561 737 2596 i.
762 2574 794 2598 e.

143 2616 411 2653 minuentibus
463 2618 635 2658 dietum,
686 2616 797 2654 velut

143 2672 244 2708 Plin.
276 2674 326 2709 H.
356 2675 407 2710 N.
448 2687 519 2715 11,
553 2685 617 2719 37.
670 2675 694 2710 s.
727 2675 793 2710 61.

144 2730 284 2765 Seneca
308 2740 435 2766 tamen
457 2742 494 2767 et
517 2731 646 2769 Celsus
664 2731 794 2768 nostro

204 2786 241 2823 T
239 2801 310 2823 om.
341 2787 410 2826 IV.

855 2163 933 2210 jam
974 2160 1191 2210 significatu
1223 2163 1420 2213 usurpant.
1461 2163 1511 2201 cf.

858 2222 933 2269 Qu.
967 2232 1013 2255 11
1030 2246 1040 2260 ,
1063 2227 1108 2262 5,
1139 2231 1200 2267 ¹9·

912 2288 977 2313 20.
1003 2275 1193 2325 scribendi
1212 2274 1509 2324 solicitudinem.

854 2334 949 2371 Nou
989 2345 1089 2381 opus
1128 2333 1350 2379 corrigente
1382 2332 1510 2367 Loch-

853 2403 997 2426 manno
1019 2388 1237 2438 scribentis,
1285 2400 1511 2436 quanquam

854 2446 932 2483 hoc
962 2447 1088 2496 ipsum
1119 2446 1161 2480 in
1188 2445 1510 2493 interpretatione

853 2504 968 2553 ponit
1000 2503 1243 2538 Melanthon.

910 2562 1108 2610 praecipue
1134 2560 1257 2595 oratio
1288 2569 1356 2599 „et
1383 2558 1508 2594 maxi-

853 2630 944 2659 „me
974 2619 1009 2652 >fi
1049 2614 1151 2651 liber
1187 2613 1256 2650 ille
1296 2616 1341 2650 fit
1380 2616 1510 2652 oratio

853 2674 1072 2723 „quaedam
1113 2671 1208 2707 clari
1246 2670 1414 2718 alicujus
1441 2685 1508 2722 pa-

851 2730 1029 2772 „troni.“
1059 2729 1219 2765 Gesner.

1026 2787 1058 2821 B

1543 562 1594 589 20

1539 1104 1588 1131 22
