1779 3062
326 171 492 216 INST.
538 169 817 215 ORATOR.
867 168 990 214 LIB.
1034 170 1108 225 X,
1157 182 1201 214 1.
1387 177 1450 226 39

95 299 190 365 gis.
239 295 477 361 Ideoque
498 295 854 344 immortalem
876 295 1022 343 illam
1044 293 1275 344 Sallustii
1298 295 1446 344 velo·
1462 310 1540 339 102

98 377 308 423 citatem
371 371 588 421 diversis
650 373 945 420 virtutibus
1004 372 1316 422 consecutus
1365 371 1453 421 est.

96 454 241 501 'Nam
286 451 424 498 mihi
467 450 674 515 egregie
719 447 899 497 dixisse
944 449 1161 497 videtur
1203 441 1456 499 Servilius

97 530 406 585 .Nom'arzus,
464 543 612 592 pares
660 544 750 575 eos
795 526 986 590 magis,
1038 543 1199 590 quam
1236 526 1456 576 similes:

98 606 196 671 qui
231 615 282 653 et
316 603 425 670 ipse
457 621 484 652 a
515 604 672 653 nobis
704 602 917 653 auditus
944 601 1032 660 est,
1059 603 1181 650 elati
1200 604 1285 651 vir
1308 605 1459 670 inge-

189 749 279 774 102.
311 738 427 773 illam.
459 737 593 772 Turic-
615 735 721 772 Flor.
754 736 838 780 (liic
871 749 889 770 a
913 749 970 784 pr.
990 749 1065 775 m.,
1095 735 1157 770 sed
1190 736 1349 784 reponit
1373 748 1459 774 ante

101 796 264 830 immort.
308 807 386 843 quo
431 792 521 828 loco
555 804 591 829 et
620 792 748 829 Guelf.
783 793 918 836 habet)
966 793 1174 832 omittunt,
1234 805 1321 827 cum
1358 794 1458 830 Alm.

100 852 283 900 Suspicor
308 850 484 885 haustum
508 863 528 884 a
553 850 818 899 praecedentis
855 849 1050 885 extremis.
1279 847 1457 897 Sallustii.

100 908 234 942 Turic.
257 906 295 952 (a
316 907 385 943 sec.
410 907 483 950 m.)
507 907 640 954 Camp.
674 904 868 948 Sallustius
891 920 979 941 cum
1000 906 1098 944 Jens.
1126 905 1241 940 Tarv.
1275 907 1460 941 Correxit

98 964 259 1012 Regius.
491 963 739 998 velocitatem.
803 964 937 998 Turio.
994 964 1039 1004 (a
1088 963 1156 996 sec.
1207 963 1290 1009 111.)
1341 964 1459 998 civili·

100 1028 227 1055 tatem.
461 1019 635 1054 Servilius
667 1020 874 1054 Nonianus.
920 1018 1048 1055 Guelf.
1093 1019 1272 1066 Virgilius
1309 1020 1374 1063 (cf.
1415 1018 1463 1053 ad

102 1083 151 1121 8,
184 1085 230 1119 5,
262 1076 348 1122 53.)
379 1075 585 1116 Nonianus,
621 1087 658 1111 et
687 1077 734 1110 fic
764 1077 807 1111 in
841 1077 908 1112 sec.
940 1075 1099 1111 nomine
1122 1076 1221 1114 Jens.
1252 1090 1341 1112 curn
1375 1076 1462 1112 edd.

101 1133 241 1182 poster.
287 1143 373 1167 ante
406 1134 540 1167 Burm.
584 1134 621 1168 S.
660 1133 854 1168 Nomanus
885 1133 1004 1169 Goth.
1049 1135 1155 1177 (err.
1187 1133 1330 1177 Gesn.)
1372 1145 1464 1168 cum

102 1189 209 1231 Voff.
246 1198 283 1224 2.
331 1190 368 1225 S.
401 1189 612 1224 Nomianus
659 1191 792 1238 Camp.
843 1190 1030 1226 Nostrum
1075 1199 1111 1223 et
1140 1188 1240 1225 Vall.
1275 1202 1312 1226 et
1351 1200 1464 1225 vetu-

105 1244 264 1281 stiffimi.

104 1303 218 1349 genii.

934 1245 1068 1280 Turio.
1101 1245 1206 1281 Flor.
1241 1247 1376 1282 clarius
1409 1249 1464 1282 in·

279 1300 350 1336 Ille
373 1315 392 1336 a
422 1302 488 1337 [ec.
518 1316 570 1337 m.
594 1302 712 1336 clarus
744 1304 906 1349 ingenio,
929 1313 966 1336 et
988 1303 1036 1335 fic
1061 1302 1192 1349 Camp.
1229 1317 1318 1338 cum
1342 1304 1462 1341 Goth.

104 1357 210 1393 Voff.
243 1368 278 1392 2.
321 1357 433 1394 Colb.
468 1369 504 1394 et
532 1358 616 1393 edd.
652 1368 736 1392 ante
770 1357 879 1392 Bafil.
932 1358 1057 1393 Clarel:
1087 1372 1121 1392 v.
1151 1360 1174 1392 i.
1218 1358 1346 1395 Guelf.
1404 1362 1466 1396 Ex

104 1413 209 1450 Voff.
236 1423 272 1456 3.
304 1414 462 1449 affertur
484 1415 589 1449 darec
610 1429 642 1450 v.
669 1417 691 1450 ἰ.
725 1414 844 1449 Goth.
868 1415 985 1449 elatus
1007 1415 1169 1461 ingenio,
1200 1415 1243 1450 in
1269 1429 1362 1463 quo,
1394 1418 1467 1453 nisi

104 1469 190 1518 post
214 1470 322 1505 Gesn.
358 1481 396 1504 ct
421 1471 499 1519 ipse
533 1471 718 1510 connivi,
750 1483 872 1505 verae·
897 1470 1054 1505 demum
1085 1471 1294 1519 scripturae
1324 1475 1468 1509 semina

104 1526 315 1561 servantur.
378 1527 475 1572 Quis
508 1528 611 1562 enim
642 1527 809 1567 „clarum
841 1526 1073 1574 ingeniun1“
1102 1527 1224 1567 dixit,
1264 1529 1335 1564 nisi
1366 1531 1468 1566 forte

106 1581 234 1630 ipsum
264 1581 469 1617 hominem
497 1584 742 1631 significaret,
774 1583 886 1629 cujus
920 1582 1009 1618 effet
1042 1582 1271 1630 ingenium,
1303 1597 1347 1621 ut
1376 1599 1468 1635 119.

107 1637 277 1678 Elatum,
311 1639 416 1686 quod
452 1640 557 1674 idem
590 1639 639 1674 est
673 1652 715 1674 ac
739 1637 932 1687 sublatum
964 1639 991 1673 i.
1013 1653 1044 1673 e.
1066 1639 1252 1688 amplum,
1286 1642 1467 1685 sublime,

107 1705 290 1744 poterant
312 1697 458 1742 optime
485 1697 527 1737 ii,
561 1696 631 1744 qui
642 1695 829 1745 sublatius
860 1695 926 1731 vel
953 1696 1087 1730 elatius
1109 1697 1236 1733 dicere
1261 1710 1470 1748 opponunt

110 1750 160 1792 ei,
192 1750 298 1800 quod
322 1751 372 1787 eft
391 1751 544 1803 preffius
565 1763 603 1789 et
630 1755 785 1789 tenuius.
848 1752 966 1800 Quod
998 1752 1148 1788 faciunt
1168 1754 1306 1791 Cicero
1331 1767 1368 1791 et
1392 1755 1470 1792 Ph·-

516 1247 606 1281 elaci
636 1248 692 1281 vir
724 1248 874 1294 ingenii.

176 1875 268 1900 102.
317 1865 564 1901 velocitatem.

115 1930 165 1961 2,
214 1931 302 1963 107.

633 1866 690 1902 Cf.
725 1873 762 1909 4,

360 1922 763 1958 Animadvertendum

877 1866 1055 1902 Servilius
1074 1867 1282 1903 Nonianus.
1334 1870 1470 1907 Homo

822 1933 860 1958 et
900 1936 1056 1958 morum
1095 1934 1132 1958 et
1173 1924 1326 1971 ingenii
1371 1927 1472 1963 fama

115 1986 242 2012 autem
265 1978 409 2012 summa
437 1978 502 2013 hic
526 1979 765 2028 proprietate
822 1978 986 2020 florens,
1041 1980 1111 2028 qui
1142 1981 1328 2017 Romanis
1355 1984 1472 2021 rebus

114 2034 275 2082 positam
303 2047 443 2069 vocem
478 2034 648 2081 subjecto
681 2049 765 2072 con-

105 2088 288 2139 sequendi
351 2091 488 2127 verbo.
576 2094 628 2127 Et
687 2092 766 2128 hoc

117 2146 277 2193 quidem
318 2148 589 2196 unusquisque
632 2149 768 2184 sentiet

115 2215 198 2237 11011
228 2205 308 2240 (1101
342 2215 446 2239 nunc
477 2218 551 2254 pro
585 2205 768 2246 hahendo,

119 2262 363 2308 acquirendo,
404 2260 468 2295 sed
502 2261 572 2297 effe
599 2262 766 2311 pensare,

113 2328 433 2364 praecurrentem
478 2319 533 2354 ita
571 2319 769 2367 consequi,

118 2381 165 2407 ut
206 2387 286 2410 non
327 2375 372 2409 fit
411 2375 546 2422 potior
583 2376 664 2423 ipso
703 2375 772 2423 qui

120 2431 382 2477 sequebatur;
461 2444 541 2479 quo
610 2433 771 2467 nomine

123 2513 149 2528 „
164 2485 329 2534 diversae
344 2487 511 2535 virtutes
527 2492 551 2508 “
583 2488 771 2536 aptissime

125 2543 321 2579 dicuntur.
403 2544 465 2578 De
518 2544 770 2593 consequendo

125 2600 174 2636 cf.
199 2612 263 2641 10,
295 2608 331 2640 2,
365 2609 403 2644 7.
453 2601 704 2637 Immortalem
725 2601 773 2636 ad

125 2660 161 2706 ς.
186 2656 250 2702 86.
287 2669 351 2697 10,
382 2665 421 2697 2,
454 2663 518 2702 18.

824 2036 1019 2072 tradendis
1048 2035 1245 2077 inclaruit,
1270 2038 1473 2087 postquam

824 2091 894 2127 diu
958 2091 1047 2128 foro
1118 2091 1269 2128 celeber
1336 2095 1473 2134 fuerat.

825 2148 967 2185 Verbis
989 2160 1079 2184 utor
1105 2149 1233 2184 Taciti
1252 2152 1389 2188 Annal.
1411 2160 1474 2198 14,

831 2216 892 2249 19.
933 2206 980 2241 cf.
1011 2204 1117 2240 Dial.
1159 2205 1204 2241 de
1246 2206 1370 2246 Oratt.
1408 2218 1478 2254 23.

825 2260 927 2298 Plin.
950 2262 1068 2310 Epist.
1096 2275 1130 2303 1,
1171 2272 1234 2306 15,
1267 2272 1305 2307 5.
1361 2268 1481 2303 Hunc

825 2328 871 2353 ut
930 2330 1079 2368 patrem
1137 2318 1263 2356 coluit
1309 2323 1478 2366 Perfius;

826 2375 909 2411 vid.
941 2378 1044 2411 Suet.
1074 2376 1116 2410 111
1148 2376 1240 2412 vita.
1310 2380 1407 2426 Ejus
1438 2380 1482 2416 in

829 2431 1005 2480 sepulcro
1039 2432 1082 2467 in
1115 2431 1180 2466 via
1201 2433 1327 2483 Appia
1356 2450 1482 2486 nuper

831 2489 959 2524 effossa
980 2488 1109 2528 statua,
1123 2489 1313 2526 consulari
1333 2492 1480 2534 habitu,

831 2556 922 2579 cura
937 2545 1130 2585 Canovae,
1155 2546 1294 2582 eximii
1313 2549 1480 2599 sculpto·

829 2601 884 2636 ris
910 2601 1130 2649 optimique
1158 2602 1250 2639 viri.
1494 2599 1501 2601 ‚

890 2657 980 2692 elati
1007 2659 1065 2693 vir
1095 2658 1260 2706 ingenii3
1292 2661 1376 2699 vid.
1399 2673 1482 2700 not.

832 2724 918 2750 cut.
