1779 3062
419 96 587 146 INST'.
629 93 912 147 ORATOR.
951 100 1077 147 LIB.
1112 90 1226 160 XH}
1267 113 1312 156 7.

199 220 456 291 cujusque
490 218 769 276 voluntate
793 218 1110 278 moveatur:

197 315 251 354 et
288 301 624 354 amiciffimos
658 303 877 354 habebit
915 307 1001 355 vir
1033 306 1225 370 bonus.

1455 101 1552 160 567

1191 243 1425 293 namque
1451 226 1552 278 hos

1303 307 1550 355 Summo·
1570 321 1595 358 6

195 381 440 432 vendum
475 398 608 431 vero
644 378 718 428 est
753 392 1048 449 utrumque
1082 384 1312 432 ambitus
1357 399 1549 447 genus,

194 460 285 508 vel
305 452 617 525 potentibus
641 467 823 507 contra
836 459 1070 510 humiles
1090 459 1406 510 venditandi
1423 476 1549 526 ope·

105 552 312 589 1075ram
342 534 518 596 suam;
555 536 646 586 vel
677 534 818 584 illud
851 538 1008 585 etiam
1040 540 1334 600 jactantius,
1372 538 1550 587 mino-

193 632 276 664 res
302 615 493 679 utique
525 623 706 663 contra
736 612 1048 679 dignitatem
1078 614 1370 665 attollendi.
1415 616 1548 664 Non

193 694 340 742 enim
369 690 589 742 fortuna
623 689 803 742 causas?
837 691 927 738 vel
956 691 1113 753 justas
1147 694 1236 742 vel
1275 692 1549 758 improbas

194 879 261 906 aut
291 870 427 918 optimi
455 870 554 908 Jens.
586 881 617 905 c.
651 869 738 905 edd.
767 869 864 919 post.
896 879 983 904 ante
1015 870 1167 920 Gryph.

194 927 327 963 Turic.
389 936 606 963 moveantur
632 925 736 962 Flor.
795 927 862 961 hos
892 929 1005 962 etiam
1035 943 1070 963 a.
1105 929 1239 977 Camp.

1335 883 1551 906 moveamur·

1396 927 1548 962 habebis

192 985 251 1018 vir
280 984 408 1019 bonus.
468 984 531 1018 Sic
571 993 609 1018 et
647 983 780 1031 scripti
815 994 852 1019 et
893 984 990 1020 editi
1021 984 1102 1020 mei
1134 998 1267 1021 omnes
1299 996 1386 1020 ante
1421 986 1547 1019 Stoer.

192 1042 284 1089 (tac.
317 1040 428 1076 Gesn.
470 1041 516 1076 de
549 1039 669 1076 Goth.
703 1051 740 1075 et
768 1041 867 1078 Jens.
910 1041 986 1077 nisi
1026 1041 1134 1090 quod
1167 1056 1214 1077 ex
1243 1041 1316 1077 illo
1348 1040 1459 1076 affert
1486 1039 1553 1074 ha·

188 1097 263 1136 bet,
293 1098 401 1146 quod
433 1110 481 1134 ex
511 1097 647 1134 codice
679 1097 763 1146 ipso
794 1110 878 1134 non
908 1099 1113 1135 annotavit
1142 1098 1316 1148 Spald.).

185 1169 223 1192 v.
258 1154 292 1192 lt.
325 1155 361 1191 h.

1385 1095 1549 1145 Reliqui

308 1245 344 1281 6.
388 1245 604 1281 vindicandi
635 1245 765 1282 Guelf.
820 1246 1044 1283 vendicandi
1084 1247 1218 1294 Camp.
1260 1246 1359 1285 Jens.
1401 1255 1439 1280 et
1479 1243 1555 1280 ali-

192 1314 292 1352 quot
321 1303 416 1351 post.
444 1304 668 1347 jactantium
698 1303 827 1339 Guelf.
859 1303 980 1339 Goth.
1011 1307 1100 1344 (tac.
1133 1304 1266 1348 Gesn.)
1304 1304 1430 1351 utique
1464 1315 1544 1338 orn.

189 1361 323 1396 'J‘uric⁵
366 1359 499 1408 Camp.

184 1584 368 1635 „qualem
399 1597 471 1621 nos
506 1586 718 1634 fingimus,
751 1599 837 1636 per·

184 1644 322 1685 „sonas
372 1641 616 1691 litigantium
667 1644 835 1692 respicit,

184 1699 305 1742 „fieri
343 1700 414 1735 vix
451 1699 597 1748 potest,
639 1700 738 1749 quin
770 1713 835 1736 eos

183 1757 291 1798 „fere
310 1755 381 1791 fibi
409 1756 674 1792 defendendos
707 1756 836 1804 eligat,

186 1813 295 1860 „qui
353 1823 390 1848 et
451 1812 596 1862 optimi
652 1813 836 1849 homines

184 1874 383 1912 ‚,e1·unt.“

248 1926 284 1962 6.
317 1936 510 1975 utramque
528 1925 687 1963 ambitus
709 1939 834 1975 genus.

139 2028 141 2031 ι
186 1982 272 2019 Illis
305 1996 402 2032 quae
432 1982 629 2018 veriffima
665 1984 839 2032 disputa·

188 2041 252 2076 vit
279 2039 530 2088 Spaldingius
560 2040 607 2075 ad
633 2055 668 2082 1,
700 2051 738 2081 2,
770 2049 836 2076 22.

188 2097 268 2133 hoe
286 2096 507 2132 addendum
521 2097 693 2138 videtur,
718 2096 839 2145 quod,

190 2166 280 2189 cum
310 2153 470 2201 vigente
498 2167 581 2204 rep.
612 2154 769 2190 nonnisi
792 2153 839 2188 ad

188 2211 397 2246 inferiores
433 2212 644 2261 spectarent
677 2211 840 2247 ambitus

193 2277 231 2302 et
263 2266 444 2310 ambitio,
488 2279 666 2317 tempore
709 2268 839 2304 Caesa·

192 2336 307 2364 rum,
368 2325 524 2372 quando
562 2339 581 2358 a
611 2324 839 2374 potentibus

195 2390 346 2415 tantum
393 2381 566 2417 honores
603 2381 842 2431 impetrandi

196 2447 315 2478 erant,
348 2438 481 2473 eadem
506 2439 697 2475 vocabula
724 2439 767 2474 in
792 2437 843 2473 il·

193 2492 326 2528 lorum
359 2496 504 2541 gratiae
543 2498 844 2545 aucupationem

194 2561 456 2594 t1·ansie1·unt;
487 2563 549 2588 1ta·
563 2564 691 2589 tamen
703 2564 748 2589 ut
761 2566 845 2588 non

196 2608 412 2649 evanuerit,
441 2610 549 2659 quod
577 2610 698 2646 hodie
727 2610 846 2646 etiam

197 2664 330 2714 viget,
370 2667 642 2715 potentiorum
675 2668 847 2704 studium

577 1362 701 1409 utique
741 1359 828 1410 affec
869 1361 973 1409 dign.
1016 1360 1122 1397 Flor.

190 1416 380 1467 causarum
417 1414 533 1465 justus
568 1417 701 1453 Turio.
742 1417 848 1454 Flor.

1185 1359 1366 1408 fortunae
1406 1359 1544 1394 Turio.

889 1431 922 1453 c.
966 1416 1070 1453 Alm.
1140 1418 1200 1453 vel
1240 1419 1347 1467 impr.
1387 1430 1422 1453 v.
1457 1411 1548 1463 just.

897 1599 987 1636 erga
1009 1585 1216 1622 inferiores
1242 1583 1414 1619 nimium
1439 1584 1549 1632 saepe

898 1655 935 1680 et
971 1643 1209 1693 perversum.
1280 1643 1385 1675 Haec
1422 1640 1549 1688 igitur

897 1701 947 1737 est
976 1700 1113 1749 duplex
1134 1698 1202 1732 illa
1223 1698 1393 1737 ambitio,
1426 1710 1547 1745 quam

893 1758 962 1793 hic
992 1756 1118 1803 tangit
1149 1755 1224 1801 Qu.
1281 1754 1451 1789 Ambitus
1480 1767 1549 1788 au-

894 1826 972 1850 tem
997 1810 1253 1851 vocabulum,
1299 1810 1406 1858 quod
1447 1809 1548 1845 olim

894 1869 1053 1907 nonnisi
1100 1867 1147 1902 de
1200 1880 1246 1903 eo
1290 1865 1549 1915 usurpabatur

896 1927 1005 1977 quod
1025 1925 1199 1974 ipsorum
1221 1923 1422 1959 honorum
1440 1923 1548 1958 causa

897 1998 986 2032 erga
1005 1981 1198 2032 populum
1219 1980 1361 2021 fiebat,
1392 1993 1411 2014 a
1424 1979 1546 2027 Quin-

897 2041 1050 2081 tiliano,
1069 2039 1168 2075 ficut
1188 2037 1357 2078 ambitio,
1378 2036 1425 2072 de
1445 2049 1544 2084 quo-

895 2110 1052 2146 cunque
1075 2097 1218 2144 gratiae
1239 2093 1467 2141 captationis
1480 2106 1545 2141 ge·

896 2168 988 2191 nere
1008 2154 1235 2203 usurpatur,
1274 2151 1328 2186 ita
1350 2161 1479 2186 tamen
1501 2159 1553 2184 ut‘

895 2212 976 2247 hoc
1006 2211 1086 2260 ipsa
1119 2211 1215 2246 faeta
1253 2209 1331 2243 fere
1371 2207 1543 2248 denotet,

897 2268 1052 2305 ambitio
1073 2279 1201 2304 autem
1220 2265 1400 2301 habitum
1422 2273 1459 2299 et
1471 2262 1546 2298 stu-

897 2326 1008 2361 dium
1031 2324 1248 2364 ambitiosi;
1281 2321 1398 2362 unde,
1420 2329 1466 2355 ut
1485 2332 1546 2354 re·

898 2393 957 2419 cte
980 2383 1157 2419 observat
1179 2378 1443 2429 Spaldingius,
1468 2376 1559 2413 hoo·

898 2439 1138 2475 vocabulum
1158 2438 1214 2472 in
1246 2449 1361 2472 omne
1397 2432 1548 2483 glor-iae

900 2509 1048 2532 vanum
1068 2494 1238 2531 studium
1264 2491 1438 2533 transiit,
1476 2490 1549 2527 ubi

901 2550 1037 2589 nullus
1070 2552 1120 2588 est
1154 2551 1298 2601 gratiae
1326 2549 1460 2590 locus,
1505 2557 1550 2582 ut

902 2621 1000 2646 mox
1019 2616 1058 2655 8,
1082 2619 1118 2646 2.

962 2670 1124 2704 minores·
1141 2667 1266 2717 utique
1286 2673 1415 2701 contra
1429 2663 1553 2714 digni-
