1779 3062
296 159 395 209 442

297 275 414 324 dios
448 275 678 340 poplites
713 293 881 341 usque
914 278 1239 342 perveniant.

291 440 391 470 rent,
436 441 531 476 quae
550 429 712 477 proprio
737 429 932 466 vocabulo

292 487 546 535 praecinerat-a
579 485 679 521 dicta
712 486 768 520 [it.
837 488 932 522 Eam

293 542 384 576 fieri
406 552 540 588 putant
569 540 662 582 illo,
695 556 810 590 quem
839 555 933 578 mox

295 596 562 644 Quintilianus
596 609 803 639 memorat,
835 599 933 634 velue

294 654 433 689 balteo.
493 654 606 701 Quod
631 655 658 689 si
679 654 931 695 admittimus,

294 711 421 744 cinctis
462 710 503 745 in
538 711 663 745 nostro
695 710 783 746 loco
813 711 935 759 accipi

295 766 411 800 etiam
440 767 555 814 poffit
585 780 656 815 pro
690 767 842 808 dativo,
891 775 936 800 ut

293 823 504 870 praecipiat
536 824 610 869 Qu.
633 836 713 858 eam
743 823 811 858 lati
834 822 935 858 clavi

293 877 606 926 longitudinem,
639 893 732 927 qua,
763 880 845 928 post
882 879 935 913 fa·

295 945 392 969 ctam
446 936 747 982 praecincturam
803 935 933 974 illam,

293 992 446 1038 paulum
482 990 705 1040 summissior
751 992 794 1026 sit
826 991 864 1028 h.
901 1005 932 1026 e-

293 1046 535 1093 aliquantum
569 1048 667 1082 infra
695 1049 816 1082 linum
847 1060 935 1094 pro-

291 1104 468 1151 pendeat.
530 1104 633 1137 Mihi
656 1115 779 1139 tamen
793 1105 838 1138 de
852 1103 933 1138 ullo

293 1168 424 1206 togam
448 1160 673 1206 incingendi
688 1173 808 1198 more,
825 1173 933 1207 prae-

290 1225 348 1250 ter
372 1214 498 1253 illum,
531 1215 599 1262 qui
632 1215 757 1250 dictus
790 1216 839 1249 est
862 1217 934 1248 cin-

290 1280 368 1304 ctus
390 1271 568 1311 Gabinus,
591 1271 764 1305 nondum
786 1271 933 1318 persua-

289 1326 368 1360 sum
393 1327 453 1364 est,
474 1328 932 1374 praecinctumque,juxta

287 1395 330 1417 ac
356 1384 563 1422 Ferrarius,
594 1383 730 1418 eodem
759 1396 837 1430 quo
859 1386 932 1418 cin-

288 1448 384 1474 ctum
414 1440 629 1488 significatu
665 1440 812 1475 dictum
854 1440 933 1474 exi-

287 1497 415 1532 stimo.
484 1498 595 1531 Certe
629 1495 729 1530 illud
762 1496 931 1531 vocabu-

287 1553 372 1589 lum
396 1565 488 1602 non,
506 1563 548 1586 ut
560 1553 748 1587 Graevius
767 1553 829 1590 ait,
844 1553 932 1586 [em-

287 1623 358 1659 per
392 1610 437 1643 de
474 1619 561 1655 toga
591 1609 774 1655 usurpari,
810 1608 931 1642 mani-

288 1666 425 1701 feftum
448 1665 496 1699 est
524 1665 584 1707 (id
608 1665 713 1712 quod
735 1665 931 1699 Ferrarius

290 1733 422 1757 contra
454 1721 674 1755 Rubenium
703 1720 779 1765 jam
804 1721 934 1767 tetigit

289 1791 375 1827 pag.
401 1777 662 1812 Thes.Graev.
686 1777 822 1822 ¹¹43·)
848 1789 932 1810 ver-

291 1836 351 1870 bis
377 1833 542 1868 Pedonis
563 1832 604 1867 in
625 1832 745 1878 elegia
768 1832 814 1867 de
830 1832 933 1866 Mae-

293 1901 435 1929 cenate,
449 1890 592 1936 quibus
606 1889 816 1923 discinctum
829 1889 933 1923 Mae-

293 1957 463 1982 cenatem
502 1944 667 1993 praefert
705 1945 799 1980 bene
828 1959 936 1992 prae-

294 2005 436 2044 cinctis,
475 2002 677 2048 eidemque
706 2001 846 2036 tribuit
877 2010 934 2036 cu-

292 2062 393 2095 nicas
407 2058 569 2107 solutas,
601 2058 642 2091 in
666 2057 809 2105 quibus
831 2058 933 2105 apud

293 2119 474 2151 Senecam
504 2127 659 2162 quoque
688 2113 803 2160 Epist.
841 2120 928 2156 114.

291 2172 449 2211 incedit,
479 2181 523 2205 ut
552 2180 589 2205 et
620 2168 834 2205 Malthinus
865 2168 932 2204 ille

287 2230 510 2278 personatus
523 2227 624 2275 apud
636 2226 842 2261 Horatium
857 2228 930 2262 Sat.

295 2299 329 2324 1,
354 2296 390 2326 2,
414 2291 478 2326 25.
517 2281 722 2324 „demitris
752 2282 933 2316 tunicis.“

287 2340 372 2377 Nec
394 2352 536 2375 temere
560 2340 739 2386 cuiquam
762 2338 928 2378 credam,

288 2397 434 2438 „altius
489 2408 531 2430 ac
578 2407 648 2430 nos
700 2394 929 2429 praecinctis

288 2459 465 2494 ,‚unum“
497 2464 586 2486 cum
610 2451 788 2486 scriberet
806 2451 929 2486 Hora-

289 2511 368 2545 tius
400 2503 492 2556 (Sat.
519 2523 548 2548 ι,
573 2515 607 2551 5,
634 2508 701 2550 6.),
732 2517 816 2542 ante
839 2518 930 2541 ocu·

290 2564 351 2601 los
369 2563 541 2601 habuiffe
565 2575 694 2611 togam
717 2562 843 2599 balteo
858 2561 930 2597 illo

291 2623 548 2659 consu-ictam.
579 2621 704 2668 Quare
722 2620 772 2656 iis
789 2632 851 2654 me
873 2630 932 2654 ac-

609 150 684 195 M.
720 132 855 196 FAB.
893 151 1309 212 ρυῐΝΤιιῐΛΝι

1320 277 1380 328 ‘N
1381 296 1463 327 am
1493 277 1632 328 infra

991 434 1135 474 censeo,
1160 434 1230 481 qui
1263 435 1384 468 tunica
1416 433 1518 481 apud
1548 433 1630 469 Ma·

991 490 1168 524 orobium
1219 488 1485 537 reponendum
1528 489 1630 535 judi-

990 556 1076 581 cant
1096 558 1165 592 pro
1190 554 1293 592 toga.
1316 544 1405 582 vid.
1432 543 1631 593 Ald.Nep.

990 602 1032 637 iu
1053 601 1160 635 Thr-s.
1188 602 1326 636 Graev.
1347 601 1416 638 VI.
1444 613 1481 647 p.
1511 611 1627 645 ¹²97·

989 660 1034 693 B.
1064 658 1107 694 C.
1137 659 1282 692 Ferrar.
1313 655 1367 691 ib.
1395 668 1432 702 p.
1458 655 1550 700 642.
1581 657 1627 692 E.

990 715 1092 750 Nam
1131 713 1236 760 quod
1270 713 1443 748 laciniam
1481 712 1632 748 traxiffe

993 769 1183 805 Caesarem
1207 769 1260 804 ait
1283 767 1528 808 Macrobius,
1561 781 1632 817 po·

992 826 1070 861 tuit
1090 838 1129 860 ea
1153 825 1303 860 tunicae
1325 825 1396 859 effe
1411 850 1422 864 ‚
1458 836 1547 858 cum
1579 835 1634 860 ta·
1673 870 1675 872 Ι

990 882 1088 917 lares
1111 882 1263 917 tunicae
1290 893 1533 928 nequaquam
1561 881 1634 916 sint

991 938 1198 974 inauditae.
1258 939 1374 985 Super
1413 936 1530 971 latam
1560 937 1632 972 cla-

991 1008 1075 1030 vum
1093 1006 1137 1029 ut
1162 994 1309 1029 dictum
1332 993 1375 1028 sit
1389 992 1434 1026 de
1448 992 1523 1040 ipsa
1536 1006 1629 1042 pur·

991 1063 1100 1099 pura,
1117 1063 1196 1084 non
1216 1050 1262 1085 de
1285 1049 1413 1085 tunica
1437 1059 1528 1090 tota,
1542 1061 1629 1084 ver·

992 1107 1039 1141 ba
1068 1107 1247 1141 Suetonii
1277 1108 1377 1142 ferre
1408 1105 1510 1139 mihi
1547 1117 1631 1140 non

991 1161 1198 1196 videntur:
1247 1175 1334 1197 nam
1363 1160 1432 1208 qui
1456 1160 1631 1208 fimbria·

992 1226 1067 1252 tum
1089 1217 1202 1251 latum
1223 1219 1364 1253 clavum
1396 1216 1566 1258 dixerat,
1595 1217 1630 1252 it

992 1286 1078 1308 cum
1102 1286 1183 1306 eum
1201 1287 1295 1309 mox
1319 1271 1426 1312 dicit,
1450 1273 1629 1313 eundem,

990 1329 1066 1364 hoc
1087 1329 1136 1363 est
1151 1330 1333 1370 tunicam,
1355 1327 1549 1376 defignare
1559 1341 1632 1377 pu-

990 1386 1126 1421 tandus
1147 1386 1215 1420 est:
1246 1399 1370 1434 noque
1394 1396 1441 1418 ex
1455 1396 1633 1420 veterum

991 1443 1148 1490 quidem
1173 1440 1409 1490 ‘scriptorum
1433 1440 1632 1476 relationi-

991 1499 1063 1534 bus
1095 1496 1212 1532 ullam
1244 1499 1435 1533 rationem
1468 1496 1633 1533 commi-

989 1555 1134 1592 niscor,
1177 1567 1250 1602 qua
1293 1553 1394 1601 infra
1431 1563 1640 1602 pur-purant

989 1610 1047 1653 (h.
1079 1623 1110 1644 e.
1140 1610 1327 1645 inferiore
1358 1610 1403 1645 ad
1426 1609 1630 1659 perpendi-

990 1665 1120 1701 culum
1144 1665 1249 1708 loco)
1275 1669 1373 1714 cingi
1391 1665 1629 1715 potueritis,

991 1723 1070 1770 qui,
1108 1732 1151 1756 ut
1180 1722 1374 1770 peculiare
1405 1722 1498 1762 sibi,
1518 1720 1631 1770 super

990 1778 1099 1812 illam
1132 1778 1281 1813 cinctus
1307 1779 1418 1813 fuiffe
1443 1788 1629 1812 narratur.

992 1835 1115 1880 Quam
1153 1834 1307 1868 unicam
1346 1833 1630 1869 dubitationem

991 1890 1067 1938 ipse
1095 1890 1207 1925 etiam
1233 1891 1422 1926 Graevius
1447 1888 1515 1936 (ad
1536 1891 1630 1924 Sue-

992 1957 1072 1982 ton.
1094 1945 1121 1981 l.
1143 1945 1188 1990 l.)
1201 1946 1347 1982 solvero
1366 1959 1446 1982 non
1466 1945 1630 1982 valebat.

991 2002 1124 2050 Vulgo
1149 2002 1282 2050 igitur,
1315 2003 1384 2050 qui
1413 2002 1533 2037 latum
1557 2000 1632 2036 cla-

989 2072 1085 2093 vum
1105 2058 1301 2099 haberent,
1322 2058 1529 2094 interiores
1544 2069 1630 2092 mo·

991 2114 1040 2150 do
1053 2115 1199 2150 tunicas
1214 2114 1430 2162 cingebant,
1442 2126 1522 2149 non
1535 2126 1629 2153 eam,

988 2170 1031 2206 in
1063 2183 1136 2218 qua
1161 2170 1248 2205 eII'et
1268 2183 1462 2219 purpura3
1495 2180 1629 2205 contra

990 2227 1121 2265 Caesar
1142 2226 1251 2275 super
1261 2226 1378 2275 ipsam
1390 2225 1628 2274 cingebatur.

987 2286 1045 2318 Ita
1068 2292 1223 2330 apparet
1242 2284 1379 2318 cinccos
1402 2281 1588 2332 appellari
1607 2294 1629 2316 a

987 2339 1130 2377 nostro,
1150 2338 1219 2386 qui
1238 2338 1394 2385 angusto
1415 2337 1526 2373 clavo
1543 2347 1628 2374 ute-

985 2405 1133 2436 rentur,
1165 2394 1287 2443 qualis
1323 2395 1399 2431 fuit
1427 2395 1628 2430 Maecenas

987 2464 1116 2499 eques,
1133 2452 1242 2497 cujus
1261 2451 1339 2499 ipse
1362 2450 1537 2499 angustus
1551 2449 1626 2485 cla-

986 2520 1060 2542 vus
1095 2507 1303 2542 discinctus
1333 2506 1486 2542 fluebat.
1552 2507 1627 2544 La-

988 2573 1048 2598 tus
1072 2563 1201 2598 clavus
1221 2563 1384 2599 inferius
1409 2561 1627 2597 demittitur

989 2632 1104 2668 quam
1124 2619 1316 2668 angustus,
1344 2619 1425 2669 qui,
1457 2628 1502 2653 ut
1523 2626 1627 2653 recte
