<?xml version="1.0" encoding="UTF-8"?>
<!DOCTYPE html PUBLIC "-//W3C//DTD XHTML 1.0 Transitional//EN"
    "http://www.w3.org/TR/xhtml1/DTD/xhtml1-transitional.dtd">
<html xmlns="http://www.w3.org/1999/xhtml" xml:lang="en" lang="en">
 <head>
  <title>
</title>
<meta http-equiv="Content-Type" content="text/html;charset=utf-8" />
  <meta name='ocr-system' content='tesseract 3.04.00' />
  <meta name='ocr-capabilities' content='ocr_page ocr_carea ocr_par ocr_line ocrx_word'/>
</head>
<body>
  <div class='ocr_page' id='page_1' title='image "./deinstitutioneor04quinuoft_0212.png"; bbox 0 0 1779 3062; ppageno 0'>
   <div class='ocr_carea' id='block_1_1' title="bbox 141 1037 166 1064">
    <p class='ocr_par' dir='ltr' id='par_1_1' title="bbox 141 1037 166 1064">
     <span class='ocr_line' id='line_1_1' title="bbox 141 1037 166 1064; textangle 90"><span class='ocrx_word' id='word_1_1' title='bbox 141 1037 166 1064; x_wconf 63' lang='lat' dir='ltr'>ta</span> 
     </span>
    </p>
   </div>
   <div class='ocr_carea' id='block_1_2' title="bbox 198 196 1218 261">
    <p class='ocr_par' dir='ltr' id='par_1_2' title="bbox 198 196 1218 261">
     <span class='ocr_line' id='line_1_2' title="bbox 198 196 1218 261; baseline -0.001 -15"><span class='ocrx_word' id='word_1_2' title='bbox 198 201 294 255; x_wconf 82' lang='lat'>186</span> <span class='ocrx_word' id='word_1_3' title='bbox 518 199 592 244; x_wconf 86' lang='lat' dir='ltr'>M.</span> <span class='ocrx_word' id='word_1_4' title='bbox 629 200 763 245; x_wconf 73' lang='grc' dir='ltr'><strong>ΕΑΒ.</strong></span> <span class='ocrx_word' id='word_1_5' title='bbox 801 196 1218 261; x_wconf 77' lang='lat' dir='ltr'>QmNT1L1AN1</span> 
     </span>
    </p>
   </div>
   <div class='ocr_carea' id='block_1_3' title="bbox 188 323 1546 1393">
    <p class='ocr_par' dir='ltr' id='par_1_3' title="bbox 188 323 1546 1393">
     <span class='ocr_line' id='line_1_3' title="bbox 192 323 1543 392; baseline -0.002 -17"><span class='ocrx_word' id='word_1_6' title='bbox 192 328 455 383; x_wconf 84' lang='lat' dir='ltr'>laborem,</span> <span class='ocrx_word' id='word_1_7' title='bbox 495 327 1011 392; x_wconf 83' lang='lat' dir='ltr'>extemporalemque</span> <span class='ocrx_word' id='word_1_8' title='bbox 1061 325 1333 376; x_wconf 81' lang='lat' dir='ltr'>fortunam</span> <span class='ocrx_word' id='word_1_9' title='bbox 1368 323 1543 373; x_wconf 83' lang='lat' dir='ltr'>media</span> 
     </span>
     <span class='ocr_line' id='line_1_4' title="bbox 192 401 1538 468; baseline -0.001 -17"><span class='ocrx_word' id='word_1_10' title='bbox 192 401 481 468; x_wconf 84' lang='lat' dir='ltr'>quaedam,</span> <span class='ocrx_word' id='word_1_11' title='bbox 538 412 590 450; x_wconf 84' lang='lat' dir='ltr'>et</span> <span class='ocrx_word' id='word_1_12' title='bbox 628 401 804 453; x_wconf 81' lang='lat' dir='ltr'>nescio</span> <span class='ocrx_word' id='word_1_13' title='bbox 849 421 914 452; x_wconf 88' lang='lat' dir='ltr'>an</span> <span class='ocrx_word' id='word_1_14' title='bbox 954 403 1076 453; x_wconf 83' lang='lat' dir='ltr'>usus</span> <span class='ocrx_word' id='word_1_15' title='bbox 1126 401 1538 467; x_wconf 84' lang='lat' dir='ltr'>frequentiffimi.</span> 
     </span>
     <span class='ocr_line' id='line_1_5' title="bbox 192 476 1543 546; baseline -0.001 -18"><span class='ocrx_word' id='word_1_16' title='bbox 192 482 335 528; x_wconf 87' lang='lat' dir='ltr'>Nam</span> <span class='ocrx_word' id='word_1_17' title='bbox 357 477 581 527; x_wconf 80' lang='lat' dir='ltr'>scribere</span> <span class='ocrx_word' id='word_1_18' title='bbox 619 497 716 528; x_wconf 89' lang='lat' dir='ltr'>nec</span> <span class='ocrx_word' id='word_1_19' title='bbox 751 481 970 546; x_wconf 86' lang='lat' dir='ltr'>ubique,</span> <span class='ocrx_word' id='word_1_20' title='bbox 1009 497 1106 529; x_wconf 86' lang='lat' dir='ltr'>nec</span> <span class='ocrx_word' id='word_1_21' title='bbox 1131 478 1347 546; x_wconf 11' lang='lat' dir='ltr'>‘semper</span> <span class='ocrx_word' id='word_1_22' title='bbox 1369 476 1543 543; x_wconf 82' lang='lat' dir='ltr'>poffu-</span> 
     </span>
     <span class='ocr_line' id='line_1_6' title="bbox 191 556 1543 624; baseline -0.003 -18"><span class='ocrx_word' id='word_1_23' title='bbox 191 573 343 606; x_wconf 83' lang='lat' dir='ltr'>nius:</span> <span class='ocrx_word' id='word_1_24' title='bbox 388 557 696 622; x_wconf 85' lang='lat' dir='ltr'>cogitationi</span> <span class='ocrx_word' id='word_1_25' title='bbox 727 561 981 624; x_wconf 85' lang='lat' dir='ltr'>temporis</span> <span class='ocrx_word' id='word_1_26' title='bbox 1017 575 1072 605; x_wconf 85' lang='lat' dir='ltr'>ac</span> <span class='ocrx_word' id='word_1_27' title='bbox 1107 557 1213 605; x_wconf 86' lang='lat' dir='ltr'>loci</span> <span class='ocrx_word' id='word_1_28' title='bbox 1245 556 1543 621; x_wconf 87' lang='lat' dir='ltr'>plurimum</span> 
     </span>
     <span class='ocr_line' id='line_1_7' title="bbox 193 632 1544 699; baseline -0.002 -17"><span class='ocrx_word' id='word_1_29' title='bbox 193 632 281 682; x_wconf 83' lang='lat' dir='ltr'>eft.</span> <span class='ocrx_word' id='word_1_30' title='bbox 394 637 534 682; x_wconf 84' lang='lat' dir='ltr'>Haec</span> <span class='ocrx_word' id='word_1_31' title='bbox 579 635 764 699; x_wconf 78' lang='lat' dir='ltr'>paucis</span> <span class='ocrx_word' id='word_1_32' title='bbox 807 634 1099 683; x_wconf 79' lang='lat' dir='ltr'>admodum</span> <span class='ocrx_word' id='word_1_33' title='bbox 1138 633 1288 681; x_wconf 86' lang='lat' dir='ltr'>horis</span> <span class='ocrx_word' id='word_1_34' title='bbox 1330 647 1544 696; x_wconf 81' lang='lat' dir='ltr'>magnas</span> 
     </span>
     <span class='ocr_line' id='line_1_8' title="bbox 192 708 1544 777; baseline -0.002 -18"><span class='ocrx_word' id='word_1_35' title='bbox 192 712 353 759; x_wconf 86' lang='lat' dir='ltr'>etiam</span> <span class='ocrx_word' id='word_1_36' title='bbox 391 709 563 759; x_wconf 83' lang='lat' dir='ltr'>causas</span> <span class='ocrx_word' id='word_1_37' title='bbox 603 713 985 777; x_wconf 74' lang='lat' dir='ltr'>complectitur.</span> <span class='ocrx_word' id='word_1_38' title='bbox 1086 715 1255 768; x_wconf 83' lang='lat' dir='ltr'>Haec,</span> <span class='ocrx_word' id='word_1_39' title='bbox 1333 708 1544 772; x_wconf 84' lang='lat' dir='ltr'>quoties</span> 
     </span>
     <span class='ocr_line' id='line_1_9' title="bbox 192 785 1545 854; baseline -0.004 -17"><span class='ocrx_word' id='word_1_40' title='bbox 192 786 516 837; x_wconf 69' lang='lat' dir='ltr'>intermissus</span> <span class='ocrx_word' id='word_1_41' title='bbox 555 787 628 836; x_wconf 84' lang='lat' dir='ltr'>est</span> <span class='ocrx_word' id='word_1_42' title='bbox 660 787 908 846; x_wconf 82' lang='lat' dir='ltr'>somnus,</span> <span class='ocrx_word' id='word_1_43' title='bbox 955 787 1078 854; x_wconf 80' lang='lat' dir='ltr'>ipsis</span> <span class='ocrx_word' id='word_1_44' title='bbox 1114 790 1283 837; x_wconf 88' lang='lat' dir='ltr'>noctis</span> <span class='ocrx_word' id='word_1_45' title='bbox 1315 785 1545 834; x_wconf 87' lang='lat' dir='ltr'>tenebris</span> 
     </span>
     <span class='ocr_line' id='line_1_10' title="bbox 193 865 1543 926; baseline -0.003 -13"><span class='ocrx_word' id='word_1_46' title='bbox 193 865 488 926; x_wconf 87' lang='lat' dir='ltr'>adjuvatur.</span> <span class='ocrx_word' id='word_1_47' title='bbox 591 869 730 913; x_wconf 78' lang='lat' dir='ltr'>Haec</span> <span class='ocrx_word' id='word_1_48' title='bbox 765 868 904 914; x_wconf 88' lang='lat' dir='ltr'>inter</span> <span class='ocrx_word' id='word_1_49' title='bbox 945 865 1150 914; x_wconf 83' lang='lat' dir='ltr'>medios</span> <span class='ocrx_word' id='word_1_50' title='bbox 1188 881 1365 912; x_wconf 86' lang='lat' dir='ltr'>rerum</span> <span class='ocrx_word' id='word_1_51' title='bbox 1400 872 1543 910; x_wconf 87' lang='lat' dir='ltr'>actus</span> 
     </span>
     <span class='ocr_line' id='line_1_11' title="bbox 192 940 1540 1007; baseline -0.002 -18"><span class='ocrx_word' id='word_1_52' title='bbox 192 942 392 1007; x_wconf 86' lang='lat' dir='ltr'>aliquid</span> <span class='ocrx_word' id='word_1_53' title='bbox 442 943 654 990; x_wconf 80' lang='lat' dir='ltr'>invenit</span> <span class='ocrx_word' id='word_1_54' title='bbox 698 944 879 1000; x_wconf 84' lang='lat' dir='ltr'>vacui,</span> <span class='ocrx_word' id='word_1_55' title='bbox 952 960 1049 991; x_wconf 91' lang='lat' dir='ltr'>nec</span> <span class='ocrx_word' id='word_1_56' title='bbox 1094 943 1267 991; x_wconf 89' lang='lat' dir='ltr'>otium</span> <span class='ocrx_word' id='word_1_57' title='bbox 1326 940 1540 1005; x_wconf 82' lang='lat' dir='ltr'>patitur.</span> 
     </span>
     <span class='ocr_line' id='line_1_12' title="bbox 191 1014 1541 1084; baseline -0.003 -17"><span class='ocrx_word' id='word_1_58' title='bbox 191 1021 386 1084; x_wconf 88' lang='lat' dir='ltr'>Neque</span> <span class='ocrx_word' id='word_1_59' title='bbox 431 1036 560 1069; x_wconf 77' lang='lat' dir='ltr'>vero</span> <span class='ocrx_word' id='word_1_60' title='bbox 610 1036 791 1068; x_wconf 83' lang='lat' dir='ltr'>rerum</span> <span class='ocrx_word' id='word_1_61' title='bbox 827 1019 1073 1069; x_wconf 81' lang='lat' dir='ltr'>ordinem</span> <span class='ocrx_word' id='word_1_62' title='bbox 1115 1018 1310 1075; x_wconf 88' lang='lat' dir='ltr'>modo,</span> <span class='ocrx_word' id='word_1_63' title='bbox 1391 1014 1541 1080; x_wconf 88' lang='lat' dir='ltr'>quod</span> 
     </span>
     <span class='ocr_line' id='line_1_13' title="bbox 189 1091 1543 1162; baseline -0.004 -18"><span class='ocrx_word' id='word_1_64' title='bbox 189 1095 367 1162; x_wconf 83' lang='lat' dir='ltr'>ipsum</span> <span class='ocrx_word' id='word_1_65' title='bbox 408 1095 525 1144; x_wconf 80' lang='lat' dir='ltr'>satis</span> <span class='ocrx_word' id='word_1_66' title='bbox 567 1107 703 1153; x_wconf 81' lang='lat' dir='ltr'>erat,</span> <span class='ocrx_word' id='word_1_67' title='bbox 742 1098 879 1144; x_wconf 89' lang='lat' dir='ltr'>intra</span> <span class='ocrx_word' id='word_1_68' title='bbox 909 1095 958 1144; x_wconf 86' lang='lat' dir='ltr'>se</span> <span class='ocrx_word' id='word_1_69' title='bbox 991 1095 1099 1162; x_wconf 81' lang='lat' dir='ltr'>ipsa</span> <span class='ocrx_word' id='word_1_70' title='bbox 1134 1095 1399 1160; x_wconf 77' lang='lat' dir='ltr'>disponit,</span> <span class='ocrx_word' id='word_1_71' title='bbox 1453 1091 1543 1140; x_wconf 83' lang='lat' dir='ltr'>sed</span> 
     </span>
     <span class='ocr_line' id='line_1_14' title="bbox 190 1171 1544 1239; baseline -0.004 -17"><span class='ocrx_word' id='word_1_72' title='bbox 190 1174 351 1222; x_wconf 86' lang='lat' dir='ltr'>verba</span> <span class='ocrx_word' id='word_1_73' title='bbox 383 1174 541 1221; x_wconf 87' lang='lat' dir='ltr'>etiam</span> <span class='ocrx_word' id='word_1_74' title='bbox 577 1173 815 1239; x_wconf 86' lang='lat' dir='ltr'>copulat,</span> <span class='ocrx_word' id='word_1_75' title='bbox 884 1184 1154 1237; x_wconf 84' lang='lat' dir='ltr'>totamque</span> <span class='ocrx_word' id='word_1_76' title='bbox 1198 1173 1271 1220; x_wconf 86' lang='lat' dir='ltr'>ita</span> <span class='ocrx_word' id='word_1_77' title='bbox 1313 1171 1544 1220; x_wconf 84' lang='lat' dir='ltr'>contexit</span> 
     </span>
     <span class='ocr_line' id='line_1_15' title="bbox 191 1244 1542 1315; baseline -0.006 -14"><span class='ocrx_word' id='word_1_78' title='bbox 191 1252 517 1306; x_wconf 87' lang='lat' dir='ltr'>orationem,</span> <span class='ocrx_word' id='word_1_79' title='bbox 558 1260 620 1298; x_wconf 93' lang='lat' dir='ltr'>ut</span> <span class='ocrx_word' id='word_1_80' title='bbox 654 1250 704 1296; x_wconf 89' lang='lat' dir='ltr'>ei</span> <span class='ocrx_word' id='word_1_81' title='bbox 738 1250 878 1297; x_wconf 87' lang='lat' dir='ltr'>nihil</span> <span class='ocrx_word' id='word_1_82' title='bbox 911 1261 1115 1315; x_wconf 83' lang='lat' dir='ltr'>praeter</span> <span class='ocrx_word' id='word_1_83' title='bbox 1147 1266 1367 1296; x_wconf 89' lang='lat' dir='ltr'>manum</span> <span class='ocrx_word' id='word_1_84' title='bbox 1395 1244 1542 1294; x_wconf 84' lang='lat' dir='ltr'>desit.</span> 
     </span>
     <span class='ocr_line' id='line_1_16' title="bbox 188 1324 1546 1393; baseline -0.004 -16"><span class='ocrx_word' id='word_1_85' title='bbox 188 1329 332 1377; x_wconf 87' lang='lat' dir='ltr'>Nam</span> <span class='ocrx_word' id='word_1_86' title='bbox 370 1327 658 1375; x_wconf 86' lang='lat' dir='ltr'>memoriae</span> <span class='ocrx_word' id='word_1_87' title='bbox 694 1343 913 1392; x_wconf 91' lang='lat' dir='ltr'>quoque</span> <span class='ocrx_word' id='word_1_88' title='bbox 945 1327 1265 1393; x_wconf 87' lang='lat' dir='ltr'>plerumque</span> <span class='ocrx_word' id='word_1_89' title='bbox 1302 1324 1546 1373; x_wconf 88' lang='lat' dir='ltr'>inhaeret</span> 
     </span>
    </p>
   </div>
   <div class='ocr_carea' id='block_1_4' title="bbox 179 1501 1547 2458">
    <p class='ocr_par' dir='ltr' id='par_1_4' title="bbox 179 1501 1547 1723">
     <span class='ocr_line' id='line_1_17' title="bbox 190 1501 1545 1554; baseline -0.004 -13"><span class='ocrx_word' id='word_1_90' title='bbox 190 1519 277 1541; x_wconf 86' lang='lat' dir='ltr'>cum</span> <span class='ocrx_word' id='word_1_91' title='bbox 311 1504 403 1554; x_wconf 84' lang='lat' dir='ltr'>ipsa.</span> <span class='ocrx_word' id='word_1_92' title='bbox 668 1503 752 1552; x_wconf 70' lang='lat' dir='ltr'>usus</span> <span class='ocrx_word' id='word_1_93' title='bbox 769 1502 1065 1553; x_wconf 70' lang='lat' dir='ltr'>frequentiſjimi.</span> <span class='ocrx_word' id='word_1_94' title='bbox 1098 1505 1231 1540; x_wconf 73' lang='lat' dir='ltr'>Tui-ic.</span> <span class='ocrx_word' id='word_1_95' title='bbox 1263 1515 1353 1538; x_wconf 82' lang='lat' dir='ltr'>unus</span> <span class='ocrx_word' id='word_1_96' title='bbox 1377 1501 1545 1550; x_wconf 79' lang='lat' dir='ltr'>frequen-</span> 
     </span>
     <span class='ocr_line' id='line_1_18' title="bbox 190 1558 1547 1610; baseline -0.004 -13"><span class='ocrx_word' id='word_1_97' title='bbox 190 1565 220 1597; x_wconf 83' lang='lat' dir='ltr'>ti</span> <span class='ocrx_word' id='word_1_98' title='bbox 250 1576 322 1596; x_wconf 80' lang='lat' dir='ltr'>zme</span> <span class='ocrx_word' id='word_1_99' title='bbox 342 1564 437 1601; x_wconf 82' lang='lat' dir='ltr'>vim,</span> <span class='ocrx_word' id='word_1_100' title='bbox 469 1575 487 1595; x_wconf 82' lang='lat' dir='ltr'>a</span> <span class='ocrx_word' id='word_1_101' title='bbox 511 1562 576 1596; x_wconf 82' lang='lat' dir='ltr'>sec.</span> <span class='ocrx_word' id='word_1_102' title='bbox 602 1574 653 1596; x_wconf 74' lang='lat' dir='ltr'>ni.</span> <span class='ocrx_word' id='word_1_103' title='bbox 686 1563 792 1596; x_wconf 80' lang='lat' dir='ltr'>unius</span> <span class='ocrx_word' id='word_1_104' title='bbox 808 1559 1092 1610; x_wconf 69' lang='lat' dir='ltr'>fi‘equezztfftrzi</span> <span class='ocrx_word' id='word_1_105' title='bbox 1112 1563 1196 1596; x_wconf 77' lang='lat' dir='ltr'>vim.</span> <span class='ocrx_word' id='word_1_106' title='bbox 1228 1560 1332 1596; x_wconf 77' lang='lat' dir='ltr'>Flor.</span> <span class='ocrx_word' id='word_1_107' title='bbox 1365 1573 1454 1593; x_wconf 71' lang='lat' dir='ltr'>rmus</span> <span class='ocrx_word' id='word_1_108' title='bbox 1466 1558 1547 1606; x_wconf 74' lang='lat' dir='ltr'>fre-</span> 
     </span>
     <span class='ocr_line' id='line_1_19' title="bbox 188 1613 1547 1667; baseline -0.002 -15"><span class='ocrx_word' id='word_1_109' title='bbox 188 1616 409 1667; x_wconf 78' lang='lat' dir='ltr'>quentiffimi</span> <span class='ocrx_word' id='word_1_110' title='bbox 438 1620 537 1657; x_wconf 83' lang='lat' dir='ltr'>vim,</span> <span class='ocrx_word' id='word_1_111' title='bbox 567 1618 609 1652; x_wconf 84' lang='lat' dir='ltr'>in</span> <span class='ocrx_word' id='word_1_112' title='bbox 639 1630 718 1665; x_wconf 87' lang='lat' dir='ltr'>quo</span> <span class='ocrx_word' id='word_1_113' title='bbox 757 1630 893 1651; x_wconf 85' lang='lat' dir='ltr'>manus</span> <span class='ocrx_word' id='word_1_114' title='bbox 915 1617 982 1652; x_wconf 85' lang='lat' dir='ltr'>sec.</span> <span class='ocrx_word' id='word_1_115' title='bbox 1016 1628 1150 1662; x_wconf 60' lang='lat' dir='ltr'>mutat,</span> <span class='ocrx_word' id='word_1_116' title='bbox 1172 1616 1263 1665; x_wconf 81' lang='lat' dir='ltr'>usus.</span> <span class='ocrx_word' id='word_1_117' title='bbox 1297 1617 1428 1664; x_wconf 77' lang='lat' dir='ltr'>Camp.</span> <span class='ocrx_word' id='word_1_118' title='bbox 1463 1613 1547 1664; x_wconf 81' lang='lat' dir='ltr'>usus</span> 
     </span>
     <span class='ocr_line' id='line_1_20' title="bbox 179 1672 1499 1723; baseline -0.002 -15"><span class='ocrx_word' id='word_1_119' title='bbox 179 1673 490 1723; x_wconf 75' lang='lat' dir='ltr'>frequentiſjimus</span> <span class='ocrx_word' id='word_1_120' title='bbox 520 1687 610 1709; x_wconf 88' lang='lat' dir='ltr'>cum</span> <span class='ocrx_word' id='word_1_121' title='bbox 637 1674 756 1708; x_wconf 85' lang='lat' dir='ltr'>Goth.</span> <span class='ocrx_word' id='word_1_122' title='bbox 788 1672 892 1711; x_wconf 82' lang='lat' dir='ltr'>Voff.</span> <span class='ocrx_word' id='word_1_123' title='bbox 919 1683 954 1708; x_wconf 84' lang='lat'>2.</span> <span class='ocrx_word' id='word_1_124' title='bbox 987 1673 1090 1710; x_wconf 77' lang='lat' dir='ltr'>Vall.</span> <span class='ocrx_word' id='word_1_125' title='bbox 1121 1674 1286 1717; x_wconf 76' lang='lat' dir='ltr'>(sedhic</span> <span class='ocrx_word' id='word_1_126' title='bbox 1310 1673 1499 1717; x_wconf 71' lang='lat' dir='ltr'>obscure.)</span> 
     </span>
    </p>

    <p class='ocr_par' dir='ltr' id='par_1_5' title="bbox 276 1729 1371 1780">
     <span class='ocr_line' id='line_1_21' title="bbox 276 1729 1371 1780; baseline 0.001 -15"><span class='ocrx_word' id='word_1_127' title='bbox 276 1745 340 1765; x_wconf 80' lang='lat' dir='ltr'>nec</span> <span class='ocrx_word' id='word_1_128' title='bbox 361 1731 504 1780; x_wconf 79' lang='lat' dir='ltr'>ubique.</span> <span class='ocrx_word' id='word_1_129' title='bbox 534 1730 638 1766; x_wconf 75' lang='lat' dir='ltr'>Flor.</span> <span class='ocrx_word' id='word_1_130' title='bbox 670 1729 798 1766; x_wconf 85' lang='lat' dir='ltr'>Guelf.</span> <span class='ocrx_word' id='word_1_131' title='bbox 831 1743 908 1765; x_wconf 83' lang='lat' dir='ltr'>non</span> <span class='ocrx_word' id='word_1_132' title='bbox 933 1729 1065 1779; x_wconf 78' lang='lat' dir='ltr'>ubique</span> <span class='ocrx_word' id='word_1_133' title='bbox 1096 1743 1184 1765; x_wconf 87' lang='lat' dir='ltr'>cum</span> <span class='ocrx_word' id='word_1_134' title='bbox 1210 1730 1309 1767; x_wconf 83' lang='lat' dir='ltr'>Voff.</span> <span class='ocrx_word' id='word_1_135' title='bbox 1338 1743 1371 1764; x_wconf 74' lang='grc' dir='ltr'>ι-</span> 
     </span>
    </p>

    <p class='ocr_par' dir='ltr' id='par_1_6' title="bbox 273 1786 1368 1835">
     <span class='ocr_line' id='line_1_22' title="bbox 273 1786 1368 1835; baseline 0 -13"><span class='ocrx_word' id='word_1_136' title='bbox 273 1789 506 1834; x_wconf 73' lang='lat' dir='ltr'>cogitationi.</span> <span class='ocrx_word' id='word_1_137' title='bbox 539 1788 668 1822; x_wconf 76' lang='lat' dir='ltr'>Turic-</span> <span class='ocrx_word' id='word_1_138' title='bbox 700 1786 804 1822; x_wconf 82' lang='lat' dir='ltr'>Flor.</span> <span class='ocrx_word' id='word_1_139' title='bbox 847 1786 930 1830; x_wconf 83' lang='lat' dir='ltr'>(hic</span> <span class='ocrx_word' id='word_1_140' title='bbox 952 1800 1048 1834; x_wconf 81' lang='lat' dir='ltr'>apr.</span> <span class='ocrx_word' id='word_1_141' title='bbox 1073 1787 1144 1833; x_wconf 86' lang='lat' dir='ltr'>m.)</span> <span class='ocrx_word' id='word_1_142' title='bbox 1176 1788 1368 1835; x_wconf 78' lang='lat' dir='ltr'>cogitatio.</span> 
     </span>
    </p>

    <p class='ocr_par' dir='ltr' id='par_1_7' title="bbox 183 1842 1546 2233">
     <span class='ocr_line' id='line_1_23' title="bbox 272 1842 1546 1892; baseline 0 -14"><span class='ocrx_word' id='word_1_143' title='bbox 272 1844 474 1878; x_wconf 78' lang='lat' dir='ltr'>admodum</span> <span class='ocrx_word' id='word_1_144' title='bbox 508 1845 619 1879; x_wconf 82' lang='lat' dir='ltr'>horis.</span> <span class='ocrx_word' id='word_1_145' title='bbox 660 1843 795 1879; x_wconf 79' lang='lat' dir='ltr'>Turio.</span> <span class='ocrx_word' id='word_1_146' title='bbox 836 1842 941 1877; x_wconf 79' lang='lat' dir='ltr'>Flor.</span> <span class='ocrx_word' id='word_1_147' title='bbox 983 1843 1156 1879; x_wconf 83' lang='lat' dir='ltr'>inserunt</span> <span class='ocrx_word' id='word_1_148' title='bbox 1195 1842 1265 1892; x_wconf 79' lang='lat' dir='ltr'>est,</span> <span class='ocrx_word' id='word_1_149' title='bbox 1307 1843 1410 1878; x_wconf 81' lang='lat' dir='ltr'>idem</span> <span class='ocrx_word' id='word_1_150' title='bbox 1449 1855 1546 1878; x_wconf 84' lang='lat' dir='ltr'>mox</span> 
     </span>
     <span class='ocr_line' id='line_1_24' title="bbox 187 1899 1545 1949; baseline -0.002 -13"><span class='ocrx_word' id='word_1_151' title='bbox 187 1902 289 1937; x_wconf 84' lang='lat' dir='ltr'>inter</span> <span class='ocrx_word' id='word_1_152' title='bbox 322 1899 540 1949; x_wconf 74' lang='lat' dir='ltr'>izzternziffic5</span> <span class='ocrx_word' id='word_1_153' title='bbox 564 1900 717 1948; x_wconf 80' lang='lat' dir='ltr'>somnus</span> <span class='ocrx_word' id='word_1_154' title='bbox 749 1899 898 1935; x_wconf 83' lang='lat' dir='ltr'>omittit</span> <span class='ocrx_word' id='word_1_155' title='bbox 935 1901 1068 1947; x_wconf 83' lang='lat' dir='ltr'>Camp.</span> <span class='ocrx_word' id='word_1_156' title='bbox 1356 1902 1462 1935; x_wconf 79' lang='lat' dir='ltr'>vacui</span> <span class='ocrx_word' id='word_1_157' title='bbox 1487 1917 1545 1925; x_wconf 91' lang='lat'><strong>—</strong></span> 
     </span>
     <span class='ocr_line' id='line_1_25' title="bbox 184 1955 1544 2007; baseline -0.004 -14"><span class='ocrx_word' id='word_1_158' title='bbox 184 1961 341 2007; x_wconf 74' lang='lat' dir='ltr'>patitur.</span> <span class='ocrx_word' id='word_1_159' title='bbox 384 1957 516 1992; x_wconf 76' lang='lat' dir='ltr'>Turio.</span> <span class='ocrx_word' id='word_1_160' title='bbox 547 1956 651 1992; x_wconf 68' lang='lat' dir='ltr'>Flos.</span> <span class='ocrx_word' id='word_1_161' title='bbox 693 1971 727 1991; x_wconf 87' lang='lat' dir='ltr'>v.</span> <span class='ocrx_word' id='word_1_162' title='bbox 761 1971 797 1991; x_wconf 84' lang='lat' dir='ltr'>n.</span> <span class='ocrx_word' id='word_1_163' title='bbox 831 1958 1096 2005; x_wconf 80' lang='lat' dir='ltr'>experientium</span> <span class='ocrx_word' id='word_1_164' title='bbox 1138 1970 1226 1992; x_wconf 84' lang='lat' dir='ltr'>cum</span> <span class='ocrx_word' id='word_1_165' title='bbox 1260 1955 1362 1992; x_wconf 86' lang='lat' dir='ltr'>Alm.</span> <span class='ocrx_word' id='word_1_166' title='bbox 1421 1955 1493 1991; x_wconf 86' lang='lat' dir='ltr'>Ille</span> <span class='ocrx_word' id='word_1_167' title='bbox 1524 1969 1544 1990; x_wconf 84' lang='lat' dir='ltr'>a</span> 
     </span>
     <span class='ocr_line' id='line_1_26' title="bbox 186 2011 1544 2060; baseline -0.001 -12"><span class='ocrx_word' id='word_1_168' title='bbox 186 2015 254 2050; x_wconf 86' lang='lat' dir='ltr'>sec.</span> <span class='ocrx_word' id='word_1_169' title='bbox 288 2027 341 2048; x_wconf 91' lang='lat' dir='ltr'>m.</span> <span class='ocrx_word' id='word_1_170' title='bbox 389 2028 423 2049; x_wconf 86' lang='lat' dir='ltr'>v.</span> <span class='ocrx_word' id='word_1_171' title='bbox 454 2027 490 2047; x_wconf 87' lang='grc' dir='ltr'>η.</span> <span class='ocrx_word' id='word_1_172' title='bbox 531 2015 817 2060; x_wconf 75' lang='lat' dir='ltr'>experientiam,</span> <span class='ocrx_word' id='word_1_173' title='bbox 871 2011 938 2047; x_wconf 85' lang='lat' dir='ltr'>hic</span> <span class='ocrx_word' id='word_1_174' title='bbox 968 2012 1154 2048; x_wconf 83' lang='lat' dir='ltr'>nostrum.</span> <span class='ocrx_word' id='word_1_175' title='bbox 1207 2011 1334 2048; x_wconf 82' lang='lat' dir='ltr'>Guelf.</span> <span class='ocrx_word' id='word_1_176' title='bbox 1388 2026 1544 2048; x_wconf 80' lang='lat' dir='ltr'>vacuum</span> 
     </span>
     <span class='ocr_line' id='line_1_27' title="bbox 183 2070 1542 2118; baseline -0.003 -13"><span class='ocrx_word' id='word_1_177' title='bbox 183 2074 302 2106; x_wconf 77' lang='lat' dir='ltr'>otium</span> <span class='ocrx_word' id='word_1_178' title='bbox 323 2085 360 2118; x_wconf 86' lang='lat' dir='ltr'>p.</span> <span class='ocrx_word' id='word_1_179' title='bbox 393 2082 481 2104; x_wconf 88' lang='lat' dir='ltr'>cum</span> <span class='ocrx_word' id='word_1_180' title='bbox 503 2070 608 2107; x_wconf 69' lang='lat' dir='ltr'>Voss‘.</span> <span class='ocrx_word' id='word_1_181' title='bbox 649 2084 679 2106; x_wconf 83' lang='grc' dir='ltr'>ι.</span> <span class='ocrx_word' id='word_1_182' title='bbox 702 2079 735 2113; x_wconf 77' lang='lat'>3.</span> <span class='ocrx_word' id='word_1_183' title='bbox 769 2072 883 2105; x_wconf 78' lang='lat' dir='ltr'>Bern.</span> <span class='ocrx_word' id='word_1_184' title='bbox 915 2082 1068 2104; x_wconf 83' lang='lat' dir='ltr'>vacuum</span> <span class='ocrx_word' id='word_1_185' title='bbox 1092 2084 1128 2108; x_wconf 89' lang='grc' dir='ltr'>ο.</span> <span class='ocrx_word' id='word_1_186' title='bbox 1155 2083 1229 2105; x_wconf 82' lang='lat' dir='ltr'>non</span> <span class='ocrx_word' id='word_1_187' title='bbox 1250 2084 1286 2117; x_wconf 85' lang='lat' dir='ltr'>p.</span> <span class='ocrx_word' id='word_1_188' title='bbox 1322 2070 1419 2107; x_wconf 89' lang='lat' dir='ltr'>Jens.</span> <span class='ocrx_word' id='word_1_189' title='bbox 1451 2082 1542 2104; x_wconf 88' lang='lat' dir='ltr'>cum</span> 
     </span>
     <span class='ocr_line' id='line_1_28' title="bbox 183 2124 1542 2176; baseline -0.003 -13"><span class='ocrx_word' id='word_1_190' title='bbox 183 2127 270 2163; x_wconf 86' lang='lat' dir='ltr'>edd.</span> <span class='ocrx_word' id='word_1_191' title='bbox 294 2127 452 2176; x_wconf 85' lang='lat' dir='ltr'>posterr.</span> <span class='ocrx_word' id='word_1_192' title='bbox 475 2137 559 2162; x_wconf 82' lang='lat' dir='ltr'>ante</span> <span class='ocrx_word' id='word_1_193' title='bbox 589 2126 677 2161; x_wconf 87' lang='lat' dir='ltr'>Ald.</span> <span class='ocrx_word' id='word_1_194' title='bbox 708 2141 743 2162; x_wconf 89' lang='lat' dir='ltr'>v.</span> <span class='ocrx_word' id='word_1_195' title='bbox 765 2141 800 2163; x_wconf 85' lang='lat' dir='ltr'>n.</span> <span class='ocrx_word' id='word_1_196' title='bbox 825 2139 859 2163; x_wconf 91' lang='lat' dir='ltr'>o.</span> <span class='ocrx_word' id='word_1_197' title='bbox 883 2126 1023 2173; x_wconf 82' lang='lat' dir='ltr'>pariter</span> <span class='ocrx_word' id='word_1_198' title='bbox 1055 2127 1188 2175; x_wconf 81' lang='lat' dir='ltr'>Camp.</span> <span class='ocrx_word' id='word_1_199' title='bbox 1221 2125 1400 2174; x_wconf 80' lang='lat' dir='ltr'>Suspicor</span> <span class='ocrx_word' id='word_1_200' title='bbox 1430 2124 1542 2160; x_wconf 79' lang='lat' dir='ltr'>fuiffo</span> 
     </span>
     <span class='ocr_line' id='line_1_29' title="bbox 183 2182 920 2233; baseline -0.004 -13"><span class='ocrx_word' id='word_1_201' title='bbox 183 2198 217 2220; x_wconf 75' lang='lat' dir='ltr'>v.</span> <span class='ocrx_word' id='word_1_202' title='bbox 244 2198 278 2220; x_wconf 88' lang='lat' dir='ltr'>n.</span> <span class='ocrx_word' id='word_1_203' title='bbox 307 2185 454 2233; x_wconf 76' lang='lat' dir='ltr'>patitur</span> <span class='ocrx_word' id='word_1_204' title='bbox 471 2185 601 2219; x_wconf 83' lang='lat' dir='ltr'>otium.</span> <span class='ocrx_word' id='word_1_205' title='bbox 642 2182 689 2217; x_wconf 83' lang='lat' dir='ltr'>cf.</span> <span class='ocrx_word' id='word_1_206' title='bbox 715 2193 751 2226; x_wconf 87' lang='lat'>7,</span> <span class='ocrx_word' id='word_1_207' title='bbox 784 2193 821 2224; x_wconf 85' lang='lat'>2,</span> <span class='ocrx_word' id='word_1_208' title='bbox 859 2189 920 2226; x_wconf 77' lang='grc'>14.</span> 
     </span>
    </p>

    <p class='ocr_par' dir='ltr' id='par_1_8' title="bbox 270 2238 1231 2287">
     <span class='ocr_line' id='line_1_30' title="bbox 270 2238 1231 2287; baseline -0.002 -13"><span class='ocrx_word' id='word_1_209' title='bbox 270 2251 306 2276; x_wconf 79' lang='lat'>2.</span> <span class='ocrx_word' id='word_1_210' title='bbox 339 2253 468 2275; x_wconf 81' lang='lat' dir='ltr'>rerum.</span> <span class='ocrx_word' id='word_1_211' title='bbox 502 2240 635 2275; x_wconf 78' lang='lat' dir='ltr'>Tui-ic.</span> <span class='ocrx_word' id='word_1_212' title='bbox 667 2238 772 2274; x_wconf 86' lang='lat' dir='ltr'>Flor.</span> <span class='ocrx_word' id='word_1_213' title='bbox 803 2239 887 2282; x_wconf 81' lang='lat' dir='ltr'>(liic</span> <span class='ocrx_word' id='word_1_214' title='bbox 910 2252 925 2273; x_wconf 85' lang='lat' dir='ltr'>a</span> <span class='ocrx_word' id='word_1_215' title='bbox 948 2251 1008 2287; x_wconf 87' lang='lat' dir='ltr'>pr.</span> <span class='ocrx_word' id='word_1_216' title='bbox 1033 2239 1104 2282; x_wconf 90' lang='lat' dir='ltr'>m.)</span> <span class='ocrx_word' id='word_1_217' title='bbox 1138 2251 1231 2273; x_wconf 81' lang='lat' dir='ltr'>eum.</span> 
     </span>
    </p>

    <p class='ocr_par' dir='ltr' id='par_1_9' title="bbox 183 2295 1543 2458">
     <span class='ocr_line' id='line_1_31' title="bbox 270 2295 1540 2345; baseline -0.002 -12"><span class='ocrx_word' id='word_1_218' title='bbox 270 2297 433 2345; x_wconf 87' lang='lat' dir='ltr'>copulat,</span> <span class='ocrx_word' id='word_1_219' title='bbox 459 2305 660 2345; x_wconf 78' lang='lat' dir='ltr'>totamque.</span> <span class='ocrx_word' id='word_1_220' title='bbox 691 2295 825 2331; x_wconf 75' lang='lat' dir='ltr'>Tul-ic.</span> <span class='ocrx_word' id='word_1_221' title='bbox 860 2295 1032 2343; x_wconf 82' lang='lat' dir='ltr'>compula</span> <span class='ocrx_word' id='word_1_222' title='bbox 1058 2303 1214 2344; x_wconf 75' lang='lat' dir='ltr'>tamque,</span> <span class='ocrx_word' id='word_1_223' title='bbox 1239 2309 1257 2329; x_wconf 84' lang='lat' dir='ltr'>a</span> <span class='ocrx_word' id='word_1_224' title='bbox 1280 2295 1349 2330; x_wconf 86' lang='lat' dir='ltr'>see.</span> <span class='ocrx_word' id='word_1_225' title='bbox 1371 2309 1424 2331; x_wconf 88' lang='lat' dir='ltr'>m.</span> <span class='ocrx_word' id='word_1_226' title='bbox 1449 2307 1540 2330; x_wconf 90' lang='lat' dir='ltr'>con-</span> 
     </span>
     <span class='ocr_line' id='line_1_32' title="bbox 183 2351 1542 2401; baseline -0.001 -12"><span class='ocrx_word' id='word_1_227' title='bbox 183 2354 362 2401; x_wconf 80' lang='lat' dir='ltr'>junctim.</span> <span class='ocrx_word' id='word_1_228' title='bbox 403 2352 509 2388; x_wconf 85' lang='lat' dir='ltr'>Flor.</span> <span class='ocrx_word' id='word_1_229' title='bbox 553 2354 596 2394; x_wconf 85' lang='lat' dir='ltr'>(a</span> <span class='ocrx_word' id='word_1_230' title='bbox 626 2365 684 2401; x_wconf 83' lang='lat' dir='ltr'>pr.</span> <span class='ocrx_word' id='word_1_231' title='bbox 722 2353 806 2397; x_wconf 89' lang='lat' dir='ltr'>m.)</span> <span class='ocrx_word' id='word_1_232' title='bbox 847 2353 980 2400; x_wconf 84' lang='lat' dir='ltr'>Camp.</span> <span class='ocrx_word' id='word_1_233' title='bbox 1011 2351 1303 2399; x_wconf 80' lang='lat' dir='ltr'>copulatamque.</span> <span class='ocrx_word' id='word_1_234' title='bbox 1365 2351 1438 2387; x_wconf 82' lang='lat' dir='ltr'>Sed</span> <span class='ocrx_word' id='word_1_235' title='bbox 1471 2351 1542 2387; x_wconf 77' lang='lat' dir='ltr'>illo</span> 
     </span>
     <span class='ocr_line' id='line_1_33' title="bbox 184 2408 1543 2458; baseline -0.002 -13"><span class='ocrx_word' id='word_1_236' title='bbox 184 2424 204 2445; x_wconf 81' lang='lat' dir='ltr'>a</span> <span class='ocrx_word' id='word_1_237' title='bbox 237 2411 305 2445; x_wconf 85' lang='lat' dir='ltr'>sec.</span> <span class='ocrx_word' id='word_1_238' title='bbox 338 2412 508 2458; x_wconf 85' lang='lat' dir='ltr'>(praeter</span> <span class='ocrx_word' id='word_1_239' title='bbox 539 2409 747 2458; x_wconf 82' lang='lat' dir='ltr'>repositam</span> <span class='ocrx_word' id='word_1_240' title='bbox 779 2408 961 2449; x_wconf 80' lang='lat' dir='ltr'>nostram)</span> <span class='ocrx_word' id='word_1_241' title='bbox 993 2408 1076 2456; x_wconf 85' lang='lat' dir='ltr'>post</span> <span class='ocrx_word' id='word_1_242' title='bbox 1107 2411 1269 2443; x_wconf 76' lang='lat' dir='ltr'>contexit</span> <span class='ocrx_word' id='word_1_243' title='bbox 1299 2408 1435 2444; x_wconf 79' lang='lat' dir='ltr'>inserit</span> <span class='ocrx_word' id='word_1_244' title='bbox 1463 2408 1543 2456; x_wconf 85' lang='lat' dir='ltr'>ple-</span> 
     </span>
    </p>
   </div>
   <div class='ocr_carea' id='block_1_5' title="bbox 185 2464 1546 2730">
    <p class='ocr_par' dir='ltr' id='par_1_10' title="bbox 185 2464 1546 2730">
     <span class='ocr_line' id='line_1_34' title="bbox 185 2464 1540 2516; baseline 0 -16"><span class='ocrx_word' id='word_1_245' title='bbox 185 2480 347 2516; x_wconf 81' lang='lat' dir='ltr'>rumque.</span> <span class='ocrx_word' id='word_1_246' title='bbox 586 2466 698 2501; x_wconf 77' lang='lat' dir='ltr'>Nam.</span> <span class='ocrx_word' id='word_1_247' title='bbox 728 2465 862 2501; x_wconf 80' lang='lat' dir='ltr'>Turio.</span> <span class='ocrx_word' id='word_1_248' title='bbox 889 2464 1022 2513; x_wconf 79' lang='lat' dir='ltr'>Camp.</span> <span class='ocrx_word' id='word_1_249' title='bbox 1056 2478 1222 2513; x_wconf 79' lang='lat' dir='ltr'>namque.</span> <span class='ocrx_word' id='word_1_250' title='bbox 1248 2464 1353 2500; x_wconf 85' lang='lat' dir='ltr'>Flor.</span> <span class='ocrx_word' id='word_1_251' title='bbox 1385 2479 1471 2500; x_wconf 87' lang='lat' dir='ltr'>nam</span> <span class='ocrx_word' id='word_1_252' title='bbox 1491 2474 1540 2500; x_wconf 79' lang='lat' dir='ltr'>et.</span> 
     </span>
     <span class='ocr_line' id='line_1_35' title="bbox 185 2520 1354 2570; baseline 0 -12"><span class='ocrx_word' id='word_1_253' title='bbox 185 2523 319 2558; x_wconf 84' lang='lat' dir='ltr'>Turic.</span> <span class='ocrx_word' id='word_1_254' title='bbox 345 2533 382 2558; x_wconf 88' lang='lat' dir='ltr'>et</span> <span class='ocrx_word' id='word_1_255' title='bbox 413 2524 604 2560; x_wconf 80' lang='lat' dir='ltr'>memoria.</span> <span class='ocrx_word' id='word_1_256' title='bbox 840 2534 998 2570; x_wconf 81' lang='lat' dir='ltr'>quoque.</span> <span class='ocrx_word' id='word_1_257' title='bbox 1029 2520 1158 2556; x_wconf 84' lang='lat' dir='ltr'>Guelf.</span> <span class='ocrx_word' id='word_1_258' title='bbox 1193 2522 1354 2558; x_wconf 84' lang='lat' dir='ltr'>omittit.</span> 
     </span>
     <span class='ocr_line' id='line_1_36' title="bbox 246 2679 1546 2730; baseline 0.001 -15"><span class='ocrx_word' id='word_1_259' title='bbox 246 2681 369 2716; x_wconf 81' lang='lat' dir='ltr'>media</span> <span class='ocrx_word' id='word_1_260' title='bbox 406 2682 602 2730; x_wconf 79' lang='lat' dir='ltr'>quaedam.</span> <span class='ocrx_word' id='word_1_261' title='bbox 685 2681 733 2718; x_wconf 83' lang='lat' dir='ltr'>cf.</span> <span class='ocrx_word' id='word_1_262' title='bbox 772 2695 837 2722; x_wconf 83' lang='lat'>11,</span> <span class='ocrx_word' id='word_1_263' title='bbox 958 2691 993 2716; x_wconf 84' lang='lat'>2.</span> <span class='ocrx_word' id='word_1_264' title='bbox 1044 2689 1192 2729; x_wconf 76' lang='lat' dir='ltr'>praeter</span> <span class='ocrx_word' id='word_1_265' title='bbox 1248 2693 1395 2716; x_wconf 87' lang='lat' dir='ltr'>manum</span> <span class='ocrx_word' id='word_1_266' title='bbox 1445 2679 1474 2717; x_wconf 86' lang='lat' dir='ltr'>i.</span> <span class='ocrx_word' id='word_1_267' title='bbox 1512 2692 1546 2716; x_wconf 86' lang='lat' dir='ltr'>e.</span> 
     </span>
    </p>
   </div>
   <div class='ocr_carea' id='block_1_6' title="bbox 190 2735 1207 2787">
    <p class='ocr_par' dir='ltr' id='par_1_11' title="bbox 190 2735 1207 2787">
     <span class='ocr_line' id='line_1_37' title="bbox 190 2735 1207 2787; baseline 0.001 -15"><span class='ocrx_word' id='word_1_268' title='bbox 190 2746 227 2778; x_wconf 90' lang='lat'>2,</span> <span class='ocrx_word' id='word_1_269' title='bbox 259 2746 296 2781; x_wconf 78' lang='grc'>5.</span> <span class='ocrx_word' id='word_1_270' title='bbox 894 2747 1046 2787; x_wconf 75' lang='lat' dir='ltr'>praeter</span> <span class='ocrx_word' id='word_1_271' title='bbox 1066 2735 1207 2786; x_wconf 83' lang='lat' dir='ltr'>stilum.</span> 
     </span>
    </p>
   </div>
  </div>
 </body>
</html>
