1779 3062
281 147 387 196 ,410
608 138 683 183 Μ.
717 111 852 183 ΕΑΒ.
883 103 1297 209 QU1N11L1AN1

287 263 387 311 bus
409 261 612 327 digitis,
651 279 758 327 quo
780 280 925 312 nunc
945 264 1124 312 Graeci
1144 264 1442 330 plurimum
1464 274 1625 314 utun-

286 349 400 396 tur,
441 340 598 387 etiam
627 350 853 405 utraque
881 357 1066 398 manu,
1106 342 1312 405 quoties
1342 342 1643 406 enthyme-'

286 426 422 464 mata
455 414 547 465 fua
577 415 725 484 gestu
757 417 907 467 velut
943 416 1335 467 corrotundant.
1415 417 1622 468 Caesim

287 571 494 606 rutundam
520 571 621 607 velut:
645 569 726 621 cesi.
766 572 827 607 Ex
846 570 944 607 Alm.
966 570 1070 607 nihil
1091 570 1163 605 nisi
1192 569 1297 616 quod
1320 570 1499 607 omittere
1520 574 1622 609 velut

286 638 474 662 narratur.
506 627 639 663 Ambr.
662 639 698 663 2.
722 627 846 665 Guelf.
878 629 968 672 (nisi
990 627 1095 674 quod
1126 626 1192 660 hic
1215 624 1366 673 caesini)
1389 625 1460 674 sua
1477 641 1514 675 g.
1543 642 1621 671 cory-

285 683 445 718 rutunda
467 684 568 719 velut
595 683 726 732 caesim
754 691 839 719 cum
860 683 976 721 Goth.
998 692 1034 718 2.
1066 683 1127 717 [ed
1149 681 1213 715 hic
1235 680 1314 729 cesi.
1346 682 1476 732 Camp.
1491 683 1563 732 sua
1580 699 1619 732 g.

284 739 386 776 velut
414 753 527 775 cornu
549 741 708 778 tundunt
731 740 835 789 cesus.
860 738 1039 788 Jcns.sua
1058 753 1094 787 g.
1117 739 1216 773 velut
1239 740 1464 774 cor-rotunda
1488 740 1619 789 caesim

284 809 375 830 cum
390 796 495 834 Voss'.
524 811 557 833 1.
581 797 649 845 qui
667 799 894 838 commenda,
918 807 953 831 et
975 805 1011 838 5,
1035 795 1103 843 qui
1124 795 1361 835 corrocunda,
1384 806 1420 830 et
1441 796 1525 832 edd.
1547 810 1618 845 po·

282 851 386 888 sterr.
421 863 506 888 ante
535 853 623 888 Ald.
668 855 745 888 Hic
768 853 838 902 suo
868 868 905 901 g.
934 853 1034 888 velut
1061 865 1171 886 cornu
1199 851 1355 885 tundunt
1375 851 1506 900 caesim
1529 866 1617 888 cum
1644 860 1646 862 '

282 907 382 945 Vall.
407 922 425 943 a
448 909 516 945 sec.
536 923 587 945 m.
608 920 645 945 et
663 909 825 958 reliquis
847 921 930 946 ante
952 909 1074 949 Gesn„
1105 907 1177 942 nisi
1198 907 1303 955 quod
1322 918 1473 954 praeter
1492 909 1619 957 ipsum

283 975 320 999 et
351 965 445 1001 Bad.
466 965 551 1014 sua.
575 967 693 1002 Goth.
723 980 756 1002 1.
783 965 852 1014 succ
875 981 912 1014 g.
939 965 1039 1001 velut
1060 977 1170 1007 σονημ
1194 964 1351 998 tundant:
1375 963 1506 1012 caesim
1528 978 1617 1000 cum

280 1021 383 1056 Voff.
402 1033 437 1056 2.
467 1024 592 1070 Kapp.
629 1023 814 1058 Nostrum
838 1025 1009 1072 primum
1028 1021 1069 1055 in
1095 1019 1194 1057 Vall.
1218 1019 1332 1054 litura
1355 1021 1517 1068 agnovit
1544 1023 1617 1056 Ba-

278 1076 385 1117 dius,
419 1078 608 1126 probante
641 1080 773 1114 Burin.
808 1093 918 1115 cornu
951 1092 998 1115 ex
1027 1076 1104 1112 sola
1133 1075 1416 1124 corrigentium
1447 1075 1616 1114 libidine

338 1220 429 1246 102.
469 1212 748 1259 enthymemata
764 1230 822 1238 -—
841 1224 918 1244 cor-

273 1268 488 1302 rotundant.
537 1266 754 1301 Rectissime
778 1267 916 1302 Gesne-

275 1336 342 1357 rus
375 1324 423 1358 ad
453 1323 574 1358 fidem
596 1322 691 1356 huic
709 1323 917 1371 scripturae

276 1379 489 1414 faciendam
510 1378 676 1428 appellat
688 1379 916 1416 Juvenatem

277 1435 323 1474 6,
357 1442 448 1482 449.
503 1436 573 1471 ubi
609 1446 783 1470 matrona
817 1436 915 1482 justo

273 1492 430 1526 doctior
447 1490 768 1539 curzsumsermone
788 1501 914 1527 rotato

278 1548 466 1594 Torqueat:
496 1549 744 1596 enthymema.
807 1550 913 1583 Idem

272 1603 459 1649 Dionysii
475 1603 598 1640 Halic.
613 1601 709 1642 λέξιν
735 1603 915 1652 στρογγύ-

272 1661 350 1701 λην,
373 1672 485 1706 quam
508 1659 576 1694 ille
598 1671 634 1694 et
656 1660 833 1703 δικανικὴν
857 1662 914 1695 di-

272 1726 344 1755 cat,
377 1726 414 1751 et
445 1716 709 1764 Aristophanis
730 1716 912 1761 (Acharn.

273 1770 389 1816 686.)
410 1770 623 1818 στρογγύλα
644 1771 798 1820 §hsta-mc,
819 1786 913 1820 quo·

271 1839 358 1860 rum
381 1827 632 1863 collectiones
650 1839 687 1863 et
700 1829 913 1864 conclusio-

270 1895 338 1916 nes
366 1883 448 1930 ipso
479 1882 596 1929 hujus
620 1885 741 1931 gestus
763 1885 912 1921 circulo

270 1938 408 1974 Graeci
447 1938 510 1973 illi
544 1940 794 1983 ostenderint;
852 1943 914 1978 sed

269 1995 353 2030 vim
383 1996 493 2031 vocis
527 1995 792 2044 caefim'mihi
827 1999 913 2046 qui-

270 2052 359 2086 dem
379 2064 457 2086 non
486 2052 569 2087 satis
593 2057 754 2102 aperuit.
797 2056 912 2101 Quod

270 2120 343 2155 ego
387 2107 623 2143 vocabulum
665 2123 910 2158 utrocunque

267 2164 483 2204 retulerim,
514 2165 608 2213 quid
630 2168 666 2201 ei
681 2168 816 2202 faciam
829 2180 910 2202 non

268 2221 435 2267 reperio.
509 2222 695 2258 Gesnerus
735 2225 817 2259 sane
857 2224 908 2258 se-

270 2277 406 2323 quenti
431 2278 551 2312 sensui
580 2278 766 2320 tribuens,
793 2292 908 2328 quam

268 2333 460 2367 rationem
488 2335 685 2382 praeivere
709 2337 906 2376 Jenfonus,

269 2389 384 2424 Tarv.
417 2399 454 2424 et
476 2390 597 2425 Aldus
627 2395 725 2436 (non
752 2392 906 2431 Badius,

268 2454 313 2479 ut
341 2456 469 2481 narrat
499 2448 653 2490 Barm.)
679 2448 728 2483 sic
751 2448 908 2483 demum

267 2499 441 2548 intelligi
467 2503 571 2549 poffe
602 2505 745 2546 censet,
774 2517 908 2551 „quae

267 2557 342 2598 „fit
372 2571 500 2592 manus
529 2559 647 2594 lenior
668 2571 734 2596 aut
757 2560 841 2609 quis
865 2560 911 2595 sit

268 2614 562 2661 „promittentis
579 2616 699 2664 gestus
711 2623 750 2658 ;“
781 2615 910 2664 caesim

266 2669 374 2704 enim
396 2670 468 2705 effe
491 2671 698 2721 extrorsum,
721 2686 798 2722 quo
819 2685 909 2722 pro-

973 1211 1131 1257 jiciatur
1155 1222 1304 1245 manus.
1362 1211 1467 1244 Haec
1498 1211 1551 1245 ita
1581 1211 1616 1246 se

974 1266 1115 1301 habere
1167 1279 1401 1314 magnopere
1461 1265 1613 1303 dubito.

974 1323 1058 1358 Nee
1091 1333 1217 1357 tamen
1246 1321 1417 1356 multum
1448 1321 1614 1369 proficio

976 1391 1023 1412 ex
1042 1378 1286 1414 vetustiffima
1309 1379 1521 1414 verborum
1535 1378 1616 1413 col·

974 1433 1140 1475 latione,
1171 1434 1241 1469 ubi
1273 1434 1322 1469 est
1353 1435 1616 1470 corrotundant

971 1491 1073 1526 velut
1103 1489 1254 1539 caesim,
1295 1501 1332 1525 et
1358 1490 1614 1538 comparatio·

971 1547 1029 1582 nis
1058 1546 1176 1581 index
1204 1546 1393 1594 particula
1427 1546 1613 1583 adverbio

973 1601 1103 1650 caesim
1125 1602 1347 1650 affignatur‚
1379 1616 1460 1638 non
1487 1603 1612 1639 verbo

973 1659 1245 1694 corrotundare.
1343 1662 1614 1706 Praeterquam

973 1716 1074 1750 enim
1105 1713 1212 1762 quod
1239 1714 1405 1751 sanitatis
1434 1715 1543 1750 illius
1575 1725 1614 1751 et

972 1771 1185 1806 sobrietatis
1227 1771 1297 1805 esse
1328 1785 1408 1806 non
1443 1771 1613 1813 videtui-3

974 1825 1264 1873 Quintilianum
1295 1827 1482 1867 decentis,
1511 1827 1613 1862 inso-

970 1881 1113 1917 lentius
1143 1882 1220 1918 hoc
1250 1884 1414 1918 verbum
1446 1883 1522 1918 sine
1542 1882 1611 1918 ali·

973 1952 1046 1986 qua
1087 1938 1295 1973 molliendi
1342 1938 1512 1974 formula
1551 1939 1610 1973 di-

969 1997 1146 2035 mittere,
1207 1996 1407 2042 quomodo
1454 1995 1609 2030 tandem

970 2050 1101 2099 caesim
1133 2050 1285 2099 aliquid
1316 2052 1607 2092 corrotundetur‚

967 2120 1105 2156 parum
1135 2107 1322 2155 assequor.
1395 2107 1511 2155 Quod
1538 2106 1610 2141 ali·

969 2174 1156 2212 quatenus
1184 2163 1262 2198 huc
1290 2163 1422 2204 faciat,
1447 2163 1608 2211 ¹reperio

966 2219 1135 2254 nostrum
1183 2220 1225 2255 in
1274 2219 1609 2266 enthymematum

967 2276 1192 2311 tractatione
1223 2286 1443 2317 caventem,
1474 2289 1522 2310 ne
1547 2275 1607 2310 ni·

964 2333 1043 2366 mia
1069 2344 1204 2367 eorum
1224 2331 1475 2367 multitudine
1496 2331 1607 2380 stipe-

965 2399 1029 2423 tur
1050 2389 1174 2423 oratio
1205 2396 1239 2432 5,
1276 2394 1336 2431 14,
1368 2397 1433 2430 50.
1462 2388 1533 2423 ubi
1558 2387 1607 2422 est

967 2445 1092 2480 oratio
1127 2444 1469 2485 „conclusionibus
1490 2444 1605 2479 certis

966 2513 1031 2542 „et
1051 2501 1206 2541 crebris,
1229 2512 1266 2537 et
1284 2501 1327 2534 in
1350 2514 1465 2535 unam
1483 2512 1606 2547 prope

966 2557 1157 2598 „formam
1169 2556 1404 2596 cadentibus,
1425 2554 1607 2604 concisa.“

967 2615 1029 2649 Sic
1050 2625 1086 2649 et
1108 2626 1145 2660 9,
1167 2621 1206 2659 4,
1233 2612 1323 2648 126.
1345 2610 1475 2660 caesim
1499 2611 1605 2646 idem

965 2671 1045 2707 fere
1066 2670 1116 2706 est
1135 2669 1242 2720 quod
1259 2669 1497 2705 membratim.
1518 2668 1543 2707 J
1544 2680 1606 2703 am
