<?xml version="1.0" encoding="UTF-8"?>
<!DOCTYPE html PUBLIC "-//W3C//DTD XHTML 1.0 Transitional//EN"
    "http://www.w3.org/TR/xhtml1/DTD/xhtml1-transitional.dtd">
<html xmlns="http://www.w3.org/1999/xhtml" xml:lang="en" lang="en">
 <head>
  <title>
</title>
<meta http-equiv="Content-Type" content="text/html;charset=utf-8" />
  <meta name='ocr-system' content='tesseract 3.04.00' />
  <meta name='ocr-capabilities' content='ocr_page ocr_carea ocr_par ocr_line ocrx_word'/>
</head>
<body>
  <div class='ocr_page' id='page_1' title='image "./deinstitutioneor04quinuoft_0541.png"; bbox 0 0 1779 3062; ppageno 0'>
   <div class='ocr_carea' id='block_1_1' title="bbox 394 161 1524 223">
    <p class='ocr_par' dir='ltr' id='par_1_1' title="bbox 394 161 1524 223">
     <span class='ocr_line' id='line_1_1' title="bbox 394 161 1524 223; baseline 0.005 -16"><span class='ocrx_word' id='word_1_1' title='bbox 394 161 573 208; x_wconf 80' lang='lat' dir='ltr'><strong>INST.-</strong></span> <span class='ocrx_word' id='word_1_2' title='bbox 597 161 881 210; x_wconf 85' lang='lat' dir='ltr'>ORATOR.</span> <span class='ocrx_word' id='word_1_3' title='bbox 916 163 1040 209; x_wconf 88' lang='lat' dir='ltr'><strong>LIB.</strong></span> <span class='ocrx_word' id='word_1_4' title='bbox 1077 163 1198 221; x_wconf 82' lang='lat' dir='ltr'>XII,</span> <span class='ocrx_word' id='word_1_5' title='bbox 1235 176 1282 211; x_wconf 73' lang='grc' dir='ltr'>Ω.</span> <span class='ocrx_word' id='word_1_6' title='bbox 1424 173 1524 223; x_wconf 79' lang='lat'>515</span> 
     </span>
    </p>
   </div>
   <div class='ocr_carea' id='block_1_2' title="bbox 0 287 1579 1132">
    <p class='ocr_par' dir='ltr' id='par_1_2' title="bbox 0 287 1579 1132">
     <span class='ocr_line' id='line_1_2' title="bbox 167 287 1525 356; baseline 0.001 -14"><span class='ocrx_word' id='word_1_7' title='bbox 167 289 310 355; x_wconf 79' lang='lat' dir='ltr'>illud</span> <span class='ocrx_word' id='word_1_8' title='bbox 341 287 469 348; x_wconf 78' lang='lat' dir='ltr'>est,;</span> <span class='ocrx_word' id='word_1_9' title='bbox 489 288 638 353; x_wconf 86' lang='lat' dir='ltr'>quod</span> <span class='ocrx_word' id='word_1_10' title='bbox 674 291 864 340; x_wconf 78' lang='lat' dir='ltr'>Cicero</span> <span class='ocrx_word' id='word_1_11' title='bbox 902 289 1155 356; x_wconf 82' lang='lat' dir='ltr'>pluribus</span> <span class='ocrx_word' id='word_1_12' title='bbox 1193 301 1245 339; x_wconf 89' lang='lat' dir='ltr'>et</span> <span class='ocrx_word' id='word_1_13' title='bbox 1275 291 1428 341; x_wconf 87' lang='lat' dir='ltr'>libris</span> <span class='ocrx_word' id='word_1_14' title='bbox 1472 303 1525 343; x_wconf 86' lang='lat' dir='ltr'>et</span> 
     </span>
     <span class='ocr_line' id='line_1_3' title="bbox 167 365 1524 434; baseline 0.001 -16"><span class='ocrx_word' id='word_1_15' title='bbox 167 366 402 434; x_wconf 85' lang='lat' dir='ltr'>epistolis</span> <span class='ocrx_word' id='word_1_16' title='bbox 426 366 686 424; x_wconf 60' lang='lat' dir='ltr'>testatur,</span> <span class='ocrx_word' id='word_1_17' title='bbox 745 365 962 415; x_wconf 87' lang='lat' dir='ltr'>dicendi</span> <span class='ocrx_word' id='word_1_18' title='bbox 1001 365 1306 416; x_wconf 84' lang='lat' dir='ltr'><strong>facultatem</strong></span> <span class='ocrx_word' id='word_1_19' title='bbox 1336 387 1400 419; x_wconf 86' lang='lat' dir='ltr'>ex</span> <span class='ocrx_word' id='word_1_20' title='bbox 1437 371 1524 427; x_wconf 53' lang='lat' dir='ltr'>in,</span> 
     </span>
     <span class='ocr_line' id='line_1_4' title="bbox 164 442 1524 512; baseline -0.001 -19"><span class='ocrx_word' id='word_1_21' title='bbox 164 445 313 501; x_wconf 55' lang='lat' dir='ltr'>simis</span> <span class='ocrx_word' id='word_1_22' title='bbox 342 443 625 512; x_wconf 76' lang='lat' dir='ltr'>sapientiae</span> <span class='ocrx_word' id='word_1_23' title='bbox 655 442 899 492; x_wconf 88' lang='lat' dir='ltr'>fontibus</span> <span class='ocrx_word' id='word_1_24' title='bbox 927 442 1126 494; x_wconf 84' lang='lat' dir='ltr'>fluere:</span> <span class='ocrx_word' id='word_1_25' title='bbox 1168 445 1403 512; x_wconf 85' lang='lat' dir='ltr'>ideoque</span> <span class='ocrx_word' id='word_1_26' title='bbox 1427 449 1524 497; x_wconf 78' lang='lat' dir='ltr'>ali.</span> 
     </span>
     <span class='ocr_line' id='line_1_5' title="bbox 0 521 1525 588; baseline 0.003 -18"><span class='ocrx_word' id='word_1_27' title='bbox 0 548 1 570; x_wconf 57' lang='grc' dir='ltr'>ι</span> <span class='ocrx_word' id='word_1_28' title='bbox 77 521 432 588; x_wconf 72' lang='lat' dir='ltr'>205gquamdiu</span> <span class='ocrx_word' id='word_1_29' title='bbox 463 530 836 588; x_wconf 76' lang='lat' dir='ltr'>praeceptores</span> <span class='ocrx_word' id='word_1_30' title='bbox 870 521 1088 578; x_wconf 84' lang='lat' dir='ltr'>eosdem</span> <span class='ocrx_word' id='word_1_31' title='bbox 1117 521 1269 572; x_wconf 84' lang='lat' dir='ltr'>fuiffe</span> <span class='ocrx_word' id='word_1_32' title='bbox 1304 542 1525 578; x_wconf 77' lang='lat' dir='ltr'>morum</span> 
     </span>
     <span class='ocr_line' id='line_1_6' title="bbox 158 599 1522 667; baseline 0.004 -22"><span class='ocrx_word' id='word_1_33' title='bbox 158 610 329 664; x_wconf 75' lang='lat' dir='ltr'>,atque</span> <span class='ocrx_word' id='word_1_34' title='bbox 370 599 601 648; x_wconf 78' lang='lat' dir='ltr'>dicendi.</span> <span class='ocrx_word' id='word_1_35' title='bbox 683 602 1021 667; x_wconf 80' lang='lat' dir='ltr'>Quapropter</span> <span class='ocrx_word' id='word_1_36' title='bbox 1064 600 1192 647; x_wconf 83' lang='lat' dir='ltr'>haec</span> <span class='ocrx_word' id='word_1_37' title='bbox 1222 601 1522 655; x_wconf 84' lang='lat' dir='ltr'>exhortatio</span> 
     </span>
     <span class='ocr_line' id='line_1_7' title="bbox 163 673 1526 745; baseline 0 -17"><span class='ocrx_word' id='word_1_38' title='bbox 163 694 283 728; x_wconf 87' lang='lat' dir='ltr'>mea</span> <span class='ocrx_word' id='word_1_39' title='bbox 327 693 440 732; x_wconf 88' lang='lat' dir='ltr'>non</span> <span class='ocrx_word' id='word_1_40' title='bbox 475 694 540 725; x_wconf 91' lang='lat' dir='ltr'>eo</span> <span class='ocrx_word' id='word_1_41' title='bbox 576 678 830 742; x_wconf 84' lang='lat' dir='ltr'>pertinet,</span> <span class='ocrx_word' id='word_1_42' title='bbox 881 684 942 722; x_wconf 93' lang='lat' dir='ltr'>ut</span> <span class='ocrx_word' id='word_1_43' title='bbox 972 673 1070 723; x_wconf 82' lang='lat' dir='ltr'>effe</span> <span class='ocrx_word' id='word_1_44' title='bbox 1106 688 1370 727; x_wconf 83' lang='lat' dir='ltr'>oratorem</span> <span class='ocrx_word' id='word_1_45' title='bbox 1401 680 1526 745; x_wconf 83' lang='lat' dir='ltr'>phi-</span> 
     </span>
     <span class='ocr_line' id='line_1_8' title="bbox 165 751 1524 821; baseline 0 -17"><span class='ocrx_word' id='word_1_46' title='bbox 165 753 455 821; x_wconf 82' lang='lat' dir='ltr'>losoplmm</span> <span class='ocrx_word' id='word_1_47' title='bbox 488 756 681 804; x_wconf 87' lang='lat' dir='ltr'>velim:</span> <span class='ocrx_word' id='word_1_48' title='bbox 741 751 959 818; x_wconf 82' lang='lat' dir='ltr'>quando</span> <span class='ocrx_word' id='word_1_49' title='bbox 995 769 1107 802; x_wconf 88' lang='lat' dir='ltr'>non</span> <span class='ocrx_word' id='word_1_50' title='bbox 1136 755 1235 802; x_wconf 82' lang='lat' dir='ltr'>alia</span> <span class='ocrx_word' id='word_1_51' title='bbox 1275 757 1416 804; x_wconf 82' lang='lat' dir='ltr'>vitae</span> <span class='ocrx_word' id='word_1_52' title='bbox 1447 756 1524 804; x_wconf 77' lang='lat' dir='ltr'>se-</span> 
     </span>
     <span class='ocr_line' id='line_1_9' title="bbox 162 826 1524 897; baseline 0.001 -16"><span class='ocrx_word' id='word_1_53' title='bbox 162 843 248 886; x_wconf 85' lang='lat' dir='ltr'>cta</span> <span class='ocrx_word' id='word_1_54' title='bbox 280 832 496 897; x_wconf 84' lang='lat' dir='ltr'>longius</span> <span class='ocrx_word' id='word_1_55' title='bbox 532 849 560 881; x_wconf 84' lang='lat' dir='ltr'>a</span> <span class='ocrx_word' id='word_1_56' title='bbox 582 831 832 879; x_wconf 88' lang='lat' dir='ltr'>civilibus</span> <span class='ocrx_word' id='word_1_57' title='bbox 858 826 1068 887; x_wconf 81' lang='lat' dir='ltr'>officiis,</span> <span class='ocrx_word' id='word_1_58' title='bbox 1092 841 1250 895; x_wconf 85' lang='lat' dir='ltr'>atque</span> <span class='ocrx_word' id='word_1_59' title='bbox 1280 833 1343 881; x_wconf 88' lang='lat' dir='ltr'>ab</span> <span class='ocrx_word' id='word_1_60' title='bbox 1371 835 1524 882; x_wconf 89' lang='lat' dir='ltr'>omni</span> 
     </span>
     <span class='ocr_line' id='line_1_10' title="bbox 158 898 1579 976; baseline -0.001 -17"><span class='ocrx_word' id='word_1_61' title='bbox 158 898 390 959; x_wconf 29' lang='lat' dir='ltr'>‘munere</span> <span class='ocrx_word' id='word_1_62' title='bbox 439 909 661 958; x_wconf 82' lang='lat' dir='ltr'>oratoris</span> <span class='ocrx_word' id='word_1_63' title='bbox 706 906 911 957; x_wconf 87' lang='lat' dir='ltr'>receffit.</span> <span class='ocrx_word' id='word_1_64' title='bbox 994 908 1139 955; x_wconf 82' lang='lat' dir='ltr'>Nam</span> <span class='ocrx_word' id='word_1_65' title='bbox 1183 910 1307 971; x_wconf 86' lang='lat' dir='ltr'>quis</span> <span class='ocrx_word' id='word_1_66' title='bbox 1344 910 1524 976; x_wconf 80' lang='lat' dir='ltr'>philo·</span> <span class='ocrx_word' id='word_1_67' title='bbox 1553 936 1579 973; x_wconf 72' lang='lat' dir='ltr'>q</span> 
     </span>
     <span class='ocr_line' id='line_1_11' title="bbox 163 982 1531 1054; baseline 0 -19"><span class='ocrx_word' id='word_1_68' title='bbox 163 985 460 1054; x_wconf 78' lang='lat' dir='ltr'>sophorum</span> <span class='ocrx_word' id='word_1_69' title='bbox 495 996 584 1035; x_wconf 88' lang='lat' dir='ltr'>aut</span> <span class='ocrx_word' id='word_1_70' title='bbox 617 987 674 1035; x_wconf 91' lang='lat' dir='ltr'>in</span> <span class='ocrx_word' id='word_1_71' title='bbox 711 985 928 1047; x_wconf 84' lang='lat' dir='ltr'>judiciis</span> <span class='ocrx_word' id='word_1_72' title='bbox 968 982 1250 1049; x_wconf 82' lang='lat' dir='ltr'>frequens,</span> <span class='ocrx_word' id='word_1_73' title='bbox 1296 998 1388 1036; x_wconf 86' lang='lat' dir='ltr'>aut</span> <span class='ocrx_word' id='word_1_74' title='bbox 1423 989 1531 1043; x_wconf 83' lang='lat' dir='ltr'>cla-</span> 
     </span>
     <span class='ocr_line' id='line_1_12' title="bbox 161 1062 1530 1132; baseline 0.001 -17"><span class='ocrx_word' id='word_1_75' title='bbox 161 1080 256 1115; x_wconf 80' lang='lat' dir='ltr'>rus</span> <span class='ocrx_word' id='word_1_76' title='bbox 293 1064 354 1113; x_wconf 85' lang='lat' dir='ltr'>in</span> <span class='ocrx_word' id='word_1_77' title='bbox 395 1064 746 1114; x_wconf 84' lang='lat' dir='ltr'>concionibus</span> <span class='ocrx_word' id='word_1_78' title='bbox 786 1062 933 1113; x_wconf 70' lang='lat' dir='ltr'>fuit?</span> <span class='ocrx_word' id='word_1_79' title='bbox 1014 1063 1149 1132; x_wconf 80' lang='lat' dir='ltr'>Quis</span> <span class='ocrx_word' id='word_1_80' title='bbox 1190 1062 1428 1131; x_wconf 87' lang='lat' dir='ltr'>denique</span> <span class='ocrx_word' id='word_1_81' title='bbox 1467 1066 1530 1116; x_wconf 89' lang='lat' dir='ltr'>in</span> 
     </span>
    </p>
   </div>
   <div class='ocr_carea' id='block_1_3' title="bbox 161 1240 1531 1507">
    <p class='ocr_par' dir='ltr' id='par_1_3' title="bbox 161 1240 1531 1507">
     <span class='ocr_line' id='line_1_13' title="bbox 252 1240 1528 1290; baseline 0 -11"><span class='ocrx_word' id='word_1_82' title='bbox 252 1242 289 1279; x_wconf 87' lang='lat'>6.</span> <span class='ocrx_word' id='word_1_83' title='bbox 350 1250 388 1278; x_wconf 77' lang='lat' dir='ltr'>et</span> <span class='ocrx_word' id='word_1_84' title='bbox 427 1241 544 1278; x_wconf 83' lang='lat' dir='ltr'>libris.</span> <span class='ocrx_word' id='word_1_85' title='bbox 603 1243 667 1278; x_wconf 85' lang='lat' dir='ltr'>Sic</span> <span class='ocrx_word' id='word_1_86' title='bbox 697 1242 832 1278; x_wconf 84' lang='lat' dir='ltr'>Turic.</span> <span class='ocrx_word' id='word_1_87' title='bbox 862 1240 970 1277; x_wconf 86' lang='lat' dir='ltr'>Flor.</span> <span class='ocrx_word' id='word_1_88' title='bbox 1006 1241 1142 1290; x_wconf 82' lang='lat' dir='ltr'>Camp.</span> <span class='ocrx_word' id='word_1_89' title='bbox 1179 1253 1211 1278; x_wconf 88' lang='lat' dir='ltr'>c.</span> <span class='ocrx_word' id='word_1_90' title='bbox 1242 1240 1345 1277; x_wconf 82' lang='lat' dir='ltr'>Alm.</span> <span class='ocrx_word' id='word_1_91' title='bbox 1368 1250 1415 1283; x_wconf 25' lang='lat' dir='ltr'>&lt;qt</span> <span class='ocrx_word' id='word_1_92' title='bbox 1439 1254 1528 1281; x_wconf 14' lang='lat' dir='ltr'>rom.</span> 
     </span>
     <span class='ocr_line' id='line_1_14' title="bbox 161 1296 1531 1349; baseline -0.001 -14"><span class='ocrx_word' id='word_1_93' title='bbox 161 1298 323 1347; x_wconf 77' lang='lat' dir='ltr'>reliqui.</span> <span class='ocrx_word' id='word_1_94' title='bbox 393 1296 559 1349; x_wconf 78' lang='lat' dir='ltr'>epistolis</span> <span class='ocrx_word' id='word_1_95' title='bbox 599 1313 675 1335; x_wconf 92' lang='lat' dir='ltr'>om.</span> <span class='ocrx_word' id='word_1_96' title='bbox 720 1298 849 1334; x_wconf 79' lang='lat' dir='ltr'>Guelf.</span> <span class='ocrx_word' id='word_1_97' title='bbox 907 1298 1114 1347; x_wconf 80' lang='lat' dir='ltr'>aliquando</span> <span class='ocrx_word' id='word_1_98' title='bbox 1156 1299 1221 1332; x_wconf 79' lang='lat' dir='ltr'>diu</span> <span class='ocrx_word' id='word_1_99' title='bbox 1265 1299 1398 1345; x_wconf 86' lang='lat' dir='ltr'>Camp.</span> <span class='ocrx_word' id='word_1_100' title='bbox 1460 1298 1531 1334; x_wconf 78' lang='lat' dir='ltr'>hoc</span> 
     </span>
     <span class='ocr_line' id='line_1_15' title="bbox 164 1353 1531 1393; baseline -0.002 0"><span class='ocrx_word' id='word_1_101' title='bbox 164 1358 345 1393; x_wconf 76' lang='lat' dir='ltr'>exertatio</span> <span class='ocrx_word' id='word_1_102' title='bbox 377 1356 509 1392; x_wconf 81' lang='lat' dir='ltr'>Turio.</span> <span class='ocrx_word' id='word_1_103' title='bbox 545 1356 635 1392; x_wconf 81' lang='lat' dir='ltr'>haec</span> <span class='ocrx_word' id='word_1_104' title='bbox 665 1356 874 1391; x_wconf 81' lang='lat' dir='ltr'>cohortatio</span> <span class='ocrx_word' id='word_1_105' title='bbox 905 1353 1034 1390; x_wconf 85' lang='lat' dir='ltr'>Guelf.</span> <span class='ocrx_word' id='word_1_106' title='bbox 1067 1355 1162 1390; x_wconf 85' lang='lat' dir='ltr'>Exc.</span> <span class='ocrx_word' id='word_1_107' title='bbox 1198 1356 1299 1390; x_wconf 85' lang='lat' dir='ltr'>Sant.</span> <span class='ocrx_word' id='word_1_108' title='bbox 1329 1368 1410 1390; x_wconf 82' lang='lat' dir='ltr'>mea</span> <span class='ocrx_word' id='word_1_109' title='bbox 1433 1367 1531 1390; x_wconf 71' lang='lat' dir='ltr'>mox</span> 
     </span>
     <span class='ocr_line' id='line_1_16' title="bbox 164 1410 1531 1460; baseline 0 -12"><span class='ocrx_word' id='word_1_110' title='bbox 164 1413 286 1449; x_wconf 81' lang='lat' dir='ltr'>abeffe</span> <span class='ocrx_word' id='word_1_111' title='bbox 318 1413 462 1449; x_wconf 78' lang='lat' dir='ltr'>dicitur</span> <span class='ocrx_word' id='word_1_112' title='bbox 492 1413 539 1450; x_wconf 83' lang='lat' dir='ltr'>ab</span> <span class='ocrx_word' id='word_1_113' title='bbox 570 1412 673 1450; x_wconf 77' lang='lat' dir='ltr'>Alm.</span> <span class='ocrx_word' id='word_1_114' title='bbox 708 1412 812 1451; x_wconf 76' lang='lat' dir='ltr'>Vols.</span> <span class='ocrx_word' id='word_1_115' title='bbox 844 1421 882 1456; x_wconf 75' lang='lat'>5.</span> <span class='ocrx_word' id='word_1_116' title='bbox 913 1411 997 1446; x_wconf 77' lang='lat' dir='ltr'>Mei</span> <span class='ocrx_word' id='word_1_117' title='bbox 1029 1411 1191 1460; x_wconf 87' lang='lat' dir='ltr'>quidem</span> <span class='ocrx_word' id='word_1_118' title='bbox 1224 1410 1322 1447; x_wconf 82' lang='lat' dir='ltr'>libri</span> <span class='ocrx_word' id='word_1_119' title='bbox 1351 1425 1434 1447; x_wconf 88' lang='lat' dir='ltr'>non</span> <span class='ocrx_word' id='word_1_120' title='bbox 1465 1411 1531 1448; x_wconf 83' lang='lat' dir='ltr'>de-</span> 
     </span>
     <span class='ocr_line' id='line_1_17' title="bbox 163 1470 343 1507; baseline -0.006 0"><span class='ocrx_word' id='word_1_121' title='bbox 163 1470 343 1507; x_wconf 84' lang='lat' dir='ltr'>[iderant.</span> 
     </span>
    </p>
   </div>
   <div class='ocr_carea' id='block_1_4' title="bbox 161 1543 1530 1655">
    <p class='ocr_par' dir='ltr' id='par_1_4' title="bbox 161 1543 1530 1655">
     <span class='ocr_line' id='line_1_18' title="bbox 249 1543 1526 1598; baseline 0.001 -14"><span class='ocrx_word' id='word_1_122' title='bbox 249 1559 286 1592; x_wconf 90' lang='lat'>7.</span> <span class='ocrx_word' id='word_1_123' title='bbox 341 1563 385 1584; x_wconf 83' lang='lat' dir='ltr'>ac</span> <span class='ocrx_word' id='word_1_124' title='bbox 414 1547 497 1594; x_wconf 81' lang='lat' dir='ltr'><strong><em>jud.</em></strong></span> <span class='ocrx_word' id='word_1_125' title='bbox 534 1560 609 1598; x_wconf 83' lang='lat' dir='ltr'>pro</span> <span class='ocrx_word' id='word_1_126' title='bbox 642 1558 709 1584; x_wconf 76' lang='lat' dir='ltr'>aut</span> <span class='ocrx_word' id='word_1_127' title='bbox 741 1549 778 1584; x_wconf 83' lang='lat' dir='ltr'>in</span> <span class='ocrx_word' id='word_1_128' title='bbox 809 1549 840 1593; x_wconf 83' lang='lat' dir='ltr'>J&#39;.</span> <span class='ocrx_word' id='word_1_129' title='bbox 872 1543 1007 1584; x_wconf 79' lang='lat' dir='ltr'>Turio.</span> <span class='ocrx_word' id='word_1_130' title='bbox 1044 1546 1135 1595; x_wconf 86' lang='lat' dir='ltr'>(qui</span> <span class='ocrx_word' id='word_1_131' title='bbox 1167 1557 1205 1583; x_wconf 88' lang='lat' dir='ltr'>et</span> <span class='ocrx_word' id='word_1_132' title='bbox 1231 1547 1387 1592; x_wconf 82' lang='lat' dir='ltr'>judicis)</span> <span class='ocrx_word' id='word_1_133' title='bbox 1418 1546 1526 1585; x_wconf 83' lang='lat' dir='ltr'>Flor.</span> 
     </span>
     <span class='ocr_line' id='line_1_19' title="bbox 161 1603 1530 1655; baseline -0.001 -13"><span class='ocrx_word' id='word_1_134' title='bbox 161 1605 331 1655; x_wconf 75' lang='lat' dir='ltr'>plerique</span> <span class='ocrx_word' id='word_1_135' title='bbox 374 1618 498 1640; x_wconf 81' lang='lat' dir='ltr'>eorum</span> <span class='ocrx_word' id='word_1_136' title='bbox 531 1606 726 1641; x_wconf 77' lang='lat' dir='ltr'>vitandam</span> <span class='ocrx_word' id='word_1_137' title='bbox 764 1606 1000 1652; x_wconf 81' lang='lat' dir='ltr'>praecipiunt</span> <span class='ocrx_word' id='word_1_138' title='bbox 1043 1616 1090 1639; x_wconf 82' lang='lat' dir='ltr'>ex</span> <span class='ocrx_word' id='word_1_139' title='bbox 1128 1603 1376 1652; x_wconf 80' lang='lat' dir='ltr'>praepostero</span> <span class='ocrx_word' id='word_1_140' title='bbox 1411 1605 1530 1652; x_wconf 79' lang='lat' dir='ltr'>Regii</span> 
     </span>
    </p>
   </div>
   <div class='ocr_carea' id='block_1_5' title="bbox 163 1659 1529 1711">
    <p class='ocr_par' dir='ltr' id='par_1_5' title="bbox 163 1659 1529 1711">
     <span class='ocr_line' id='line_1_20' title="bbox 163 1659 1529 1711; baseline -0.003 -12"><span class='ocrx_word' id='word_1_141' title='bbox 163 1663 323 1700; x_wconf 82' lang='lat' dir='ltr'>monitu</span> <span class='ocrx_word' id='word_1_142' title='bbox 362 1662 457 1698; x_wconf 82' lang='lat' dir='ltr'>Bad.</span> <span class='ocrx_word' id='word_1_143' title='bbox 500 1660 612 1698; x_wconf 74' lang='lat' dir='ltr'>Bam.</span> <span class='ocrx_word' id='word_1_144' title='bbox 658 1661 810 1711; x_wconf 76' lang='lat' dir='ltr'>Gryph.</span> <span class='ocrx_word' id='word_1_145' title='bbox 853 1660 958 1697; x_wconf 74' lang='lat' dir='ltr'>Gibl&#39;.</span> <span class='ocrx_word' id='word_1_146' title='bbox 991 1659 1090 1697; x_wconf 84' lang='lat' dir='ltr'><strong>Obr.</strong></span> <span class='ocrx_word' id='word_1_147' title='bbox 1124 1659 1230 1698; x_wconf 83' lang='lat' dir='ltr'>Roll.</span> <span class='ocrx_word' id='word_1_148' title='bbox 1263 1671 1416 1710; x_wconf 80' lang='lat' dir='ltr'>praeter</span> <span class='ocrx_word' id='word_1_149' title='bbox 1457 1660 1529 1696; x_wconf 73' lang='lat' dir='ltr'>ali-</span> 
     </span>
    </p>
   </div>
   <div class='ocr_carea' id='block_1_6' title="bbox 166 1815 1538 2719">
    <p class='ocr_par' dir='ltr' id='par_1_6' title="bbox 166 1815 1538 2719">
     <span class='ocr_line' id='line_1_21' title="bbox 192 1815 1533 1868; baseline -0.001 -12"><span class='ocrx_word' id='word_1_150' title='bbox 192 1859 194 1861; x_wconf 67' lang='grc'><strong>,</strong></span> <span class='ocrx_word' id='word_1_151' title='bbox 223 1819 263 1858; x_wconf 88' lang='grc'>6.</span> <span class='ocrx_word' id='word_1_152' title='bbox 296 1815 669 1866; x_wconf 76' lang='lat' dir='ltr'>Cicero—testatur.</span> <span class='ocrx_word' id='word_1_153' title='bbox 714 1819 820 1855; x_wconf 84' lang='lat' dir='ltr'>Loca</span> <span class='ocrx_word' id='word_1_154' title='bbox 871 1818 1087 1868; x_wconf 75' lang='lat' dir='ltr'>sapienciae</span> <span class='ocrx_word' id='word_1_155' title='bbox 1108 1818 1155 1854; x_wconf 81' lang='lat' dir='ltr'>ad</span> <span class='ocrx_word' id='word_1_156' title='bbox 1178 1828 1305 1867; x_wconf 81' lang='lat' dir='ltr'>partes</span> <span class='ocrx_word' id='word_1_157' title='bbox 1328 1818 1533 1855; x_wconf 81' lang='lat' dir='ltr'>vocandus</span> 
     </span>
     <span class='ocr_line' id='line_1_22' title="bbox 166 1873 1533 1924; baseline -0.001 -12"><span class='ocrx_word' id='word_1_158' title='bbox 166 1873 621 1924; x_wconf 31' lang='lat' dir='ltr'>„demonstrare&#39;longum</span> <span class='ocrx_word' id='word_1_159' title='bbox 643 1875 704 1911; x_wconf 80' lang='lat' dir='ltr'>est.</span> <span class='ocrx_word' id='word_1_160' title='bbox 746 1877 820 1911; x_wconf 78' lang='lat' dir='ltr'>Sed</span> <span class='ocrx_word' id='word_1_161' title='bbox 879 1875 988 1912; x_wconf 83' lang='lat' dir='ltr'>locus</span> <span class='ocrx_word' id='word_1_162' title='bbox 1013 1874 1160 1912; x_wconf 85' lang='lat' dir='ltr'>Tuscul</span> <span class='ocrx_word' id='word_1_163' title='bbox 1204 1889 1238 1915; x_wconf 80' lang='grc' dir='ltr'>ι,</span> <span class='ocrx_word' id='word_1_164' title='bbox 1261 1883 1298 1918; x_wconf 79' lang='grc'>5.</span> <span class='ocrx_word' id='word_1_165' title='bbox 1318 1885 1414 1911; x_wconf 85' lang='lat' dir='ltr'>extr.</span> <span class='ocrx_word' id='word_1_166' title='bbox 1432 1875 1533 1911; x_wconf 84' lang='lat' dir='ltr'>item</span> 
     </span>
     <span class='ocr_line' id='line_1_23' title="bbox 169 1930 1470 1981; baseline -0.002 -12"><span class='ocrx_word' id='word_1_167' title='bbox 169 1946 219 1969; x_wconf 79' lang='lat' dir='ltr'>ex</span> <span class='ocrx_word' id='word_1_168' title='bbox 241 1932 411 1981; x_wconf 83' lang='lat' dir='ltr'>epistolis</span> <span class='ocrx_word' id='word_1_169' title='bbox 432 1932 556 1970; x_wconf 84' lang='lat' dir='ltr'>velim</span> <span class='ocrx_word' id='word_1_170' title='bbox 576 1931 688 1980; x_wconf 86' lang='lat' dir='ltr'>plura</span> <span class='ocrx_word' id='word_1_171' title='bbox 719 1932 821 1967; x_wconf 83' lang='lat' dir='ltr'>mihi</span> <span class='ocrx_word' id='word_1_172' title='bbox 881 1932 1179 1981; x_wconf 86' lang='lat' dir='ltr'>quodammodo</span> <span class='ocrx_word' id='word_1_173' title='bbox 1212 1930 1321 1967; x_wconf 82' lang='lat' dir='ltr'>Orat.</span> <span class='ocrx_word' id='word_1_174' title='bbox 1345 1943 1376 1966; x_wconf 91' lang='lat' dir='ltr'>c.</span> <span class='ocrx_word' id='word_1_175' title='bbox 1403 1942 1470 1968; x_wconf 81' lang='lat'>21.</span> 
     </span>
     <span class='ocr_line' id='line_1_24' title="bbox 167 1989 820 2037; baseline -0.003 -11"><span class='ocrx_word' id='word_1_176' title='bbox 167 1989 212 2026; x_wconf 88' lang='lat' dir='ltr'>in</span> <span class='ocrx_word' id='word_1_177' title='bbox 235 2000 396 2037; x_wconf 88' lang='lat' dir='ltr'>promtu</span> <span class='ocrx_word' id='word_1_178' title='bbox 419 1990 502 2025; x_wconf 82' lang='lat' dir='ltr'>effe.</span> <span class='ocrx_word' id='word_1_179' title='bbox 543 1990 661 2025; x_wconf 86' lang='lat' dir='ltr'>Nunc</span> <span class='ocrx_word' id='word_1_180' title='bbox 682 2003 820 2031; x_wconf 85' lang='lat' dir='ltr'>unum,</span> 
     </span>
     <span class='ocr_line' id='line_1_25' title="bbox 169 2043 1535 2095; baseline -0.001 -13"><span class='ocrx_word' id='word_1_181' title='bbox 169 2046 279 2095; x_wconf 83' lang='lat' dir='ltr'>quod</span> <span class='ocrx_word' id='word_1_182' title='bbox 299 2045 379 2081; x_wconf 83' lang='lat' dir='ltr'>huc</span> <span class='ocrx_word' id='word_1_183' title='bbox 401 2047 571 2086; x_wconf 80' lang='lat' dir='ltr'>traham,</span> <span class='ocrx_word' id='word_1_184' title='bbox 601 2046 756 2094; x_wconf 83' lang='lat' dir='ltr'>reperio</span> <span class='ocrx_word' id='word_1_185' title='bbox 781 2047 821 2081; x_wconf 87' lang='lat' dir='ltr'>in</span> <span class='ocrx_word' id='word_1_186' title='bbox 905 2055 1108 2095; x_wconf 71' lang='lat' dir='ltr'>¹oratorem</span> <span class='ocrx_word' id='word_1_187' title='bbox 1118 2043 1394 2094; x_wconf 79' lang='lat' dir='ltr'>philosophum.</span> <span class='ocrx_word' id='word_1_188' title='bbox 1412 2045 1535 2092; x_wconf 76' lang='lat' dir='ltr'>Quod</span> 
     </span>
     <span class='ocr_line' id='line_1_26' title="bbox 168 2101 1532 2153; baseline -0.002 -13"><span class='ocrx_word' id='word_1_189' title='bbox 168 2102 328 2153; x_wconf 78' lang='lat' dir='ltr'>epistola</span> <span class='ocrx_word' id='word_1_190' title='bbox 365 2103 413 2138; x_wconf 85' lang='lat' dir='ltr'>ad</span> <span class='ocrx_word' id='word_1_191' title='bbox 447 2104 634 2139; x_wconf 75' lang='lat' dir='ltr'>Catonem</span> <span class='ocrx_word' id='word_1_192' title='bbox 666 2103 820 2148; x_wconf 77' lang='lat' dir='ltr'>(famil.</span> <span class='ocrx_word' id='word_1_193' title='bbox 879 2102 947 2138; x_wconf 83' lang='lat' dir='ltr'>hio</span> <span class='ocrx_word' id='word_1_194' title='bbox 978 2104 1165 2138; x_wconf 75' lang='lat' dir='ltr'>Gesnerus</span> <span class='ocrx_word' id='word_1_195' title='bbox 1194 2101 1367 2149; x_wconf 78' lang='lat' dir='ltr'>agnoscit</span> <span class='ocrx_word' id='word_1_196' title='bbox 1386 2101 1532 2152; x_wconf 86' lang='lat' dir='ltr'>Domi·</span> 
     </span>
     <span class='ocr_line' id='line_1_27' title="bbox 171 2158 1534 2207; baseline -0.001 -12"><span class='ocrx_word' id='word_1_197' title='bbox 171 2169 238 2206; x_wconf 59' lang='lat'>15,</span> <span class='ocrx_word' id='word_1_198' title='bbox 259 2166 298 2207; x_wconf 76' lang='lat'>4.</span> <span class='ocrx_word' id='word_1_199' title='bbox 332 2161 462 2205; x_wconf 85' lang='lat' dir='ltr'>extr.)‚</span> <span class='ocrx_word' id='word_1_200' title='bbox 496 2159 567 2194; x_wconf 84' lang='lat' dir='ltr'>ubi</span> <span class='ocrx_word' id='word_1_201' title='bbox 599 2170 635 2195; x_wconf 83' lang='lat' dir='ltr'>et</span> <span class='ocrx_word' id='word_1_202' title='bbox 665 2159 710 2195; x_wconf 85' lang='lat' dir='ltr'>ab</span> <span class='ocrx_word' id='word_1_203' title='bbox 747 2159 820 2195; x_wconf 85' lang='lat' dir='ltr'>illo</span> <span class='ocrx_word' id='word_1_204' title='bbox 880 2161 977 2196; x_wconf 74' lang='lat' dir='ltr'>tiani</span> <span class='ocrx_word' id='word_1_205' title='bbox 1006 2159 1232 2195; x_wconf 83' lang='lat' dir='ltr'>demerendi</span> <span class='ocrx_word' id='word_1_206' title='bbox 1253 2158 1446 2196; x_wconf 77' lang='lat' dir='ltr'>studium,</span> <span class='ocrx_word' id='word_1_207' title='bbox 1483 2158 1534 2194; x_wconf 79' lang='lat' dir='ltr'>do</span> 
     </span>
     <span class='ocr_line' id='line_1_28' title="bbox 170 2214 1531 2265; baseline -0.001 -12"><span class='ocrx_word' id='word_1_208' title='bbox 170 2214 208 2253; x_wconf 73' lang='lat' dir='ltr'>et</span> <span class='ocrx_word' id='word_1_209' title='bbox 238 2231 257 2251; x_wconf 86' lang='lat' dir='ltr'>a</span> <span class='ocrx_word' id='word_1_210' title='bbox 283 2217 317 2252; x_wconf 86' lang='lat' dir='ltr'>se</span> <span class='ocrx_word' id='word_1_211' title='bbox 347 2215 429 2264; x_wconf 85' lang='lat' dir='ltr'>ipso</span> <span class='ocrx_word' id='word_1_212' title='bbox 456 2216 748 2265; x_wconf 82' lang='lat' dir='ltr'>philosophiam</span> <span class='ocrx_word' id='word_1_213' title='bbox 780 2217 822 2251; x_wconf 87' lang='lat' dir='ltr'>in</span> <span class='ocrx_word' id='word_1_214' title='bbox 882 2229 927 2252; x_wconf 84' lang='lat' dir='ltr'>eo</span> <span class='ocrx_word' id='word_1_215' title='bbox 951 2217 1104 2265; x_wconf 80' lang='lat' dir='ltr'>egimus</span> <span class='ocrx_word' id='word_1_216' title='bbox 1129 2217 1175 2251; x_wconf 79' lang='lat' dir='ltr'>ad</span> <span class='ocrx_word' id='word_1_217' title='bbox 1202 2228 1235 2251; x_wconf 88' lang='lat'>1.</span> <span class='ocrx_word' id='word_1_218' title='bbox 1260 2217 1347 2250; x_wconf 87' lang='lat' dir='ltr'>Pro.</span> <span class='ocrx_word' id='word_1_219' title='bbox 1379 2222 1440 2257; x_wconf 83' lang='lat'>15.</span> <span class='ocrx_word' id='word_1_220' title='bbox 1471 2215 1531 2251; x_wconf 67' lang='lat' dir='ltr'>Pi-</span> 
     </span>
     <span class='ocr_line' id='line_1_29' title="bbox 168 2267 1532 2322; baseline -0.001 -13"><span class='ocrx_word' id='word_1_221' title='bbox 168 2274 304 2309; x_wconf 75' lang='lat' dir='ltr'>{orum</span> <span class='ocrx_word' id='word_1_222' title='bbox 329 2284 443 2321; x_wconf 85' lang='lat' dir='ltr'>atque</span> <span class='ocrx_word' id='word_1_223' title='bbox 464 2275 507 2308; x_wconf 86' lang='lat' dir='ltr'>in</span> <span class='ocrx_word' id='word_1_224' title='bbox 535 2273 821 2322; x_wconf 80' lang='lat' dir='ltr'>rempublicam</span> <span class='ocrx_word' id='word_1_225' title='bbox 881 2267 1022 2309; x_wconf 42' lang='lat' dir='ltr'>tho&#39;eus</span> <span class='ocrx_word' id='word_1_226' title='bbox 1069 2272 1323 2308; x_wconf 83' lang='lat' dir='ltr'>commodum</span> <span class='ocrx_word' id='word_1_227' title='bbox 1370 2270 1532 2307; x_wconf 82' lang='lat' dir='ltr'>demon-</span> 
     </span>
     <span class='ocr_line' id='line_1_30' title="bbox 173 2328 1531 2366; baseline -0.001 -1"><span class='ocrx_word' id='word_1_228' title='bbox 173 2330 379 2365; x_wconf 85' lang='lat' dir='ltr'>deductam</span> <span class='ocrx_word' id='word_1_229' title='bbox 413 2331 486 2365; x_wconf 81' lang='lat' dir='ltr'>effe</span> <span class='ocrx_word' id='word_1_230' title='bbox 519 2330 583 2366; x_wconf 88' lang='lat' dir='ltr'>ait.</span> <span class='ocrx_word' id='word_1_231' title='bbox 651 2332 683 2364; x_wconf 83' lang='lat' dir='ltr'><strong>E</strong></span> <span class='ocrx_word' id='word_1_232' title='bbox 719 2331 823 2365; x_wconf 80' lang='lat' dir='ltr'>libris</span> <span class='ocrx_word' id='word_1_233' title='bbox 880 2330 968 2365; x_wconf 75' lang='lat' dir='ltr'>strat</span> <span class='ocrx_word' id='word_1_234' title='bbox 990 2331 1187 2365; x_wconf 77' lang='lat' dir='ltr'>Macrobii</span> <span class='ocrx_word' id='word_1_235' title='bbox 1205 2328 1323 2363; x_wconf 77' lang='lat' dir='ltr'>verba</span> <span class='ocrx_word' id='word_1_236' title='bbox 1339 2328 1531 2364; x_wconf 84' lang='lat' dir='ltr'>InSomn.</span> 
     </span>
     <span class='ocr_line' id='line_1_31' title="bbox 172 2384 1538 2435; baseline -0.004 -12"><span class='ocrx_word' id='word_1_237' title='bbox 172 2384 313 2434; x_wconf 63' lang='lat' dir='ltr'>&#39;magna</span> <span class='ocrx_word' id='word_1_238' title='bbox 333 2386 727 2435; x_wconf 82' lang='lat' dir='ltr'>exemplorumcopia</span> <span class='ocrx_word' id='word_1_239' title='bbox 741 2388 825 2435; x_wconf 85' lang='lat' dir='ltr'>sup·</span> <span class='ocrx_word' id='word_1_240' title='bbox 884 2389 941 2422; x_wconf 82' lang='lat' dir='ltr'>Sc.</span> <span class='ocrx_word' id='word_1_241' title='bbox 986 2396 1031 2428; x_wconf 80' lang='lat'>2,</span> <span class='ocrx_word' id='word_1_242' title='bbox 1069 2397 1130 2430; x_wconf 79' lang='lat'>17.</span> <span class='ocrx_word' id='word_1_243' title='bbox 1160 2384 1282 2427; x_wconf 80' lang='lat' dir='ltr'>„Soli</span> <span class='ocrx_word' id='word_1_244' title='bbox 1304 2404 1356 2410; x_wconf 93' lang='lat'><strong>—</strong></span> <span class='ocrx_word' id='word_1_245' title='bbox 1385 2384 1538 2432; x_wconf 73' lang='lat' dir='ltr'>sapien-</span> 
     </span>
     <span class='ocr_line' id='line_1_32' title="bbox 173 2440 1535 2492; baseline -0.001 -15"><span class='ocrx_word' id='word_1_246' title='bbox 173 2443 344 2492; x_wconf 78' lang='lat' dir='ltr'>peditat,</span> <span class='ocrx_word' id='word_1_247' title='bbox 405 2453 443 2478; x_wconf 89' lang='lat' dir='ltr'>et</span> <span class='ocrx_word' id='word_1_248' title='bbox 477 2444 553 2479; x_wconf 88' lang='lat' dir='ltr'>hoc</span> <span class='ocrx_word' id='word_1_249' title='bbox 587 2443 744 2491; x_wconf 81' lang='lat' dir='ltr'>quidem</span> <span class='ocrx_word' id='word_1_250' title='bbox 779 2445 825 2479; x_wconf 80' lang='lat' dir='ltr'>de</span> <span class='ocrx_word' id='word_1_251' title='bbox 881 2444 986 2484; x_wconf 79' lang='lat' dir='ltr'>„tiae</span> <span class='ocrx_word' id='word_1_252' title='bbox 1022 2443 1105 2478; x_wconf 74' lang='lat' dir='ltr'>otio</span> <span class='ocrx_word' id='word_1_253' title='bbox 1129 2441 1280 2477; x_wconf 78' lang='lat' dir='ltr'>deditos</span> <span class='ocrx_word' id='word_1_254' title='bbox 1312 2451 1356 2476; x_wconf 84' lang='lat' dir='ltr'>ut</span> <span class='ocrx_word' id='word_1_255' title='bbox 1379 2440 1535 2476; x_wconf 78' lang='lat' dir='ltr'>abunde</span> 
     </span>
     <span class='ocr_line' id='line_1_33' title="bbox 174 2498 1534 2549; baseline -0.002 -15"><span class='ocrx_word' id='word_1_256' title='bbox 174 2500 312 2548; x_wconf 80' lang='lat' dir='ltr'>juncto</span> <span class='ocrx_word' id='word_1_257' title='bbox 357 2500 492 2535; x_wconf 86' lang='lat' dir='ltr'>officio</span> <span class='ocrx_word' id='word_1_258' title='bbox 532 2499 758 2549; x_wconf 82' lang='lat' dir='ltr'>philosophi</span> <span class='ocrx_word' id='word_1_259' title='bbox 789 2511 827 2535; x_wconf 89' lang='lat' dir='ltr'>et</span> <span class='ocrx_word' id='word_1_260' title='bbox 882 2500 1073 2542; x_wconf 74' lang='lat' dir='ltr'>„Graecia</span> <span class='ocrx_word' id='word_1_261' title='bbox 1097 2499 1208 2538; x_wconf 85' lang='lat' dir='ltr'>tulit,</span> <span class='ocrx_word' id='word_1_262' title='bbox 1239 2498 1293 2533; x_wconf 79' lang='lat' dir='ltr'>ita</span> <span class='ocrx_word' id='word_1_263' title='bbox 1312 2498 1436 2532; x_wconf 79' lang='lat' dir='ltr'>Roma</span> <span class='ocrx_word' id='word_1_264' title='bbox 1465 2510 1534 2531; x_wconf 83' lang='lat' dir='ltr'>ne·</span> 
     </span>
     <span class='ocr_line' id='line_1_34' title="bbox 177 2554 1532 2603; baseline -0.004 -11"><span class='ocrx_word' id='word_1_265' title='bbox 177 2556 367 2598; x_wconf 65' lang='lat' dir='ltr'>oratoris,</span> <span class='ocrx_word' id='word_1_266' title='bbox 400 2557 447 2592; x_wconf 86' lang='lat' dir='ltr'>de</span> <span class='ocrx_word' id='word_1_267' title='bbox 471 2556 579 2593; x_wconf 82' lang='lat' dir='ltr'>Orat.</span> <span class='ocrx_word' id='word_1_268' title='bbox 601 2565 639 2600; x_wconf 78' lang='lat'>5,</span> <span class='ocrx_word' id='word_1_269' title='bbox 668 2565 728 2600; x_wconf 81' lang='lat'>¹5·</span> <span class='ocrx_word' id='word_1_270' title='bbox 755 2557 827 2593; x_wconf 85' lang='lat' dir='ltr'>ubi</span> <span class='ocrx_word' id='word_1_271' title='bbox 882 2557 1053 2598; x_wconf 74' lang='lat' dir='ltr'>„scivit“</span> <span class='ocrx_word' id='word_1_272' title='bbox 1084 2558 1323 2603; x_wconf 78' lang='lat' dir='ltr'>(quanquam</span> <span class='ocrx_word' id='word_1_273' title='bbox 1346 2554 1404 2589; x_wconf 81' lang='lat' dir='ltr'>ibi</span> <span class='ocrx_word' id='word_1_274' title='bbox 1423 2566 1532 2588; x_wconf 83' lang='lat' dir='ltr'>men·</span> 
     </span>
     <span class='ocr_line' id='line_1_35' title="bbox 177 2609 1531 2661; baseline -0.004 -13"><span class='ocrx_word' id='word_1_275' title='bbox 177 2613 225 2650; x_wconf 82' lang='lat' dir='ltr'>cf.</span> <span class='ocrx_word' id='word_1_276' title='bbox 247 2613 369 2648; x_wconf 79' lang='lat' dir='ltr'>nostri</span> <span class='ocrx_word' id='word_1_277' title='bbox 401 2628 435 2649; x_wconf 83' lang='lat'>1.</span> <span class='ocrx_word' id='word_1_278' title='bbox 460 2615 598 2649; x_wconf 79' lang='lat' dir='ltr'>Prooe.</span> <span class='ocrx_word' id='word_1_279' title='bbox 627 2622 688 2656; x_wconf 80' lang='lat'>15.</span> <span class='ocrx_word' id='word_1_280' title='bbox 712 2614 827 2649; x_wconf 82' lang='lat' dir='ltr'>sicuti</span> <span class='ocrx_word' id='word_1_281' title='bbox 885 2613 972 2648; x_wconf 76' lang='lat' dir='ltr'>dore</span> <span class='ocrx_word' id='word_1_282' title='bbox 1021 2613 1208 2661; x_wconf 76' lang='lat' dir='ltr'>vulgatur</span> <span class='ocrx_word' id='word_1_283' title='bbox 1262 2623 1337 2645; x_wconf 82' lang='lat' dir='ltr'>non</span> <span class='ocrx_word' id='word_1_284' title='bbox 1368 2609 1531 2661; x_wconf 66' lang='lat' dir='ltr'>nescivit,</span> 
     </span>
     <span class='ocr_line' id='line_1_36' title="bbox 177 2660 1530 2719; baseline -0.003 -14"><span class='ocrx_word' id='word_1_285' title='bbox 177 2680 216 2705; x_wconf 87' lang='lat' dir='ltr'>et</span> <span class='ocrx_word' id='word_1_286' title='bbox 237 2671 280 2705; x_wconf 87' lang='lat' dir='ltr'>in</span> <span class='ocrx_word' id='word_1_287' title='bbox 305 2671 415 2706; x_wconf 88' lang='lat' dir='ltr'>omni</span> <span class='ocrx_word' id='word_1_288' title='bbox 445 2670 517 2705; x_wconf 80' lang='lat' dir='ltr'>hac</span> <span class='ocrx_word' id='word_1_289' title='bbox 543 2683 630 2706; x_wconf 90' lang='lat' dir='ltr'>cum</span> <span class='ocrx_word' id='word_1_290' title='bbox 651 2669 824 2717; x_wconf 81' lang='lat' dir='ltr'>philoso—</span> <span class='ocrx_word' id='word_1_291' title='bbox 885 2669 992 2719; x_wconf 85' lang='lat' dir='ltr'>quod</span> <span class='ocrx_word' id='word_1_292' title='bbox 1006 2670 1137 2719; x_wconf 80' lang='lat' dir='ltr'>inepte</span> <span class='ocrx_word' id='word_1_293' title='bbox 1156 2678 1288 2703; x_wconf 82' lang='lat' dir='ltr'>tuetur</span> <span class='ocrx_word' id='word_1_294' title='bbox 1301 2660 1530 2717; x_wconf 77' lang='lat' dir='ltr'>Pomanus).</span> 
     </span>
    </p>
   </div>
   <div class='ocr_carea' id='block_1_7' title="bbox 174 2726 1266 2841">
    <p class='ocr_par' dir='ltr' id='par_1_7' title="bbox 174 2726 1266 2841">
     <span class='ocr_line' id='line_1_37' title="bbox 174 2726 1266 2778; baseline 0 -16"><span class='ocrx_word' id='word_1_295' title='bbox 174 2726 266 2776; x_wconf 77' lang='lat' dir='ltr'>phis</span> <span class='ocrx_word' id='word_1_296' title='bbox 299 2727 408 2778; x_wconf 82' lang='lat' dir='ltr'>quasi</span> <span class='ocrx_word' id='word_1_297' title='bbox 433 2727 519 2764; x_wconf 83' lang='lat' dir='ltr'>lite.</span> <span class='ocrx_word' id='word_1_298' title='bbox 584 2730 631 2762; x_wconf 88' lang='lat' dir='ltr'>In</span> <span class='ocrx_word' id='word_1_299' title='bbox 649 2726 826 2775; x_wconf 79' lang='lat' dir='ltr'>fontibus</span> <span class='ocrx_word' id='word_1_300' title='bbox 884 2727 932 2763; x_wconf 82' lang='lat' dir='ltr'>cf.</span> <span class='ocrx_word' id='word_1_301' title='bbox 964 2737 1000 2762; x_wconf 87' lang='lat' dir='ltr'>et</span> <span class='ocrx_word' id='word_1_302' title='bbox 1031 2739 1095 2768; x_wconf 73' lang='grc' dir='ltr'>ιι,</span> <span class='ocrx_word' id='word_1_303' title='bbox 1137 2738 1167 2765; x_wconf 85' lang='grc' dir='ltr'>ι,</span> <span class='ocrx_word' id='word_1_304' title='bbox 1199 2730 1266 2769; x_wconf 84' lang='grc'>55.</span> 
     </span>
     <span class='ocr_line' id='line_1_38' title="bbox 1007 2805 1126 2841; baseline -0.017 0"><span class='ocrx_word' id='word_1_305' title='bbox 1007 2805 1078 2841; x_wconf 69' lang='lat' dir='ltr'>Klz</span> <span class='ocrx_word' id='word_1_306' title='bbox 1104 2815 1126 2839; x_wconf 85' lang='lat'>2</span> 
     </span>
    </p>
   </div>
  </div>
 </body>
</html>
