1779 3062
269 221 368 263 228
573 206 648 254 M.
695 208 831 254 ΕΑΒ.
880 208 1298 269 QUINTILIANI

271 351 445 401 neque
480 334 690 385 humile
741 344 895 399 atque
939 333 1316 400 quotidianum
1357 334 1616 386 sermonis
1629 351 1709 400 962
1772 358 1779 405 ⁴]

273 431 462 479 genus,
500 422 552 460 et
587 411 968 478 compositione
1000 411 1107 478 ipsa
1142 409 1469 471 dissolutum,
1507 415 1619 481 epi-

272 490 410 555 logis
446 488 718 547 dabimus,
754 506 852 538 nec
881 491 1011 550 jocis
1044 489 1308 546 lacrimas,
1354 490 1448 538 ubi
1481 507 1618 555 opus

228 588 254 624 7
278 569 377 615 erit
405 564 768 624 miseratione,
813 564 1134 614 siccabimus.
1215 565 1361 612 Nam
1396 578 1616 616 ornatus

274 644 451 693 omnis
472 660 584 692 non
607 653 712 692 tam
731 642 838 700 sua,
877 659 1035 708 quarn
1065 642 1160 698 rei,
1199 642 1289 688 cui
1319 640 1617 700 adhibetur,

271 721 581 770 conditione
625 718 851 769 constat:
922 735 1019 767 nec
1060 718 1183 783 plus
1228 715 1414 776 refert,
1481 718 1616 784 quid

270 798 438 855 dicas,
473 813 633 862 quarn
663 814 772 862 quo
796 797 930 844 loco.
1009 794 1111 843 Sed
1136 805 1310 842 totum
1332 794 1452 853 hoe,
1492 806 1618 860 apte

269 876 454 932 dicere,
491 890 605 922 non
626 874 919 922 elocutionis
955 881 1161 927 tantum
1193 888 1383 937 genere
1406 872 1617 931 constat,

267 949 359 999 sed.
396 949 468 998 est
498 967 621 998 curn
654 951 942 1000 invencione
983 965 1280 998 commune.
1398 950 1541 998 Nam
1573 945 1618 999 si

266 1038 473 1076 tantum
542 1027 739 1076 habent
807 1027 964 1074 etiarn
1033 1026 1195 1075 verba
1260 1037 1617 1086 momentum,

265 1114 466 1170 quanto
498 1120 580 1153 res
611 1103 752 1170 ipsae
779 1103 985 1164 majus?
1045 1106 1286 1170 Quarum
1327 1120 1461 1167 quae
1493 1102 1616 1153 effet

265 1179 590 1240 observatio,
663 1180 771 1231 suis
821 1180 954 1230 locis
996 1176 1225 1228 subinde
1279 1178 1613 1242 subjecimus.

260 1334 347 1362 tum
382 1326 542 1375 quidem
564 1326 742 1375 agnosco,
774 1322 940 1374 disenda.
973 1321 1101 1360 Guelf.
1130 1323 1262 1371 Camp.
1294 1322 1490 1372 dirigenda
1520 1336 1610 1360 cum

258 1382 378 1418 Goth.
408 1384 514 1420 Voss'.
541 1394 577 1419 2.
609 1381 720 1418 Bodl.
750 1383 872 1418 Andr.
905 1392 943 1416 et
970 1380 1122 1429 aliquot
1151 1382 1286 1417 Burm.
1317 1381 1364 1416 cf.
1393 1393 1465 1423 10,
1495 1387 1534 1429 4,
1573 1396 1608 1418 ι.

256 1438 353 1474 item
388 1439 588 1476 Drakenb.
622 1439 667 1473 ad
696 1439 785 1476 Liv.
819 1444 865 1483 8,
895 1447 971 1479 22,
1015 1445 1059 1481 5.·
1314 1451 1431 1488 neque
1460 1439 1607 1474 humile.

256 1495 390 1531 Turio.
424 1510 517 1544 nege
548 1497 583 1532 Ιι.
611 1494 715 1530 Flor.
749 1497 788 1543 (a
815 1507 874 1543 pr.
908 1496 981 1538 m.)
1013 1504 1122 1542 neget:
1151 1495 1186 1529 12.
1419 1495 1607 1535 lacrimas,

253 1551 329 1588 ubi.
358 1551 496 1594 Aldus,
527 1552 653 1600 Regio
685 1551 899 1590 obsecutus,
929 1551 1061 1586 inserit
1091 1565 1155 1586 nec
1183 1551 1307 1587 Badio
1332 1562 1435 1587 recte
1456 1552 1606 1602 impro-

253 1606 378 1644 batus.
614 1621 719 1656 opus.
750 1608 854 1643 Flor.
885 1607 924 1656 (a
943 1620 1000 1656 pr.
1022 1607 1095 1653 m.)
1124 1610 1266 1656 potius.

337 1674 375 1708 7.
407 1667 525 1700 omnis
545 1678 620 1700 non
641 1673 729 1700 tam.
764 1665 896 1711 Camp.
930 1664 1177 1711 negationem
1209 1664 1370 1702 omittit.

335 1730 468 1757 totum.
497 1722 629 1757 Turio.
652 1719 757 1756 Flor.
789 1719 872 1766 (hic
895 1733 913 1754 a
931 1732 988 1767 pr.
1009 1714 1081 1772 m.)
1111 1722 1243 1755 circum
1274 1734 1364 1756 cum
1384 1721 1488 1757 Alm.

330 1776 401 1826 sed
423 1785 474 1811 et
494 1798 547 1804 —
570 1791 768 1812 commune.
807 1776 939 1811 Turic.
980 1776 1015 1825 s.
1047 1787 1084 1812 et
1114 1791 1192 1811 cum
1226 1779 1446 1815 inventione.
1496 1779 1602 1815 Flor-

239 1830 277 1883 s.
312 1843 349 1869 et
378 1836 416 1868 in
448 1835 671 1869 inventione.
731 1833 791 1868 Ab
823 1833 923 1867 Alm.
954 1834 1108 1868 nonnisi
1146 1832 1301 1868 exulare
1340 1834 1483 1870 dicitur
1519 1848 1602 1872 vox

247 1903 449 1926 commune.
482 1889 601 1926 Goth.
630 1888 666 1937 s.
696 1891 807 1924 eciam
837 1903 865 1924 c,
890 1890 913 1923 ι’.
937 1903 965 1924 e.
1009 1902 1097 1924 cum
1129 1890 1228 1928 Jens.
1261 1900 1298 1924 et
1328 1890 1413 1927 edd.
1440 1892 1601 1940 posterr.

247 1956 333 1982 ante
353 1945 443 1982 Ald.
502 1948 564 1982 An
581 1947 767 1995 primitus
790 1945 868 1981 fuit
889 1944 924 1994 s.
949 1943 998 1993 est
1018 1960 1204 1981 commune
1228 1948 1465 1982 inventioni?

328 2003 475 2039 habent.
511 2003 640 2040 Guelf.
673 2003 808 2038 habeat
839 2014 925 2037 cum
947 2003 1049 2038 Voss'.
1080 2018 1112 2037 1.
1138 2012 1175 2046 5.
1207 2003 1370 2038 habeant
1400 2005 1534 2042 Ambr.
1557 2013 1597 2042 2.

243 2071 334 2095 cum
362 2059 451 2095 Ald.
682 2072 739 2095 res
771 2057 883 2108 ipsae.
915 2059 1046 2095 Turio.
1078 2059 1182 2095 Flor.
1224 2059 1309 2105 (hic
1340 2073 1358 2095 a
1378 2073 1436 2109 pr.
1455 2064 1527 2108 m.)
1559 2076 1597 2098 re

241 2117 282 2150 in
304 2114 396 2165 ipsa.
425 2116 559 2152 Ambr.
586 2126 622 2150 2.
654 2131 681 2152 r.
707 2115 794 2164 ipse.
826 2116 924 2153 Jens.
958 2115 1049 2164 (tac.
1073 2112 1202 2163 Gesn.)
1235 2116 1351 2152 Tarv.
1381 2133 1408 2153 r.
1432 2118 1523 2166 ipsa.

325 2174 455 2218 majus.
495 2173 628 2209 Turic.
659 2173 763 2208 Flor.
791 2171 925 2207 Ambr.
949 2183 986 2207 2.
1026 2171 1152 2207 Guelf.
1180 2172 1312 2219 Camp.
1344 2174 1462 2210 Goth.
1490 2177 1591 2214 Jens.

237 2230 327 2276 (tae.
351 2230 479 2273 Gesn.)
511 2231 632 2278 magis
660 2242 748 2265 cum
769 2228 870 2267 Voff.
899 2243 931 2262 1.
964 2237 1000 2263 2.
1035 2237 1071 2271 3.
1103 2239 1138 2263 et
1169 2228 1254 2263 edd.
1276 2240 1361 2264 ante
1383 2229 1468 2266 Ald.
1493 2232 1591 2268 Cor-

234 2286 338 2321 rexit
363 2286 522 2334 Regius.
802 2282 1037 2333 subjecimus.
1068 2284 1201 2319 Turio.
1222 2283 1418 2334 subiemus.
1452 2288 1589 2339 Camp,

223 2342 475 2393 subjiciemus.

227 2467 348 2504 simili
370 2467 512 2504 erroris
547 2464 652 2501 causa
679 2462 792 2500 facile
813 2464 878 2500 de·
994 2463 1264 2514 compositione
1285 2485 1339 2494 —
1357 2465 1583 2517 diffolutum.

227 2524 498 2572 prehenditur.
534 2523 581 2558 cf.
618 2535 688 2562 ιι,
720 2530 765 2564 3,
810 2528 875 2564 84.
932 2521 979 2558 cf.
1007 2535 1078 2563 10,
1113 2530 1148 2566 4,
1186 2537 1220 2558 1.

227 2580 298 2615 ubi
319 2580 436 2616 habes
467 2581 686 2622 „concinuos
707 2588 743 2613 et
763 2576 797 2612 d.
819 2577 874 2612 l.“
989 2589 1025 2623 7.
1085 2579 1299 2616 conditione
1347 2577 1487 2629 confiat
1524 2601 1581 2611 --

226 2638 407 2672 Circuitus
429 2637 587 2684 quidem
609 2648 680 2683 pro
709 2634 873 2682 periodis
927 2649 1060 2682 genere
1111 2633 1261 2683 constat.
1322 2637 1422 2675 Vide
1474 2638 1577 2674 mihi

224 2693 306 2728 dici
336 2705 452 2729 nemo
479 2703 560 2728 non
590 2691 721 2732 videt,
753 2701 790 2726 et
821 2690 868 2726 cf.
926 2691 1067 2726 iisdem
1090 2692 1258 2728 vocibus
1287 2693 1473 2729 iterandis
1498 2706 1578 2731 non

220 2752 336 2798 §.49.
926 2749 1168 2795 parcentem!
1201 2744 1340 2791 ossio,
1372 2760 1409 2789 ε.
1443 2761 1505 2787 12.
