1779 3062
209 194 310 244 244
522 183 599 229 Μ.
647 181 782 228 FAB.
834 183 1257 247 outNTILIANt

211 309 510 381 perandum
534 308 599 360 sit
620 310 798 376 aliqua
818 309 1201 367 moderatione,
1222 309 1355 361 sicut
1376 313 1573 371 omnia,

213 392 274 439 in
323 390 522 454 quibus
564 399 824 456 patronus
867 399 1242 454 argumentum
1278 406 1342 436 ex
1370 388 1422 437 se
1454 388 1571 457 ipso

211 477 370 534 petet.
449 463 644 516 Fuisset
676 465 955 524 tumidius,
990 465 1031 513 fi
1067 465 1436 531 accipiendum
1473 468 1573 515 cri-

211 546 374 594 minis
410 544 533 594 loco
566 541 790 609 negasset
827 545 1044 600 Cicero,
1094 543 1304 606 Equitis
1335 535 1572 592 Romani

149 650 156 652 -
210 620 310 671 effe
339 620 549 679 filium,
589 619 641 669 se
672 619 1026 670 defendente?
1079 621 1145 667 At
1175 620 1267 667 ille
1302 618 1429 667 fecit
1463 620 1570 670 hoc

210 701 370 750 etiam
392 698 700 757 favorabile,
739 696 1114 762 conjungendo
1147 713 1270 744 cum
1299 696 1568 757 judicibus

210 776 523 842 dignitatem
544 774 707 825 suam.
787 776 994 840 Ecjzzz'cis
1023 784 1194 822 autem
1214 774 1442 822 Romani
1461 769 1567 847 eſjb

196 851 410 925 silium,
485 857 705 902 criminis
748 852 858 903 loco
897 855 1024 917 poni
1064 849 1128 899 ab
1169 847 1566 923 accusatoribus,

206 950 371 997 neque
395 928 544 980 vohis
559 928 908 995 judicantibus
927 931 1169 994 oportuit,
1198 947 1362 993 neque
1381 927 1566 999 desen-

129 1029 181 1070 29
205 1006 440 1058 dentibus
477 1006 631 1057 nobis.
712 1006 1027 1074 Impudens,
1067 1004 1422 1064 tumultuosa,
1463 1007 1566 1054 ira-

204 1086 379 1136 cunda
421 1087 573 1143 actio,
611 1085 862 1134 omnibus
902 1084 1180 1132 indecora:
1221 1082 1309 1132 sed
1337 1095 1396 1132 ut
1421 1083 1568 1147 quis-

205 1181 310 1231 que
333 1173 513 1220 aetate,
544 1162 816 1226 dignitate,
855 1160 957 1210 usu
991 1160 1273 1228 praecedit,
1313 1162 1481 1227 magis
1505 1160 1567 1209 in

202 1258 264 1290 ea
295 1238 784 1309 reprehendendus.
864 1237 1052 1287 Videas
1092 1249 1271 1285 autem
1303 1240 1559 1288 rixatores

199 1318 463 1385 quosdam
497 1332 675 1382 neque
718 1315 963 1378 judicum
999 1316 1322 1375 reverentia,
1381 1331 1560 1382 neque

197 1551 332 1599 Camp.
356 1547 490 1597 fuerit.
753 1556 867 1595 petet.
906 1545 1054 1597 Fuiffet.
1088 1548 1151 1583 Sic
1173 1546 1306 1584 Turio.
1336 1544 1442 1582 Flor.
1473 1545 1558 1591 (hio

195 1620 212 1641 :⁵
234 1621 293 1657 pr.
315 1610 386 1650 m.)
416 1605 578 1654 Reliqui
601 1605 776 1640 inserunt
808 1604 931 1655 Quod.
1136 1603 1175 1654 si
1205 1604 1458 1652 accipiendum
1488 1605 1557 1639 cri-

195 1666 315 1698 minis.
349 1663 412 1699 Sic
446 1662 581 1698 Turio.
613 1661 718 1697 Flor.
751 1659 836 1704 (hic
869 1674 889 1696 a
918 1674 976 1709 pr.
1005 1653 1098 1710 m.);
1129 1673 1202 1709 pro
1234 1674 1306 1695 acc.
1336 1658 1439 1697 Alm.
1477 1661 1555 1696 dec.

192 1719 357 1767 Reliqui
386 1719 637 1766 interjectum
658 1718 858 1754 omittunt.
891 1719 1024 1765 Camp.
1058 1715 1128 1766 msi
1157 1730 1230 1766 pro
1255 1715 1293 1765 si
1321 1730 1410 1752 cum
1432 1717 1553 1753 Goth.

191 1787 229 1811 et
250 1777 316 1812 sec.
336 1790 388 1812 m.
421 1775 620 1814 Vallensis.
883 1775 964 1809 loco
988 1772 1163 1823 negaffet.
1198 1775 1261 1810 Sic
1281 1774 1414 1809 Turic.
1444 1773 1551 1810 Flor-

190 1831 285 1878 (hic
318 1846 338 1868 a
369 1845 429 1881 pr.
464 1831 548 1878 m.)
577 1831 713 1868 Ambr.
746 1839 781 1868 2.
819 1830 948 1866 Guelf.
979 1843 1067 1866 cum
1099 1831 1217 1866 Goth.
1251 1831 1349 1870 Jens.
1393 1841 1431 1866 et
1461 1831 1549 1866 edd.

189 1889 350 1938 posterr.
381 1900 468 1925 ante
498 1887 608 1925 Basil.
640 1887 801 1937 Reliqui
832 1887 1007 1923 inserunt
1038 1885 1128 1937 effe,
1162 1901 1332 1937 quorum
1361 1887 1551 1923 recenseri

187 1956 225 1981 et
247 1946 380 1995 Camp.
402 1946 550 1987 miron
583 1945 645 1980 [ed
665 1959 727 1980 me
754 1944 975 1980 dormitass'e
1007 1944 1190 1992 suspicor.
1424 1954 1549 1980 autem

183 2002 362 2038 Romani.
395 2002 675 2052 Transponunt
703 2001 837 2037 Turic.
879 2000 983 2037 flor.
1020 2000 1149 2037 Guelf.
1441 2001 1548 2037 vobis

177 2060 443 2104 judicantibus.
475 2059 539 2094 Sic
561 2058 695 2095 Turic.
728 2057 832 2094 flor.
867 2059 1001 2108 Camp.
1032 2071 1122 2094 cum
1143 2058 1247 2095 Alm.
1277 2057 1393 2096 Bodl.
1422 2059 1545 2095 Andr.

179 2115 271 2152 Ald.
301 2115 463 2165 Reliqui
489 2116 544 2150 his
560 2116 591 2160 j.
624 2128 713 2151 cum
735 2114 849 2152 libris
872 2116 954 2151 Cic.

265 2249 333 2288 29.
365 2241 560 2288 dignitate,
594 2238 668 2288 usu.
705 2240 837 2282 Turio.
868 2241 1092 2288 dignitatem
1109 2238 1220 2290 suam
1248 2255 1283 2275 u.
1317 2253 1404 2276 cum
1435 2239 1538 2277 Alm.

176 2296 247 2342 (cf.
274 2296 358 2345 28.)
389 2296 463 2333 Nil
483 2297 555 2332 nisi
575 2295 685 2344 suam
721 2297 856 2332 inserit
877 2293 981 2333 flor.
1207 2298 1538 2345 reprehendendus.

177 2353 283 2389 Flor.
327 2353 593 2403 reprehendens
633 2365 722 2387 cum
751 2353 888 2389 Ambr.
922 2364 958 2389 2.
1016 2354 1117 2399 (nisi
1150 2354 1258 2403 quod
1289 2354 1537 2403 reprendens)

177 2409 298 2447 Goth.
338 2410 583 2458 reprehendes
635 2408 764 2447 Guelf.
819 2423 909 2446 cum
935 2410 1034 2450 Jens.
1066 2422 1104 2448 et
1135 2411 1220 2448 edd.
1254 2411 1416 2461 posterr.
1449 2423 1535 2448 anto

233 2627 299 2665 28.
317 2619 468 2668 Equitis
483 2629 604 2657 autem
615 2620 725 2659 Rom.
739 2621 821 2659 Cic.
950 2630 1014 2670 29.
1079 2622 1218 2658 Videas
1249 2640 1305 2650 ·-
1335 2624 1526 2659 rixatores.

171 2678 247 2713 Pro
269 2677 406 2713 Coelio
429 2690 461 2712 c.
482 2686 519 2713 2.
831 2732 833 2735 .
878 2679 1043 2727 Aliquid
1089 2679 1214 2715 [imile
1250 2679 1395 2716 horum
1433 2678 1526 2715 vido

873 2735 942 2772 lib.
966 2737 1002 2773 6.
1038 2749 1115 2785 cap.
1143 2743 1179 2781 4.
