1779 3062
495 162 663 208 INST.
699 160 983 208 ORATOR.
1021 163 1142 208 LIB.
1180 162 1254 219 X,
1293 173 1351 218 ’7.Α
1503 174 1605 222 219

239 292 364 344 facit
441 288 590 338 enim
675 285 914 336 discendi

241 367 352 436 ipsa
409 365 615 416 fiducia
628 402 643 424 ‚

1001 288 1383 354 negligentiam
1474 288 1605 339 haec

722 375 775 413 et
819 364 1013 412 lacerat
1064 382 1121 413 ac
1174 364 1439 415 deformat
1488 385 1606 417 ora-

241 448 461 495 tionem.
578 446 693 509 Ego
749 451 928 490 autem
974 458 1042 489 ne
1097 441 1441 493 scribendum
1485 447 1608 510 qui-

241 522 367 572 dem
441 531 605 587 puto,
679 517 831 585 quod
922 516 1085 568 simus
1157 521 1420 569 memoria
1486 540 1608 589 per-

240 599 486 649 secuturi.
569 599 711 647 Nam
732 595 792 645 id
813 611 1032 660 quoque
1059 595 1263 654 accidit,
1301 608 1365 644 ut
1390 612 1609 650 revocet

241 694 343 727 nos
363 676 610 742 cogitatio
639 674 820 724 adina
853 672 1133 732 elaborata,
1171 690 1270 722 nec
1300 671 1436 724 sinat
1458 695 1607 743 prae-

242 830 375 868 locum
400 829 507 865 dedit
528 829 742 866 erroribus·
798 828 939 876 Neque
961 825 1065 862 enim
1095 827 1279 875 cuiquam
1312 829 1478 871 credam,
1511 843 1608 868 com·

243 889 446 924 mentarios
477 886 547 921 effe
578 886 684 935 poffe
715 898 789 935 pro
834 886 1051 932 synonymo
1076 883 1307 933 summarum
1354 897 1392 921 et
1431 891 1607 937 capitum.

242 943 492 987 „Conferre'‘
534 953 663 978 autem
706 941 1058 984 „commentarium
1101 941 1143 975 iu
1184 942 1349 977 summas
1392 954 1429 979 et
1461 947 1613 994 capita“

243 999 375 1037 nihilo
414 1010 481 1034 aut
521 998 641 1049 paulo
672 999 808 1034 durius
844 999 988 1033 dictum
1023 999 1156 1033 censeo
1189 1011 1306 1045 quam
1337 1001 1544 1040 „conferre
1568 1017 1610 1039 ea

243 1070 372 1106 „quae
414 1055 677 1104 scripserimus
725 1056 769 1090 in
802 1056 966 1090 summas
1005 1066 1042 1090 et
1072 1055 1239 1104 capita“.
1300 1055 1405 1094 Alias
1447 1060 1611 1107 quidem

243 1113 450 1157 „conferre
474 1112 625 1161 aliquid
646 1112 689 1147 in
709 1111 862 1148 libros“
892 1112 1166 1160 perhibentur,
1197 1112 1310 1148 velut
1335 1115 1512 1152 Prooem.
1537 1128 1609 1153 tot.

247 1183 311 1219 op.
353 1173 386 1218 ᾖ.
411 1176 476 1215 25.
518 1178 568 1213 5,
602 1179 652 1213 5,
699 1182 761 1205 10.
803 1176 824 1214 8
859 1171 949 1204 Pro.
984 1182 1017 1204 1.
1076 1169 1164 1203 Erit
1196 1169 1322 1217 igitur
1350 1170 1417 1207 hic
1446 1173 1615 1221 conferre

245 1227 353 1282 idem
387 1225 495 1275 quod
533 1226 711 1274 digerere.
757 1225 803 1260 cf.
845 1229 877 1273 ᾖ.
902 1234 967 1269 50.
1028 1226 1130 1266 „Vel
1172 1226 1214 1260 in
1246 1227 1322 1263 iis“
1360 1229 1612 1278 interpretor,

248 1284 340 1332 quia
370 1283 669 1319 convenientius
698 1283 901 1330 magisque
923 1282 1175 1330 probandum
1213 1294 1312 1325 erat,
1346 1298 1483 1321 eorum
1515 1301 1613 1335 quae

251 1340 515 1388 cogitaramus
548 1339 684 1380 modo,
716 1352 798 1374 non
827 1349 954 1373 autem
978 1339 1259 1387 scripseramus,
1285 1345 1615 1380 commentarium

250 1396 419 1432 condere
443 1396 485 1431 in
514 1395 637 1444 capita
663 1407 699 1431 et
719 1397 883 1431 summas
906 1395 1108 1444 digestum.
1319 1401 1416 1434 enim
1436 1399 1615 1449 discendi.

250 1454 313 1489 Sic
344 1453 479 1488 Turic.
532 1452 637 1487 Flor.
681 1454 814 1500 Camp.
867 1451 1034 1500 edisendi
1074 1452 1194 1489 Goth.
1235 1453 1327 1500 (tac.
1359 1456 1490 1501 Gesn.)
1523 1470 1615 1494 eum

247 1511 354 1547 Voff.
387 1520 422 1543 2.
452 1511 587 1544 Ioann.
620 1508 785 1556 Reliqui
814 1509 987 1544 inserunt
1017 1519 1066 1545 et.
1359 1513 1461 1561 quod
1482 1512 1617 1563 simus.

250 1567 314 1603 Sic
348 1565 477 1602 Guelf.
519 1565 652 1614 Camp.
704 1566 796 1607 (nisi
825 1566 933 1613 quod
960 1565 1027 1601 hic
1072 1565 1228 1615 scimus)
1275 1580 1366 1603 cum
1407 1570 1493 1605 edd.
1529 1583 1616 1608 ante

249 1623 412 1671 Capper.
436 1622 619 1658 exc.Ald.
640 1622 769 1658 Colin.
795 1622 869 1656 Sed
889 1623 1021 1658 Tui-ic.
1045 1637 1120 1658 non
1133 1623 1265 1672 simus.
1285 1624 1389 1661 Flor.
1412 1627 1449 1670 (a
1469 1640 1526 1676 pr.
1542 1636 1616 1674 m.)

249 1694 344 1729 quae
369 1679 498 1729 simus.
529 1678 632 1715 Alm.
666 1677 824 1728 risimus
852 1677 920 1723 (cf.
953 1681 1099 1726 §.26.).
1131 1680 1295 1729 Reliqui
1325 1682 1499 1720 inserunt
1527 1699 1616 1726 non,

250 1750 422 1785 quorum
457 1748 495 1772 et
527 1735 646 1771 Goth.
684 1739 774 1781 (tac.
812 1737 941 1781 Gesn.)
964 1738 1044 1785 qui=
1068 1747 1107 1774 et
1135 1736 1273 1786 sumus.
1337 1740 1448 1790 Quod
1475 1752 1513 1777 et
1542 1757 1619 1779 non

252 1794 327 1830 [ibi
355 1794 530 1829 invicem
554 1791 763 1828 officientia
783 1792 875 1827 vide
911 1797 944 1840 §.
975 1805 1037 1829 12.
1068 1808 1131 1829 nec
1156 1796 1278 1831 modo
1312 1808 1385 1844 pro
1416 1811 1461 1832 ne
1482 1800 1618 1838 Turio,

250 1849 357 1886 Flor.
592 1849 934 1898 persecuturix⁹Sic
963 1850 1068 1885 Flor.
1109 1853 1144 1895 (a
1171 1865 1229 1900 pr.
1259 1852 1420 1900 quidem
1451 1868 1504 1892 m.
1534 1871 1620 1904 per..

247 1905 441 1955 secutum)
474 1905 604 1942 Guelf.
637 1918 726 1940 cum
747 1907 846 1943 Jens.
878 1905 969 1949 (tac.
994 1907 1126 1954 Gesn.)
1159 1918 1195 1943 et
1225 1908 1311 1944 edd.
1342 1910 1502 1958 posterr.
1533 1924 1622 1949 ante

252 1964 344 1999 Bad.
380 1964 476 1999 item
514 1977 534 1997 a
554 1965 679 1998 Stoer.
702 1962 799 1997 inde
831 1974 917 1998 ante
950 1963 1047 1999 Obr.
1086 1964 1332 2013 persecuturia
1381 1968 1514 2004 Turio.
1546 1972 1623 2006 Re-

254 2019 359 2069 liqui
387 2020 627 2070 prosecuturi.
845 2020 885 2055 id
909 2034 1064 2070 quoque.
1097 2021 1161 2057 Sic
1184 2023 1318 2059 Turic-
1349 2022 1454 2060 Flor.
1488 2027 1624 2076 Camp.

312 2155 453 2190 lacerat
474 2169 517 2191 ac
538 2152 739 2202 deformat.
781 2154 911 2195 „Cum

255 2212 390 2254 „enim
426 2211 615 2260 quaedam
647 2224 783 2247 eorum
815 2224 912 2259 quae

257 2268 422 2317 „scripta
444 2269 529 2303 sunt
549 2268 592 2302 in
620 2267 913 2304 commentariis

259 2324 571 2374 ‚‚ampli0ribus,
602 2322 816 2360 memoriae
849 2324 913 2358 ad-

259 2382 364 2422 „huc
397 2381 675 2423 obversentur,
726 2382 915 2429 quaedam

261 2437 519 2478 „exciderint‚
534 2438 721 2486 quaedam
743 2451 789 2473 ex
808 2449 915 2487 parte

262 2505 439 2535 „tantum
471 2495 505 2529 se
541 2495 758 2536 ostendant,
792 2509 917 2530 emer-

261 2560 480 2599 „gantque:
510 2550 606 2586 hinc
637 2562 810 2587 tenorem
835 2565 918 2587 ora·

262 2606 411 2648 „tionis
453 2606 623 2642 multum
657 2607 916 2658 interpellari,

262 2677 335 2705 „ac
389 2662 742 2699 dissimilitudinem
797 2678 918 2713 quan-

263 2721 380 2761 „dam
412 2720 512 2756 oriri
543 2721 689 2757 neceffe
721 2721 791 2763 est,
824 2723 920 2772 quin

970 2152 1064 2195 „illa
1108 2159 1356 2192 concurrentis
1405 2160 1481 2193 oris
1525 2159 1627 2197 vitia

971 2211 1186 2254 „existam
1225 2213 1271 2248 de
1303 2214 1447 2262 quibus
1480 2229 1553 2259 11,
1586 2227 1626 2263 3,

971 2274 1130 2309 ,‚121.“
1157 2270 1359 2307 Gesnerus.

1032 2326 1134 2374 quod
1178 2325 1295 2375 simus
1314 2348 1369 2354 -—
1390 2326 1627 2377 persecuturi.

974 2382 1086 2423 „Ubi
1118 2383 1203 2419 [atis
1250 2384 1375 2420 fidere
1424 2386 1629 2434 poffumus

973 2440 1237 2481 ,‚mem01·iae,
1283 2455 1332 2476 ne
1383 2442 1629 2481 scribendum

973 2495 1161 2543 „quidem
1185 2497 1256 2532 effe
1286 2500 1461 2535 censeo.“
1520 2501 1631 2536 Talia

975 2552 1062 2586 sunt
1087 2565 1160 2594 10,
1196 2553 1240 2595 6,
1274 2564 1310 2590 2.
1354 2557 1631 2593 memoriae—
1686 2589 1690 2591 .

976 2608 1138 2643 laxatur.
1181 2609 1277 2645 item
1312 2612 1410 2648 ibid.
1454 2616 1487 2660 ᾗ.
1513 2621 1548 2658 4.
1583 2616 1631 2651 de

976 2666 1187 2702 Hortensio
1248 2666 1428 2717 aliisque.
1503 2672 1632 2720 Igitur

976 2720 1154 2771 indigere
1222 2723 1359 2762 locum
1388 2773 1393 2775 Π
1424 2728 1634 2778 negatione
