1779 3062
448 135 613 180 INST.
653 136 934 186 ORATOR.
970 141 1092 186 Lm.
1130 141 1242 196 XII,
1278 152 1319 185 1.
1472 153 1566 195 505

220 261 286 312 ad.
314 277 473 327 quem
507 277 680 325 usque
711 263 938 314 modum
970 263 1373 331 processerimus
1392 304 1406 325 ,
1458 285 1568 316 me-

218 341 379 388 liores
422 339 620 387 erimus
665 356 729 386 ex
764 350 1008 406 utroque.
1088 347 1204 392 Hoc
1236 355 1374 392 certe
1414 361 1567 409 pror-

219 414 305 465 sus
347 417 609 464 eximatur
641 417 849 474 animo,
926 437 1107 468 reruni
1149 421 1567 487 pulcherrimam

218 494 579 558 eloquentiam
607 510 729 540 cum
755 495 899 541 vitiis
931 499 1124 546 mentis
1164 496 1306 565 poffe
1342 498 1580 547 misceri.⁴

217 571 452 619 Facultas
484 569 725 628 dicendi,
762 569 804 618 si
831 573 890 619 in
922 574 1090 622 malos
1121 574 1335 633 incidit,
1371 587 1423 624 et
1457 575 1593 641 ipsas

215 647 499 710 judicanda
533 647 606 695 est
638 649 867 698 malum:
915 653 1122 715 pejores
1153 654 1297 700 enim
1332 653 1454 702 illos
1486 652 1578 700 fa-.

218 727 303 783 cit,
325 726 524 791 quibus
547 727 781 790 contigit.
817 725 1017 775 Videor
1039 728 1175 775 mihi
1194 728 1380 777 audire
1404 748 1564 794 quos·
1593 741 1639 777 53

217 800 339 851 dam
356 840 370 861 ‚
409 802 623 868 (neque
655 804 800 851 enim
832 802 1057 852 deerunt
1083 821 1338 868 unquam,
1361 808 1458 870 qui
1483 807 1565 855 di-

214 878 337 928 serti
367 878 490 937 effe,
535 897 697 944 quam
730 881 887 938 boni,
926 882 1135 945 malint)
1172 883 1262 929 illa
1299 882 1561 932 diceutes:

215 956 362 1025 Quid
404 974 529 1022 ergo
573 967 781 1005 tantum
826 957 899 1006 est
945 960 1066 1006 artis
1112 959 1171 1006 in
1222 960 1564 1025 eloquentia?

214 1051 311 1082 cur
340 1044 399 1082 tu
428 1034 495 1082 de
526 1035 823 1093 coloribus,
864 1046 915 1084 et
945 1033 1254 1085 difficilium
1288 1035 1575 1086 causarum·

211 1109 537 1170 defensione,
576 1113 831 1161 nonnihil
860 1115 1016 1161 etiam
1051 1113 1116 1161 de
1144 1113 1458 1163 confeffione
1484 1115 1565 1164 lo-

213 1200 367 1239 cutus
404 1206 486 1247 es,
536 1189 639 1238 nisi
681 1191 969 1254 aliquando
1001 1192 1086 1240 vis
1132 1208 1189 1239 ac
1223 1189 1443 1240 facultas
1483 1191 1566 1240 di-

213 1266 369 1315 cendi
389 1277 655 1333 expugnat
676 1265 839 1332 ipsam
866 1269 1173 1316 veritatem?
1213 1271 1394 1317 Bonus
1417 1271 1564 1318 enim

211 1346 298 1393 vir
328 1362 441 1393 non
472 1346 577 1409 agit
611 1343 713 1392 nisi
749 1344 914 1394 bonas
949 1345 1147 1402 causas,
1188 1362 1270 1395 eas
1303 1363 1465 1411 porro
1489 1358 1572 1395 et-

211 1423 319 1473 iam
349 1421 462 1471 sine
498 1422 741 1472 doctrina
771 1421 888 1472 satis
922 1441 1018 1488 per
1050 1422 1102 1471 se
1143 1432 1327 1472 tuetur
1366 1425 1563 1473 veritas

210 1613 316 1651 flor.
351 1625 382 1649 c.
409 1611 511 1647 Alm.
545 1609 676 1657 procul
703 1611 887 1644 eximatur
916 1609 1049 1643 Turic.
1082 1609 1176 1655 (hic
1205 1613 1414 1655 eximatus)
1455 1613 1560 1649 Flor.

213 1671 348 1707 Asnbr.
372 1680 408 1706 2.
431 1667 558 1704 Guelf.
582 1668 676 1704 Exc.
704 1668 805 1703 Sant.
829 1666 963 1713 Camp.
987 1678 1017 1702 c.
1040 1666 1143 1702 Alm.
1179 1679 1215 1702 et
1239 1669 1324 1703 edd.
1359 1681 1444 1705 ante
1479 1670 1564 1707 Ald.

213 1727 398 1765 Correxit
419 1725 576 1775 Regius.
639 1725 763 1758 animo
794 1737 870 1758 rem
898 1722 1030 1758 Turio.
1054 1723 1159 1759 Flor.
1194 1724 1278 1768 (hic
1301 1727 1565 1775 conjunctim)

214 1785 349 1833 Camp.
386 1784 594 1818 animorum
623 1780 758 1815 Ambr.
794 1791 828 1815 2.
865 1778 993 1814 Guelf.
1022 1792 1052 1816 c.
1077 1781 1175 1818 Jens.
1201 1781 1317 1817 Tarv.
1340 1797 1458 1817 rerum
1485 1797 1564 1820 om.

212 1840 301 1876 Ald.
323 1838 432 1888 posce
465 1837 600 1873 Ambr.
621 1848 657 1872 2.
689 1836 831 1871 incidat:
854 1837 988 1885 Camp.
1272 1840 1440 1886 contigit.
1501 1840 1565 1875 Sic

211 1898 347 1933 Turic.
371 1895 474 1931 Flor.
506 1895 690 1942 contingit
709 1891 867 1941 reliqui.

297 2007 363 2044 53.
412 2012 529 2048 neque
558 1999 669 2036 enim.
737 1995 800 2030 Sic
833 1995 966 2030 Turio.
997 1994 1102 2032 Flor.
1134 1995 1261 2031 Guelf.
1298 1995 1417 2033 Goth.
1461 2001 1563 2042 (tac,

214 2057 346 2098 Gesn.)
368 2055 500 2104 Camp.
529 2055 575 2090 cf.
603 2067 665 2093 11,
688 2062 726 2096 3,
758 2051 847 2086 161.
880 2052 1043 2087 dicerent
1065 2067 1223 2101 unquam
1246 2053 1378 2088 Turio.
1406 2065 1511 2089 erunt
1528 2071 1566 2090 u.

215 2111 344 2150 Guelf.
367 2112 462 2147 Exe.
488 2113 590 2147 Sant.
610 2110 737 2160 diserti
760 2106 873 2157 effent
894 2108 996 2145 Flor.
1020 2110 1164 2143 malunt
1177 2108 1295 2144 Goth.
1310 2107 1403 2159 (tae.
1417 2107 1566 2156 Gesn.).'

173 2189 176 2192 ⁴
215 2166 361 2218 custode
390 2182 463 2218 pro
497 2183 558 2202 cur
587 2176 626 2201 tu
658 2168 703 2201 de
724 2164 828 2200 Flor.
866 2167 977 2201 eciam
1005 2164 1218 2213 defensione
1239 2167 1370 2200 Turio.
1394 2166 1499 2204 Flor.
1530 2170 1567 2204 c.'

215 2226 317 2262 Alm.
341 2239 371 2261 e.
394 2225 441 2260 de
462 2222 622 2274 confeffo
642 2222 800 2270 reliqui.
863 2222 1051 2258 Nostrum
1081 2236 1099 2257 e
1124 2223 1355 2269 conjectura.
1412 2221 1463 2271 est
1489 2237 1564 2273 pro

215 2296 252 2318 es
277 2284 410 2319 Turic.
436 2281 539 2316 Flor.
563 2282 698 2316 Ambr.
729 2288 765 2313 2.
797 2291 884 2314 cum
917 2281 1029 2316 Bern.
1317 2293 1359 2314 ac
1380 2278 1559 2328 facultas.

215 2339 279 2374 Sic
302 2339 435 2375 Turio.
462 2337 567 2373 Flor.
590 2336 719 2373 Guelf.
746 2336 863 2372 Goth.
898 2337 936 2384 (a
960 2337 1028 2373 sec.
1049 2336 1123 2381 m.)
1156 2334 1421 2385 ets.1·eliqui.
1483 2336 1564 2388 ipsa

215 2397 255 2430 in
282 2397 444 2431 veritate
477 2394 610 2431 Turio.
639 2393 743 2429 Flor.

272 2575 339 2611 52.
398 2580 517 2602 rerum
564 2566 858 2615 pulcherrimam.
921 2566 978 2603 rz‘e.
1008 2564 1119 2603 velut
1144 2570 1180 2608 4,
1207 2573 1242 2605 2,
1274 2563 1467 2610 63-75,
1504 2577 1572 2607 ²1,

215 2623 265 2660 cf.
295 2636 330 2665 1,
366 2634 429 2664 12,
464 2623 527 2660 16.
555 2639 577 2672 μ·
927 2639 963 2666 1,
998 2623 1064 2669 76.

275 2690 341 2727 53.
390 2681 562 2718 nonnihil
586 2701 638 2710 —
666 2678 863 2729 confeffio-
