1779 3062
422 148 588 195 1Nsr.
625 147 906 195 ORATOR.
944 148 1068 195 Lm.
1103 148 1217 201 xil,
1253 162 1332 194 10.
1457 149 1553 208 607

207 278 318 328 lius
356 276 524 326 lineas
564 276 805 326 traditur.
846 278 989 327 Nam
1032 267 1224 327 Zeuxis
1246 276 1370 344 plus
1391 293 1558 327 mem·
1583 297 1609 330 ⁵

208 356 320 406 bris
371 355 612 421 corporis
662 353 837 413 dedit,
899 354 958 403 id
999 355 1227 420 amplius
1270 366 1428 421 atque
1468 374 1563 406 au-

208 431 415 499 gustius
440 441 598 490 ratus,
638 442 811 496 atque,
843 442 905 481 ut
926 431 1238 490 existimant,
1259 436 1561 484 Homerum

207 509 441 567 secutus,
494 510 584 559 cui
622 507 928 558 validiffima
969 514 1213 575 quaeque
1261 508 1435 560 forma
1484 523 1561 562 et-

209 588 318 637 iam
363 588 424 636 in
471 585 688 636 feminis
742 586 928 652 placet.
1027 588 1125 636 Ille
1163 603 1294 637 vero
1334 589 1408 638 ita
1461 591 1562 639 cir-

210 662 543 731 cumscripfit
581 664 785 722 omnia,
848 673 909 712 ut
957 680 1083 713 eum
1122 664 1301 734 legum
1341 665 1562 716 latorem

211 753 463 801 vocent,>
502 743 629 807 quia
676 741 904 791 deorum
952 751 1109 807 atque
1162 742 1396 792 heroum
1447 741 1563 793 effi-

212 822 344 888 gies,
383 820 565 886 quales
608 819 672 868 ab
714 836 779 870 eo
819 817 942 868 sunt
971 817 1205 878 traditae,
1247 823 1424 881 ceteri,
1451 833 1566 871 tan-

213 915 378 966 quam
425 899 498 946 ita
547 894 747 945 necesse
794 895 890 955 sit,
953 894 1265 961 sequuntur.
1355 901 1565 950 Floruit
1588 911 1616 949 6

213 987 394 1026 autem
436 976 570 1022 circa
610 974 925 1040 Philippum
963 984 1016 1022 et
1056 991 1229 1040 usque
1267 973 1333 1023 ad
1368 975 1569 1026 succes-

211 1052 355 1103 sores
391 1050 679 1102 Alexandri
717 1054 924 1119 pictura
971 1053 1287 1119 praecipue,
1346 1052 1437 1103 [ed
1486 1055 1569 1103 di-

209 1129 376 1182 verfis
433 1130 738 1179 virtutibus.
833 1130 977 1179 Nam
1030 1147 1158 1179 cura
1211 1133 1569 1202 Protogenes,

210 1209 417 1258 ratione
456 1206 767 1272 Pamphilus
809 1224 866 1254 ac
908 1206 1254 1266 fldelandzius,
1314 1207 1568 1260 facilitate

213 1285 545 1354 Antiphilus,
615 1283 981 1352 concipiendis
1039 1283 1366 1347 visionibus,
1441 1300 1572 1356 quas

333 1485 370 1522 5.
401 1476 462 1513 Ab
493 1476 566 1512 hac
594 1476 686 1513 inde
714 1477 959 1528 paragrapho
992 1478 1084 1528 sigla
1114 1477 1184 1513 illa
1214 1471 1256 1513 αἲ
1287 1476 1388 1523 (vid.
1425 1477 1471 1514 ad
1509 1491 1573 1520 ιο,

217 1545 257 1580 7,
297 1534 383 1583 14.)
413 1536 456 1570 in
487 1534 617 1570 Turio.
650 1545 687 1570 et
717 1533 822 1571 Flor.
855 1536 1002 1584 saepius
1031 1536 1219 1577 recurrit,
1251 1545 1297 1571 ut
1326 1535 1567 1573 notabimus.

214 1591 420 1628 Manifesto
460 1602 588 1627 autem
631 1591 673 1626 in
715 1591 951 1640 quibusdam
991 1592 1092 1629 locis
1132 1591 1239 1629 valet
1276 1592 1370 1627 alias
1411 1604 1449 1628 et
1480 1606 1572 1629 cum

213 1649 295 1698 ipsa
322 1645 505 1685 lectionis
535 1648 735 1689 varietate,
767 1658 811 1683 ut
839 1648 977 1691 statim,
1009 1650 1053 1685 in
1084 1659 1236 1686 textum
1250 1648 1462 1697 migravit;
1481 1650 1570 1687 aliis

214 1705 316 1743 locis
345 1706 524 1742 nondum
555 1705 602 1740 de
633 1719 676 1740 ea
705 1704 811 1740 mihi
842 1706 1001 1754 quidem
1024 1706 1165 1755 liquet.
1405 1710 1572 1756 corporis

215 1760 259 1800 at
289 1763 407 1798 edidit
436 1763 541 1797 dedit
572 1761 612 1796 id
643 1763 777 1797 Turic.
813 1762 918 1798 Flos.
1039 1772 1106 1798 aut,-
1144 1760 1333 1810 augustius
1364 1763 1495 1801 Guelf.
1534 1778 1569 1804 c.

215 1819 322 1855 Voss'.
357 1828 394 1863 3.
455 1831 599 1868 quoque
630 1820 765 1868 Camp.
886 1821 949 1868 qui
979 1819 1131 1855 deorum
1160 1819 1295 1856 Turio.
1358 1823 1421 1869 qui
1449 1822 1500 1856 ad
1530 1823 1567 1859 d.

214 1876 347 1913 Guelf.
409 1875 506 1925 quod
537 1875 571 1910 d.
607 1877 740 1924 Camp.
800 1877 902 1912 Mox
923 1875 1015 1925 sunt
1046 1890 1124 1912 om.
1158 1874 1288 1912 Guelf.
1322 1877 1442 1913 Goth.
1476 1881 1568 1924 (tac.

217 1933 347 1978 Gesn.)
379 1934 479 1972 Jens.
514 1945 545 1967 c.
584 1933 689 1971 Voss'.
724 1942 760 1966 2.
816 1933 1008 1982 sectantur
1040 1934 1144 1973 Voss'.
1184 1946 1218 1968 1.
1520 1928 1524 1930 ἡ

180 2055 182 2058 .
334 2023 371 2060 6.
425 2022 494 2073 sed
525 2037 568 2058 ecc
598 2022 751 2074 diversis
784 2023 913 2060 Guelf.
946 2025 1042 2061 Exc.
1073 2027 1176 2061 Sant.
1210 2037 1242 2060 c.
1263 2024 1420 2064 VoII'.2.
1448 2026 1567 2063 Goth.

216 2081 318 2122 Jens.
360 2091 399 2116 et
440 2081 526 2117 edd.
569 2081 663 2130 post.
711 2092 796 2117 ante
838 2081 990 2131 Gryph.
1059 2081 1093 2132 s.
1136 2096 1159 2117 a
1189 2082 1264 2118 div.
1300 2082 1434 2131 Camp.
1492 2098 1573 2120 cum

217 2151 292 2189 pro
322 2153 407 2174 cura
437 2136 564 2173 Guclf.
595 2139 690 2176 Exc.
723 2141 826 2174 sant.
859 2140 958 2177 Jens.
991 2151 1020 2175 c.
1056 2139 1144 2176 edd.
1174 2139 1267 2187 post.
1297 2150 1384 2175 ante
1414 2139 1504 2175 Ald.
1528 2140 1572 2176 in

202 2208 295 2245 rrqua
346 2195 532 2244 scriptura
569 2207 665 2230 mox
713 2198 860 2231 ratione
905 2197 1120 2232 retrahitur
1163 2197 1492 2245 interpunctione·
1525 2198 1574 2233 ad

217 2251 452 2302 praecedens
482 2264 640 2294 nomen,
675 2263 712 2289 et
741 2253 792 2289 sic
822 2254 1022 2304 sequentes
1055 2255 1171 2289 etiam
1194 2252 1368 2294 ablativi.
1392 2264 1437 2290 ut
1455 2254 1572 2305 Apel-

219 2430 319 2476 [huc
341 2430 443 2466 refer
464 2433 662 2476 ZeuxinJ:
705 2442 869 2470 extrema
928 2436 1054 2471 mittat
1081 2436 1159 2472 alia
1186 2432 1271 2485 poll*
1288 2434 1352 2485 se,
1385 2433 1574 2485 ostendat-

220 2501 418 2536 corporum
442 2488 572 2536 facere
604 2499 640 2525 er
665 2490 868 2539 desinentis
926 2505 996 2541 que
1019 2495 1130 2528 etiam
1149 2507 1244 2543 quae
1266 2494 1440 2530 occultat.

218 2547 386 2594 picturae
417 2546 566 2581 modum
594 2547 778 2583 includere
806 2563 866 2584 ra·
981 2547 1019 2585 6.
1069 2550 1321 2599 concipiendis
1355 2550 1571 2600 visionibus.

217 2615 300 2636 rum
322 2603 361 2636 in
371 2599 534 2652 succ-effu
553 2605 647 2639 artis
668 2606 864 2641 invenitur.
924 2605 983 2641 Cf.
1007 2604 1042 2646 6,
1066 2616 1103 2648 2,
1127 2615 1191 2655 29.
1211 2616 1276 2651 50.
1315 2608 1487 2657 Apparet
1509 2625 1574 2646 au-

216 2658 372 2694 Ambire
393 2661 491 2694 enim
510 2659 618 2695 debet
628 2659 674 2709 se
692 2664 864 2697 extremi·
922 2671 1001 2697 tem
1013 2662 1122 2699 hunc
1142 2664 1335 2699 artificem
1350 2665 1575 2703 mirandum

216 2722 274 2752 cas
294 2713 375 2765 ipsa
397 2723 432 2751 ec
447 2716 506 2765 fic
517 2715 692 2766 definere,
715 2727 755 2753 uc
774 2732 861 2768 pro·
920 2717 1035 2755 fuiss'e
1066 2720 1110 2757 in
1139 2721 1351 2771 pingendis
1389 2722 1442 2760 iis
1476 2737 1575 2773 quae
