1779 3062
314 172 414 220 '160
618 171 717 216 vNI.
753 172 887 216 FAB.
927 173 1344 233 QUINTILIANI

316 315 373 346 ac
405 295 588 346 refecti
622 298 903 354 Venimus,
971 299 1237 363 optimum
1271 297 1453 346 secreti
1484 313 1665 363 genus.

242 389 292 427 28
321 374 420 423 Sed
456 373 726 423 silentium
765 385 815 421 et
845 372 1090 432 secessus,
1151 385 1201 422 et
1243 375 1486 440 undique
1532 370 1668 422 liber

315 453 551 509 animus,
608 462 667 499 ut
702 450 824 500 sunt
860 453 1086 498 maxime
1131 452 1388 516 optanda,
1451 453 1522 499 ita
1555 467 1669 498 non

315 527 520 593 semper
570 526 782 594 possunt
846 531 1190 593 contingere:
1269 528 1501 592 ideoque
1557 543 1669 575 no-:n

315 603 510 664 statim,
561 604 766 668 siquid
804 604 1089 670 obstrepet,
1129 604 1411 665 abjiciendi
1458 603 1666 653 codices

314 694 500 740 erunt,
541 692 591 730 et
628 682 989 747 deplorandus
1033 682 1174 731 dies:
1237 699 1428 730 verum
1464 682 1669 729 incom-

311 760 487 809 modis
519 759 956 826 repugnandum,
1020 770 1070 806 et
1102 760 1189 806 hic
1218 757 1494 807 faciendus
1525 756 1668 815 usus,

311 847 373 885 ut
415 838 625 894 omnia,
663 853 798 900 quae
834 836 1154 901 impedient,
1217 837 1393 885 vincat
1422 836 1666 883 intentio.

312 931 473 978 quam
505 912 548 961 si
583 924 691 962 tota
728 925 905 961 mente
935 915 994 960 in
1031 930 1166 978 opus
1190 911 1363 978 ipsum
1398 912 1668 968 direxeris,

311 990 452 1037 nihil
488 1007 702 1046 eorum,
743 1006 879 1052 quae
915 991 1084 1038 oculis
1122 990 1210 1037 vel
1248 991 1467 1038 auribus
1487 991 1670 1047 incur-5

236 1079 288 1119 29
314 1064 449 1122 sant,
497 1066 561 1114 ad
615 1067 855 1114 animum
901 1068 1192 1132 perveniet.
1274 1070 1356 1114 An
1402 1083 1532 1115 vero
1563 1064 1668 1113 fre-

308 1153 534 1208 quenter
577 1144 734 1190 etiam
767 1141 987 1191 fortuita
1027 1143 1130 1192 hoc
1162 1144 1410 1206 cogitatio
1432 1141 1667 1207 praestat,

308 1229 370 1268 ut
393 1220 583 1268 obvios
606 1237 717 1268 non
741 1219 1034 1277 videamus,
1047 1231 1097 1267 et
1120 1222 1309 1267 itinere
1333 1219 1665 1266 deerremus:

308 1314 421 1346 non
457 1295 846 1360 consequemur
876 1296 1051 1354 idem,
1125 1295 1167 1344 si
1196 1307 1260 1344 et.
1296 1295 1666 1345 voluerimus?

400 1456 462 1494 28.
495 1449 648 1498 utsunt.
682 1450 814 1484 Turic.
849 1452 886 1494 (a
907 1450 972 1484 sec.
994 1450 1065 1493 m.)
1101 1450 1232 1497 Camp.
1267 1447 1406 1498 quaes.

395 1508 448 1541 ica
470 1520 555 1542 non.
590 1506 722 1541 Turio.
746 1506 848 1541 Flor.
875 1507 1004 1553 Camp.
1028 1521 1062 1539 η.
1091 1508 1113 1539 ἰ.
1138 1505 1251 1541 male.
1450 1505 1666 1552 impedient.

304 1564 367 1597 Sic
400 1563 531 1596 Turie-
568 1562 672 1597 Flor.
709 1561 835 1596 Guelf.
871 1563 1002 1610 Camp.
1037 1563 1135 1599 Jens.
1170 1566 1256 1603 (tac.
1293 1561 1422 1605 Gesn.)
1457 1574 1543 1596 cum
1577 1560 1663 1596 edd.

303 1629 390 1653 ante
425 1618 575 1665 Gryph.
608 1631 687 1653 exc.
723 1618 817 1653 Bad.
848 1618 1008 1665 Reliqui
1040 1619 1256 1665 impediunt.
1287 1620 1348 1652 Ex
1363 1617 1463 1652 Alm.
1495 1617 1600 1654 Voss.
1631 1631 1663 1652 1.

303 1675 468 1709 afferunt
489 1675 711 1721 impediant.

394 1742 458 1777 29.
492 1732 553 1765 An
576 1744 673 1766 vero.
711 1732 843 1766 Tui-ic.
872 1732 910 1775 (a
936 1731 1007 1768 sec.
1033 1732 1104 1774 m.)
1137 1730 1190 1765 Ac
1211 1745 1244 1765 v.
1268 1729 1355 1764 Ald.
1380 1728 1489 1764 Bafil.
1513 1728 1665 1776 Gryph-

307 1787 471 1832 (1536.)
504 1787 564 1820 Aa
598 1801 683 1827 non,
717 1788 897 1822 suadente
925 1787 1063 1835 Regio.
1096 1787 1168 1821 Sed
1200 1786 1283 1834 post
1313 1799 1396 1821 vero
1429 1785 1605 1819 inserunt
1627 1783 1666 1832 si

306 1843 459 1891 Gryph.
503 1844 663 1886 (1544.)
706 1843 837 1892 Steph.
1114 1842 1329 1892 frequenter
1360 1844 1487 1877 etiam.
1530 1842 1659 1877 Turio.

308 1901 347 1945 (a
368 1901 434 1934 sec.
457 1901 530 1942 m.)
565 1899 599 1946 f.
624 1909 660 1933 ec
683 1914 713 1934 e.
760 1901 892 1948 Camp.
933 1899 967 1946 f.
996 1915 1038 1935 ac
1061 1914 1090 1935 e.
1133 1900 1180 1934 cf.
1206 1906 1240 1941 5,
1274 1910 1308 1938 2,
1344 1908 1381 1942 5.

385 1955 561 2003 fortuita.
594 1957 725 1991 Turio.
754 1956 857 1992 Flor.
888 1957 970 2000 (hic
997 1971 1016 1990 a
1037 1970 1096 2004 pr.
1120 1965 1190 1994 m.)
1216 1954 1398 2001 fortuitu.

393 2012 460 2046 hoc
507 2015 701 2059 cogitatio.
765 2013 881 2049 Goth.
916 2013 1014 2050 Jens.
1047 2013 1138 2061 (tac.
1171 2011 1298 2055 Gesn.)
1340 2012 1472 2059 Camp.
1513 2011 1602 2046 haec
1631 2025 1659 2045 e.

306 2083 396 2105 cum
435 2068 520 2103 edd.
555 2079 639 2102 ante
663 2070 754 2103 ssad.
778 2069 889 2104 male.
1126 2071 1255 2102 itinere
1281 2068 1495 2103 cle-erremus.
1528 2067 1661 2111 Turio-

303 2125 408 2161 Flor.
459 2127 514 2160 ita
545 2138 701 2159 erremus
739 2139 825 2160 cum
847 2125 949 2161 Alm.
1009 2127 1042 2160 A
1066 2126 1133 2159 sec.
1167 2137 1282 2158 manu
1316 2124 1446 2157 Turic.
1480 2126 1533 2158 ita
1563 2138 1660 2157 erra-

304 2195 394 2216 mus.
429 2180 557 2217 Guelf.
589 2183 641 2215 ita
663 2196 707 2215 ne
726 2195 756 2217 e.
791 2195 880 2217 cum
900 2182 1004 2220 Voff.
1027 2190 1064 2224 5.
1095 2183 1208 2216 Bern.
1240 2179 1312 2213 nifi
1341 2179 1447 2226 quod
1467 2178 1510 2214 hi
1528 2179 1657 2225 juncta

364 2322 428 2359 28.
461 2315 612 2350 codices.
654 2311 769 2347 Plane
798 2327 871 2363 pro
899 2329 956 2350 co·
1014 2314 1079 2348 bur
1104 2312 1292 2360 faciendis
1343 2314 1376 2358 §-
1407 2320 1444 2355 5.
1480 2310 1660 2359 facienda

304 2372 452 2411 dicastis,
484 2369 741 2418 pugillar-ilaus,
762 2371 808 2405 cf.
833 2374 865 2417 §.
889 2380 953 2414 52,
1004 2370 1135 2417 forma
1162 2383 1222 2408 10,
1255 2368 1291 2408 6,
1326 2377 1362 2411 5.

303 2427 433 2476 quales
458 2428 542 2461 sunt
567 2427 667 2474 apud
690 2426 861 2462 Plinium
883 2426 953 2462 l.c.
1070 2437 1133 2474 29.
1164 2427 1225 2460 An
1254 2438 1340 2460 vero
1361 2444 1416 2451 —-
1436 2438 1509 2460 non
1536 2422 1656 2472 conse-

301 2485 551 2518 instrumenta
572 2482 717 2518 laboris
754 2495 952 2531 extempo-
1010 2498 1168 2532 quemur.
1203 2482 1247 2517 cf.
1278 2481 1320 2520 6,
1361 2492 1403 2521 2,
1445 2490 1511 2524 50.
1560 2480 1656 2514 item

302 2539 406 2576 ralis.
1008 2541 1087 2576 Cic.
1126 2552 1198 2587 pro
1231 2537 1391 2573 Rabirio
1420 2537 1527 2586 perd.
1560 2548 1590 2570 c.
1617 2544 1652 2579 5.

1006 2598 1094 2638 „An
1126 2609 1220 2631 vero
1257 2596 1384 2629 servos
1417 2593 1566 2628 nostros
1598 2610 1654 2618 —

353 2651 552 2699 faciendus
571 2651 806 2701 usus.Simili
827 2652 947 2687 modo
1005 2665 1103 2692 „nos
1154 2665 1279 2700 neque
1329 2670 1384 2678 --
1426 2662 1550 2698 neque
1599 2668 1654 2675 -

300 2707 364 2743 hie
382 2707 509 2756 facere
541 2709 695 2749 dicitur,
725 2720 767 2744 ut
792 2709 833 2743 in
863 2710 948 2743 viri-
1005 2714 1198 2757 „neque.“
