<?xml version="1.0" encoding="UTF-8"?>
<!DOCTYPE html PUBLIC "-//W3C//DTD XHTML 1.0 Transitional//EN"
    "http://www.w3.org/TR/xhtml1/DTD/xhtml1-transitional.dtd">
<html xmlns="http://www.w3.org/1999/xhtml" xml:lang="en" lang="en">
 <head>
  <title>
</title>
<meta http-equiv="Content-Type" content="text/html;charset=utf-8" />
  <meta name='ocr-system' content='tesseract 3.04.00' />
  <meta name='ocr-capabilities' content='ocr_page ocr_carea ocr_par ocr_line ocrx_word'/>
</head>
<body>
  <div class='ocr_page' id='page_1' title='image "./deinstitutioneor04quinuoft_0218.png"; bbox 0 0 1779 3062; ppageno 0'>
   <div class='ocr_carea' id='block_1_1' title="bbox 205 183 1229 245">
    <p class='ocr_par' dir='ltr' id='par_1_1' title="bbox 205 183 1229 245">
     <span class='ocr_line' id='line_1_1' title="bbox 205 183 1229 245; baseline -0.003 -14"><span class='ocrx_word' id='word_1_1' title='bbox 205 197 297 245; x_wconf 85' lang='lat'>192</span> <span class='ocrx_word' id='word_1_2' title='bbox 525 183 601 229; x_wconf 87' lang='lat' dir='ltr'>M.</span> <span class='ocrx_word' id='word_1_3' title='bbox 639 183 774 228; x_wconf 71' lang='lat' dir='ltr'><strong>FAB.</strong></span> <span class='ocrx_word' id='word_1_4' title='bbox 813 184 1229 245; x_wconf 83' lang='lat' dir='ltr'>QU1NT1L1AN1</span> 
     </span>
    </p>
   </div>
   <div class='ocr_carea' id='block_1_2' title="bbox 153 309 1636 1144">
    <p class='ocr_par' dir='ltr' id='par_1_2' title="bbox 153 309 1636 1144">
     <span class='ocr_line' id='line_1_2' title="bbox 200 309 1636 377; baseline -0.001 -14"><span class='ocrx_word' id='word_1_5' title='bbox 200 323 263 363; x_wconf 90' lang='lat' dir='ltr'>ut</span> <span class='ocrx_word' id='word_1_6' title='bbox 294 328 393 362; x_wconf 82' lang='lat' dir='ltr'>nos</span> <span class='ocrx_word' id='word_1_7' title='bbox 426 309 645 361; x_wconf 86' lang='lat' dir='ltr'>fortuna</span> <span class='ocrx_word' id='word_1_8' title='bbox 672 309 913 376; x_wconf 81' lang='lat' dir='ltr'>decipere</span> <span class='ocrx_word' id='word_1_9' title='bbox 938 329 1049 361; x_wconf 90' lang='lat' dir='ltr'>non</span> <span class='ocrx_word' id='word_1_10' title='bbox 1084 310 1246 377; x_wconf 70' lang='lat' dir='ltr'>ponit,</span> <span class='ocrx_word' id='word_1_11' title='bbox 1293 309 1636 371; x_wconf 72' lang='lat' dir='ltr'>adjuvare949</span> 
     </span>
     <span class='ocr_line' id='line_1_3' title="bbox 200 386 1547 455; baseline -0.002 -18"><span class='ocrx_word' id='word_1_12' title='bbox 200 387 361 455; x_wconf 88' lang='lat' dir='ltr'>poffit.</span> <span class='ocrx_word' id='word_1_13' title='bbox 441 388 503 436; x_wconf 89' lang='lat' dir='ltr'>Id</span> <span class='ocrx_word' id='word_1_14' title='bbox 537 398 713 436; x_wconf 87' lang='lat' dir='ltr'>autem</span> <span class='ocrx_word' id='word_1_15' title='bbox 740 386 836 436; x_wconf 82' lang='lat' dir='ltr'>fiet</span> <span class='ocrx_word' id='word_1_16' title='bbox 864 390 1150 437; x_wconf 83' lang='lat' dir='ltr'>memoriae</span> <span class='ocrx_word' id='word_1_17' title='bbox 1193 388 1426 444; x_wconf 81' lang='lat' dir='ltr'>viribus,</span> <span class='ocrx_word' id='word_1_18' title='bbox 1485 397 1547 435; x_wconf 88' lang='lat' dir='ltr'>ut</span> 
     </span>
     <span class='ocr_line' id='line_1_4' title="bbox 200 463 1547 531; baseline -0.004 -16"><span class='ocrx_word' id='word_1_19' title='bbox 200 467 309 523; x_wconf 85' lang='lat' dir='ltr'>illa,</span> <span class='ocrx_word' id='word_1_20' title='bbox 325 482 461 531; x_wconf 85' lang='lat' dir='ltr'>quae</span> <span class='ocrx_word' id='word_1_21' title='bbox 483 466 744 531; x_wconf 85' lang='lat' dir='ltr'>complexi</span> <span class='ocrx_word' id='word_1_22' title='bbox 765 466 941 514; x_wconf 83' lang='lat' dir='ltr'>animo</span> <span class='ocrx_word' id='word_1_23' title='bbox 961 463 1334 521; x_wconf 84' lang='lat' dir='ltr'>sumus‚fluant</span> <span class='ocrx_word' id='word_1_24' title='bbox 1351 463 1547 522; x_wconf 80' lang='lat' dir='ltr'>secura,</span> 
     </span>
     <span class='ocr_line' id='line_1_5' title="bbox 197 539 1546 607; baseline -0.003 -15"><span class='ocrx_word' id='word_1_25' title='bbox 197 560 313 592; x_wconf 85' lang='lat' dir='ltr'>non</span> <span class='ocrx_word' id='word_1_26' title='bbox 357 541 609 591; x_wconf 83' lang='lat' dir='ltr'>sollicitos</span> <span class='ocrx_word' id='word_1_27' title='bbox 664 551 717 590; x_wconf 83' lang='lat' dir='ltr'>et</span> <span class='ocrx_word' id='word_1_28' title='bbox 766 541 1130 607; x_wconf 79' lang='lat' dir='ltr'>respicientes,</span> <span class='ocrx_word' id='word_1_29' title='bbox 1207 551 1259 588; x_wconf 90' lang='lat' dir='ltr'>et</span> <span class='ocrx_word' id='word_1_30' title='bbox 1305 557 1411 588; x_wconf 88' lang='lat' dir='ltr'>una</span> <span class='ocrx_word' id='word_1_31' title='bbox 1458 539 1546 605; x_wconf 80' lang='lat' dir='ltr'>spe</span> 
     </span>
     <span class='ocr_line' id='line_1_6' title="bbox 201 615 1550 684; baseline -0.004 -16"><span class='ocrx_word' id='word_1_32' title='bbox 201 617 474 684; x_wconf 79' lang='lat' dir='ltr'>suspensos</span> <span class='ocrx_word' id='word_1_33' title='bbox 522 618 935 676; x_wconf 85' lang='lat' dir='ltr'>recordationis,</span> <span class='ocrx_word' id='word_1_34' title='bbox 996 634 1107 665; x_wconf 89' lang='lat' dir='ltr'>non</span> <span class='ocrx_word' id='word_1_35' title='bbox 1153 615 1325 664; x_wconf 80' lang='lat' dir='ltr'>sinant</span> <span class='ocrx_word' id='word_1_36' title='bbox 1364 617 1550 681; x_wconf 84' lang='lat' dir='ltr'>provi-</span> 
     </span>
     <span class='ocr_line' id='line_1_7' title="bbox 203 694 1548 761; baseline -0.002 -16"><span class='ocrx_word' id='word_1_37' title='bbox 203 695 357 745; x_wconf 87' lang='lat' dir='ltr'>dere:</span> <span class='ocrx_word' id='word_1_38' title='bbox 402 697 606 761; x_wconf 89' lang='lat' dir='ltr'>alioqui</span> <span class='ocrx_word' id='word_1_39' title='bbox 637 696 725 744; x_wconf 84' lang='lat' dir='ltr'>vel</span> <span class='ocrx_word' id='word_1_40' title='bbox 756 695 1163 760; x_wconf 80' lang='lat' dir='ltr'>extemporalem</span> <span class='ocrx_word' id='word_1_41' title='bbox 1201 694 1548 742; x_wconf 86' lang='lat' dir='ltr'>temeritatem</span> 
     </span>
     <span class='ocr_line' id='line_1_8' title="bbox 201 770 1546 838; baseline -0.003 -16"><span class='ocrx_word' id='word_1_42' title='bbox 201 774 359 830; x_wconf 85' lang='lat' dir='ltr'>malo,</span> <span class='ocrx_word' id='word_1_43' title='bbox 399 790 558 838; x_wconf 84' lang='lat' dir='ltr'>quam</span> <span class='ocrx_word' id='word_1_44' title='bbox 587 773 723 821; x_wconf 82' lang='lat' dir='ltr'>male</span> <span class='ocrx_word' id='word_1_45' title='bbox 758 773 1124 821; x_wconf 84' lang='lat' dir='ltr'>cohaerentem</span> <span class='ocrx_word' id='word_1_46' title='bbox 1158 770 1546 835; x_wconf 81' lang='lat' dir='ltr'>cogitationem.</span> 
     </span>
     <span class='ocr_line' id='line_1_9' title="bbox 153 846 1550 914; baseline -0.005 -14"><span class='ocrx_word' id='word_1_47' title='bbox 153 867 177 902; x_wconf 92' lang='lat'><em>7</em></span> <span class='ocrx_word' id='word_1_48' title='bbox 201 852 354 910; x_wconf 78' lang='lat' dir='ltr'>Pejus</span> <span class='ocrx_word' id='word_1_49' title='bbox 390 851 534 898; x_wconf 86' lang='lat' dir='ltr'>enim</span> <span class='ocrx_word' id='word_1_50' title='bbox 571 850 845 914; x_wconf 85' lang='lat' dir='ltr'>quaeritur</span> <span class='ocrx_word' id='word_1_51' title='bbox 893 846 1173 905; x_wconf 81' lang='lat' dir='ltr'>retrorsus,</span> <span class='ocrx_word' id='word_1_52' title='bbox 1256 847 1381 911; x_wconf 86' lang='lat' dir='ltr'>quia</span> <span class='ocrx_word' id='word_1_53' title='bbox 1415 846 1550 894; x_wconf 86' lang='lat' dir='ltr'>dum</span> 
     </span>
     <span class='ocr_line' id='line_1_10' title="bbox 198 925 1550 984; baseline -0.003 -9"><span class='ocrx_word' id='word_1_54' title='bbox 198 927 290 976; x_wconf 87' lang='lat' dir='ltr'>illa</span> <span class='ocrx_word' id='word_1_55' title='bbox 319 925 699 984; x_wconf 81' lang='lat' dir='ltr'>desideramus,</span> <span class='ocrx_word' id='word_1_56' title='bbox 754 926 816 974; x_wconf 87' lang='lat' dir='ltr'>ab</span> <span class='ocrx_word' id='word_1_57' title='bbox 860 926 975 973; x_wconf 84' lang='lat' dir='ltr'>aliis</span> <span class='ocrx_word' id='word_1_58' title='bbox 1016 926 1336 972; x_wconf 80' lang='lat' dir='ltr'>avertimur:</span> <span class='ocrx_word' id='word_1_59' title='bbox 1397 933 1448 971; x_wconf 92' lang='lat' dir='ltr'>et</span> <span class='ocrx_word' id='word_1_60' title='bbox 1482 939 1550 972; x_wconf 85' lang='lat' dir='ltr'>ex</span> 
     </span>
     <span class='ocr_line' id='line_1_11' title="bbox 198 1001 1545 1068; baseline -0.004 -16"><span class='ocrx_word' id='word_1_61' title='bbox 198 1005 455 1052; x_wconf 88' lang='lat' dir='ltr'>memoria</span> <span class='ocrx_word' id='word_1_62' title='bbox 481 1005 664 1068; x_wconf 87' lang='lat' dir='ltr'>potius</span> <span class='ocrx_word' id='word_1_63' title='bbox 691 1003 998 1068; x_wconf 79' lang='lat' dir='ltr'>repetimus,</span> <span class='ocrx_word' id='word_1_64' title='bbox 1038 1018 1196 1065; x_wconf 86' lang='lat' dir='ltr'>quam</span> <span class='ocrx_word' id='word_1_65' title='bbox 1227 1018 1290 1048; x_wconf 86' lang='lat' dir='ltr'>ex</span> <span class='ocrx_word' id='word_1_66' title='bbox 1312 1001 1545 1048; x_wconf 80' lang='lat' dir='ltr'>materia.</span> 
     </span>
     <span class='ocr_line' id='line_1_12' title="bbox 198 1076 1547 1144; baseline -0.004 -14"><span class='ocrx_word' id='word_1_67' title='bbox 198 1081 357 1130; x_wconf 86' lang='lat' dir='ltr'>Plura</span> <span class='ocrx_word' id='word_1_68' title='bbox 389 1079 511 1129; x_wconf 83' lang='lat' dir='ltr'>sunt</span> <span class='ocrx_word' id='word_1_69' title='bbox 544 1090 737 1137; x_wconf 86' lang='lat' dir='ltr'>autem,</span> <span class='ocrx_word' id='word_1_70' title='bbox 776 1077 826 1128; x_wconf 83' lang='lat' dir='ltr'>si-</span> <span class='ocrx_word' id='word_1_71' title='bbox 854 1089 1142 1144; x_wconf 86' lang='lat' dir='ltr'>utrumque</span> <span class='ocrx_word' id='word_1_72' title='bbox 1180 1076 1547 1144; x_wconf 82' lang='lat' dir='ltr'>quaerendum</span> 
     </span>
    </p>
   </div>
   <div class='ocr_carea' id='block_1_3' title="bbox 284 1267 1544 1374">
    <p class='ocr_par' dir='ltr' id='par_1_3' title="bbox 284 1267 1544 1374">
     <span class='ocr_line' id='line_1_13' title="bbox 284 1267 1285 1319; baseline -0.001 -14"><span class='ocrx_word' id='word_1_73' title='bbox 284 1270 464 1315; x_wconf 79' lang='lat' dir='ltr'>adjuvare</span> <span class='ocrx_word' id='word_1_74' title='bbox 481 1267 603 1319; x_wconf 73' lang='lat' dir='ltr'>poffit.</span> <span class='ocrx_word' id='word_1_75' title='bbox 636 1268 763 1306; x_wconf 83' lang='lat' dir='ltr'>Guelf.</span> <span class='ocrx_word' id='word_1_76' title='bbox 799 1269 972 1309; x_wconf 82' lang='lat' dir='ltr'>omittit,</span> <span class='ocrx_word' id='word_1_77' title='bbox 1004 1268 1117 1304; x_wconf 81' lang='lat' dir='ltr'>solito</span> <span class='ocrx_word' id='word_1_78' title='bbox 1141 1281 1285 1304; x_wconf 81' lang='lat' dir='ltr'>errore.</span> 
     </span>
     <span class='ocr_line' id='line_1_14' title="bbox 284 1321 1544 1374; baseline -0.001 -14"><span class='ocrx_word' id='word_1_79' title='bbox 284 1335 324 1361; x_wconf 75' lang='lat' dir='ltr'>ut</span> <span class='ocrx_word' id='word_1_80' title='bbox 347 1327 427 1361; x_wconf 85' lang='lat' dir='ltr'>illa.</span> <span class='ocrx_word' id='word_1_81' title='bbox 459 1328 591 1374; x_wconf 83' lang='lat' dir='ltr'>Camp.</span> <span class='ocrx_word' id='word_1_82' title='bbox 625 1341 659 1363; x_wconf 84' lang='lat' dir='ltr'>u.</span> <span class='ocrx_word' id='word_1_83' title='bbox 683 1340 726 1361; x_wconf 87' lang='lat' dir='ltr'>ea</span> <span class='ocrx_word' id='word_1_84' title='bbox 771 1338 858 1360; x_wconf 89' lang='lat' dir='ltr'>cum</span> <span class='ocrx_word' id='word_1_85' title='bbox 891 1325 1007 1360; x_wconf 91' lang='lat' dir='ltr'>Goth.</span> <span class='ocrx_word' id='word_1_86' title='bbox 1048 1335 1084 1360; x_wconf 86' lang='lat' dir='ltr'>et</span> <span class='ocrx_word' id='word_1_87' title='bbox 1116 1325 1200 1360; x_wconf 86' lang='lat' dir='ltr'>edd.</span> <span class='ocrx_word' id='word_1_88' title='bbox 1231 1334 1316 1359; x_wconf 86' lang='lat' dir='ltr'>ante</span> <span class='ocrx_word' id='word_1_89' title='bbox 1347 1321 1436 1358; x_wconf 75' lang='grc' dir='ltr'>ΑΜ.</span> <span class='ocrx_word' id='word_1_90' title='bbox 1468 1334 1544 1359; x_wconf 82' lang='lat' dir='ltr'>acc.</span> 
     </span>
    </p>
   </div>
   <div class='ocr_carea' id='block_1_4' title="bbox 197 1380 1546 1542">
    <p class='ocr_par' dir='ltr' id='par_1_4' title="bbox 197 1380 1546 1542">
     <span class='ocr_line' id='line_1_15' title="bbox 197 1380 1286 1430; baseline -0.002 -12"><span class='ocrx_word' id='word_1_91' title='bbox 197 1383 290 1419; x_wconf 79' lang='lat' dir='ltr'>Bad.</span> <span class='ocrx_word' id='word_1_92' title='bbox 323 1382 473 1430; x_wconf 81' lang='lat' dir='ltr'>Gryph.</span> <span class='ocrx_word' id='word_1_93' title='bbox 710 1382 903 1429; x_wconf 71' lang='lat' dir='ltr'>complexi.</span> <span class='ocrx_word' id='word_1_94' title='bbox 936 1382 1067 1416; x_wconf 79' lang='lat' dir='ltr'>Turic.</span> <span class='ocrx_word' id='word_1_95' title='bbox 1101 1380 1286 1428; x_wconf 85' lang='lat' dir='ltr'>compleri.</span> 
     </span>
     <span class='ocr_line' id='line_1_16' title="bbox 280 1435 1546 1487; baseline -0.001 -15"><span class='ocrx_word' id='word_1_96' title='bbox 280 1436 418 1487; x_wconf 80' lang='lat' dir='ltr'>sumus.</span> <span class='ocrx_word' id='word_1_97' title='bbox 457 1439 588 1474; x_wconf 87' lang='lat' dir='ltr'>Turic.</span> <span class='ocrx_word' id='word_1_98' title='bbox 628 1438 667 1484; x_wconf 84' lang='lat' dir='ltr'>(a</span> <span class='ocrx_word' id='word_1_99' title='bbox 684 1439 751 1474; x_wconf 86' lang='lat' dir='ltr'>see.</span> <span class='ocrx_word' id='word_1_100' title='bbox 774 1440 846 1483; x_wconf 88' lang='lat' dir='ltr'>m.)</span> <span class='ocrx_word' id='word_1_101' title='bbox 891 1436 1079 1487; x_wconf 84' lang='lat' dir='ltr'>sumimus.</span> <span class='ocrx_word' id='word_1_102' title='bbox 1124 1438 1257 1485; x_wconf 80' lang='lat' dir='ltr'>Camp.</span> <span class='ocrx_word' id='word_1_103' title='bbox 1289 1435 1406 1485; x_wconf 80' lang='lat' dir='ltr'>simus</span> <span class='ocrx_word' id='word_1_104' title='bbox 1456 1448 1546 1471; x_wconf 87' lang='lat' dir='ltr'>cum</span> 
     </span>
     <span class='ocr_line' id='line_1_17' title="bbox 197 1492 1461 1542; baseline -0.004 -10"><span class='ocrx_word' id='word_1_105' title='bbox 197 1496 316 1532; x_wconf 85' lang='lat' dir='ltr'>Goth.</span> <span class='ocrx_word' id='word_1_106' title='bbox 353 1505 390 1530; x_wconf 84' lang='lat' dir='ltr'>et</span> <span class='ocrx_word' id='word_1_107' title='bbox 413 1496 499 1530; x_wconf 84' lang='lat' dir='ltr'>edd.</span> <span class='ocrx_word' id='word_1_108' title='bbox 532 1506 617 1530; x_wconf 86' lang='lat' dir='ltr'>ante</span> <span class='ocrx_word' id='word_1_109' title='bbox 638 1494 750 1530; x_wconf 79' lang='lat' dir='ltr'>Basil.</span> <span class='ocrx_word' id='word_1_110' title='bbox 967 1493 1108 1542; x_wconf 83' lang='lat' dir='ltr'>secura.</span> <span class='ocrx_word' id='word_1_111' title='bbox 1152 1492 1269 1529; x_wconf 84' lang='lat' dir='ltr'>Goth.</span> <span class='ocrx_word' id='word_1_112' title='bbox 1302 1492 1461 1528; x_wconf 86' lang='lat' dir='ltr'>omittit.</span> 
     </span>
    </p>
   </div>
   <div class='ocr_carea' id='block_1_5' title="bbox 195 1547 1549 1713">
    <p class='ocr_par' dir='ltr' id='par_1_5' title="bbox 195 1547 1549 1713">
     <span class='ocr_line' id='line_1_18' title="bbox 285 1547 1548 1600; baseline -0.002 -14"><span class='ocrx_word' id='word_1_113' title='bbox 285 1565 358 1586; x_wconf 87' lang='lat' dir='ltr'>non</span> <span class='ocrx_word' id='word_1_114' title='bbox 372 1550 496 1600; x_wconf 84' lang='lat' dir='ltr'>sollic.</span> <span class='ocrx_word' id='word_1_115' title='bbox 527 1553 658 1587; x_wconf 80' lang='lat' dir='ltr'>Turio.</span> <span class='ocrx_word' id='word_1_116' title='bbox 693 1553 731 1596; x_wconf 81' lang='lat' dir='ltr'>(a</span> <span class='ocrx_word' id='word_1_117' title='bbox 752 1552 818 1586; x_wconf 85' lang='lat' dir='ltr'>sec.</span> <span class='ocrx_word' id='word_1_118' title='bbox 834 1552 905 1595; x_wconf 87' lang='lat' dir='ltr'>m.)</span> <span class='ocrx_word' id='word_1_119' title='bbox 938 1549 1047 1597; x_wconf 76' lang='lat' dir='ltr'>neos.</span> <span class='ocrx_word' id='word_1_120' title='bbox 1079 1549 1176 1588; x_wconf 87' lang='lat' dir='ltr'>Jens.</span> <span class='ocrx_word' id='word_1_121' title='bbox 1209 1547 1301 1598; x_wconf 87' lang='lat' dir='ltr'>nes.</span> <span class='ocrx_word' id='word_1_122' title='bbox 1344 1562 1434 1584; x_wconf 88' lang='lat' dir='ltr'>cum</span> <span class='ocrx_word' id='word_1_123' title='bbox 1462 1548 1548 1586; x_wconf 85' lang='lat' dir='ltr'>edd.</span> 
     </span>
     <span class='ocr_line' id='line_1_19' title="bbox 195 1605 1240 1659; baseline -0.005 -14"><span class='ocrx_word' id='word_1_124' title='bbox 195 1609 355 1659; x_wconf 82' lang='lat' dir='ltr'>posterr.</span> <span class='ocrx_word' id='word_1_125' title='bbox 375 1618 460 1642; x_wconf 86' lang='lat' dir='ltr'>ante</span> <span class='ocrx_word' id='word_1_126' title='bbox 481 1607 592 1642; x_wconf 77' lang='lat' dir='ltr'>Leid.</span> <span class='ocrx_word' id='word_1_127' title='bbox 617 1622 696 1643; x_wconf 82' lang='lat' dir='ltr'>exc.</span> <span class='ocrx_word' id='word_1_128' title='bbox 719 1606 829 1643; x_wconf 77' lang='lat' dir='ltr'>Bafil.</span> <span class='ocrx_word' id='word_1_129' title='bbox 853 1620 926 1642; x_wconf 85' lang='lat' dir='ltr'>acc.</span> <span class='ocrx_word' id='word_1_130' title='bbox 951 1605 1054 1640; x_wconf 80' lang='lat' dir='ltr'>Rou.</span> <span class='ocrx_word' id='word_1_131' title='bbox 1078 1607 1240 1654; x_wconf 86' lang='lat' dir='ltr'>Capper.</span> 
     </span>
     <span class='ocr_line' id='line_1_20' title="bbox 278 1659 1549 1713; baseline -0.002 -14"><span class='ocrx_word' id='word_1_132' title='bbox 278 1663 460 1713; x_wconf 78' lang='lat' dir='ltr'>sollicitos</span> <span class='ocrx_word' id='word_1_133' title='bbox 493 1672 539 1698; x_wconf 75' lang='lat' dir='ltr'>et.</span> <span class='ocrx_word' id='word_1_134' title='bbox 572 1665 703 1699; x_wconf 74' lang='lat' dir='ltr'>Tui-ic.</span> <span class='ocrx_word' id='word_1_135' title='bbox 734 1662 837 1698; x_wconf 79' lang='lat' dir='ltr'>Flor.</span> <span class='ocrx_word' id='word_1_136' title='bbox 859 1662 1025 1712; x_wconf 77' lang='lat' dir='ltr'>sollicito</span> <span class='ocrx_word' id='word_1_137' title='bbox 1051 1661 1119 1712; x_wconf 87' lang='lat' dir='ltr'>sic.</span> <span class='ocrx_word' id='word_1_138' title='bbox 1160 1661 1233 1697; x_wconf 81' lang='lat' dir='ltr'>Ille</span> <span class='ocrx_word' id='word_1_139' title='bbox 1258 1675 1277 1696; x_wconf 85' lang='lat' dir='ltr'>a</span> <span class='ocrx_word' id='word_1_140' title='bbox 1298 1662 1367 1698; x_wconf 82' lang='lat' dir='ltr'>sec.</span> <span class='ocrx_word' id='word_1_141' title='bbox 1390 1676 1443 1697; x_wconf 89' lang='lat' dir='ltr'>m.</span> <span class='ocrx_word' id='word_1_142' title='bbox 1467 1659 1549 1710; x_wconf 85' lang='lat' dir='ltr'>sol·</span> 
     </span>
    </p>
   </div>
   <div class='ocr_carea' id='block_1_6' title="bbox 194 1718 710 1768">
    <p class='ocr_par' dir='ltr' id='par_1_6' title="bbox 194 1718 710 1768">
     <span class='ocr_line' id='line_1_21' title="bbox 194 1718 710 1768; baseline -0.002 -11"><span class='ocrx_word' id='word_1_143' title='bbox 194 1718 403 1768; x_wconf 83' lang='lat' dir='ltr'>licitossic,</span> <span class='ocrx_word' id='word_1_144' title='bbox 434 1719 500 1755; x_wconf 85' lang='lat' dir='ltr'>hic</span> <span class='ocrx_word' id='word_1_145' title='bbox 525 1721 710 1756; x_wconf 83' lang='lat' dir='ltr'>nostrum.</span> 
     </span>
    </p>
   </div>
   <div class='ocr_carea' id='block_1_7' title="bbox 186 1801 1601 2256">
    <p class='ocr_par' dir='ltr' id='par_1_7' title="bbox 186 1801 1601 2256">
     <span class='ocr_line' id='line_1_22' title="bbox 283 1801 1547 1857; baseline -0.005 -9"><span class='ocrx_word' id='word_1_146' title='bbox 283 1821 321 1854; x_wconf 93' lang='lat'>7.</span> <span class='ocrx_word' id='word_1_147' title='bbox 353 1810 439 1845; x_wconf 81' lang='lat' dir='ltr'>dum</span> <span class='ocrx_word' id='word_1_148' title='bbox 462 1811 540 1845; x_wconf 88' lang='lat' dir='ltr'>illa.</span> <span class='ocrx_word' id='word_1_149' title='bbox 571 1811 634 1845; x_wconf 88' lang='lat' dir='ltr'>Sic</span> <span class='ocrx_word' id='word_1_150' title='bbox 668 1811 800 1847; x_wconf 85' lang='lat' dir='ltr'>Turic.</span> <span class='ocrx_word' id='word_1_151' title='bbox 833 1810 938 1846; x_wconf 72' lang='lat' dir='ltr'>flor.</span> <span class='ocrx_word' id='word_1_152' title='bbox 975 1811 1107 1857; x_wconf 77' lang='lat' dir='ltr'>Camp.</span> <span class='ocrx_word' id='word_1_153' title='bbox 1135 1821 1223 1843; x_wconf 88' lang='lat' dir='ltr'>cum</span> <span class='ocrx_word' id='word_1_154' title='bbox 1253 1801 1356 1843; x_wconf 75' lang='lat' dir='ltr'>Alm.</span> <span class='ocrx_word' id='word_1_155' title='bbox 1385 1807 1547 1855; x_wconf 86' lang='lat' dir='ltr'>Reliqui</span> 
     </span>
     <span class='ocr_line' id='line_1_23' title="bbox 194 1865 1545 1914; baseline -0.005 -9"><span class='ocrx_word' id='word_1_156' title='bbox 194 1883 274 1905; x_wconf 83' lang='lat' dir='ltr'>cum</span> <span class='ocrx_word' id='word_1_157' title='bbox 294 1870 318 1902; x_wconf 84' lang='lat' dir='ltr'>i.</span> <span class='ocrx_word' id='word_1_158' title='bbox 363 1867 410 1903; x_wconf 84' lang='lat' dir='ltr'>cf.</span> <span class='ocrx_word' id='word_1_159' title='bbox 437 1880 510 1907; x_wconf 85' lang='lat'>11,</span> <span class='ocrx_word' id='word_1_160' title='bbox 544 1875 591 1910; x_wconf 82' lang='lat'>5,</span> <span class='ocrx_word' id='word_1_161' title='bbox 623 1872 689 1914; x_wconf 82' lang='grc'>48.</span> <span class='ocrx_word' id='word_1_162' title='bbox 954 1869 1166 1914; x_wconf 79' lang='lat' dir='ltr'>repetimus.</span> <span class='ocrx_word' id='word_1_163' title='bbox 1198 1865 1301 1900; x_wconf 83' lang='lat' dir='ltr'>Flor.</span> <span class='ocrx_word' id='word_1_164' title='bbox 1334 1867 1372 1909; x_wconf 81' lang='lat' dir='ltr'>(a</span> <span class='ocrx_word' id='word_1_165' title='bbox 1391 1877 1450 1912; x_wconf 85' lang='lat' dir='ltr'>pr.</span> <span class='ocrx_word' id='word_1_166' title='bbox 1473 1867 1545 1907; x_wconf 88' lang='lat' dir='ltr'>m.)</span> 
     </span>
     <span class='ocr_line' id='line_1_24' title="bbox 195 1919 1601 1974; baseline -0.004 -13"><span class='ocrx_word' id='word_1_167' title='bbox 195 1924 426 1974; x_wconf 76' lang='lat' dir='ltr'>respectibuS.</span> <span class='ocrx_word' id='word_1_168' title='bbox 463 1924 569 1961; x_wconf 84' lang='lat' dir='ltr'>Voff.</span> <span class='ocrx_word' id='word_1_169' title='bbox 598 1932 635 1967; x_wconf 78' lang='lat'>5.</span> <span class='ocrx_word' id='word_1_170' title='bbox 670 1924 767 1960; x_wconf 84' lang='lat' dir='ltr'>Obr.</span> <span class='ocrx_word' id='word_1_171' title='bbox 807 1936 864 1958; x_wconf 80' lang='lat' dir='ltr'>res</span> <span class='ocrx_word' id='word_1_172' title='bbox 884 1926 1051 1971; x_wconf 73' lang='lat' dir='ltr'>petimus.</span> <span class='ocrx_word' id='word_1_173' title='bbox 1279 1919 1316 1969; x_wconf 90' lang='lat' dir='ltr'>si</span> <span class='ocrx_word' id='word_1_174' title='bbox 1341 1930 1544 1969; x_wconf 81' lang='lat' dir='ltr'>utrumque.</span> <span class='ocrx_word' id='word_1_175' title='bbox 1593 1937 1601 1942; x_wconf 92' lang='lat'><em>·</em></span> 
     </span>
     <span class='ocr_line' id='line_1_25' title="bbox 194 1974 1545 2028; baseline -0.004 -12"><span class='ocrx_word' id='word_1_176' title='bbox 194 1981 328 2016; x_wconf 81' lang='lat' dir='ltr'>Turio.</span> <span class='ocrx_word' id='word_1_177' title='bbox 351 1979 456 2015; x_wconf 87' lang='lat' dir='ltr'>Flor.</span> <span class='ocrx_word' id='word_1_178' title='bbox 492 1977 651 2027; x_wconf 81' lang='lat' dir='ltr'>strutius</span> <span class='ocrx_word' id='word_1_179' title='bbox 682 1991 881 2028; x_wconf 79' lang='lat' dir='ltr'>utrumque.</span> <span class='ocrx_word' id='word_1_180' title='bbox 914 1978 987 2013; x_wconf 85' lang='lat' dir='ltr'>Ille</span> <span class='ocrx_word' id='word_1_181' title='bbox 1012 1993 1030 2013; x_wconf 85' lang='lat' dir='ltr'>a</span> <span class='ocrx_word' id='word_1_182' title='bbox 1056 1979 1123 2013; x_wconf 85' lang='lat' dir='ltr'>sec.</span> <span class='ocrx_word' id='word_1_183' title='bbox 1145 1991 1198 2014; x_wconf 89' lang='lat' dir='ltr'>m.</span> <span class='ocrx_word' id='word_1_184' title='bbox 1231 1974 1474 2026; x_wconf 74' lang='lat' dir='ltr'>seclstrictius</span> <span class='ocrx_word' id='word_1_185' title='bbox 1494 1991 1545 2017; x_wconf 82' lang='lat' dir='ltr'>u.,</span> 
     </span>
     <span class='ocr_line' id='line_1_26' title="bbox 194 2032 1547 2085; baseline -0.004 -13"><span class='ocrx_word' id='word_1_186' title='bbox 194 2036 262 2073; x_wconf 83' lang='lat' dir='ltr'>hic</span> <span class='ocrx_word' id='word_1_187' title='bbox 282 2036 468 2073; x_wconf 84' lang='lat' dir='ltr'>nostrum.</span> <span class='ocrx_word' id='word_1_188' title='bbox 482 2037 614 2084; x_wconf 84' lang='lat' dir='ltr'>Camp.</span> <span class='ocrx_word' id='word_1_189' title='bbox 639 2035 676 2085; x_wconf 90' lang='lat' dir='ltr'>si</span> <span class='ocrx_word' id='word_1_190' title='bbox 688 2035 853 2084; x_wconf 72' lang='lat' dir='ltr'>strictius</span> <span class='ocrx_word' id='word_1_191' title='bbox 875 2052 908 2071; x_wconf 86' lang='lat' dir='ltr'>u.</span> <span class='ocrx_word' id='word_1_192' title='bbox 942 2049 1029 2070; x_wconf 89' lang='lat' dir='ltr'>cum</span> <span class='ocrx_word' id='word_1_193' title='bbox 1054 2035 1137 2070; x_wconf 85' lang='lat' dir='ltr'>edd.</span> <span class='ocrx_word' id='word_1_194' title='bbox 1161 2046 1246 2069; x_wconf 84' lang='lat' dir='ltr'>ante</span> <span class='ocrx_word' id='word_1_195' title='bbox 1267 2033 1359 2069; x_wconf 82' lang='lat' dir='ltr'>Bad.</span> <span class='ocrx_word' id='word_1_196' title='bbox 1383 2032 1547 2080; x_wconf 80' lang='lat' dir='ltr'>Aliquid</span> 
     </span>
     <span class='ocr_line' id='line_1_27' title="bbox 194 2088 1544 2139; baseline -0.003 -11"><span class='ocrx_word' id='word_1_197' title='bbox 194 2093 350 2129; x_wconf 79' lang='lat' dir='ltr'>turbare</span> <span class='ocrx_word' id='word_1_198' title='bbox 383 2092 530 2127; x_wconf 82' lang='lat' dir='ltr'>dicitur</span> <span class='ocrx_word' id='word_1_199' title='bbox 551 2092 650 2128; x_wconf 87' lang='lat' dir='ltr'>Alm.</span> <span class='ocrx_word' id='word_1_200' title='bbox 671 2093 860 2128; x_wconf 79' lang='lat' dir='ltr'>Emendat</span> <span class='ocrx_word' id='word_1_201' title='bbox 881 2095 1015 2127; x_wconf 77' lang='lat' dir='ltr'>Burni.</span> <span class='ocrx_word' id='word_1_202' title='bbox 1042 2090 1079 2139; x_wconf 87' lang='lat' dir='ltr'>si</span> <span class='ocrx_word' id='word_1_203' title='bbox 1108 2100 1231 2125; x_wconf 71' lang='lat' dir='ltr'>utrum</span> <span class='ocrx_word' id='word_1_204' title='bbox 1266 2092 1409 2129; x_wconf 76' lang='lat' dir='ltr'>rectius,</span> <span class='ocrx_word' id='word_1_205' title='bbox 1434 2088 1544 2125; x_wconf 77' lang='lat' dir='ltr'>Gesn-</span> 
     </span>
     <span class='ocr_line' id='line_1_28' title="bbox 186 2145 1544 2199; baseline -0.004 -15"><span class='ocrx_word' id='word_1_206' title='bbox 186 2149 226 2199; x_wconf 85' lang='lat' dir='ltr'>si</span> <span class='ocrx_word' id='word_1_207' title='bbox 255 2159 444 2197; x_wconf 80' lang='lat' dir='ltr'>utcunque,</span> <span class='ocrx_word' id='word_1_208' title='bbox 475 2160 519 2185; x_wconf 91' lang='lat' dir='ltr'>ut</span> <span class='ocrx_word' id='word_1_209' title='bbox 552 2150 598 2184; x_wconf 84' lang='lat' dir='ltr'>sit</span> <span class='ocrx_word' id='word_1_210' title='bbox 630 2159 808 2198; x_wconf 78' lang='lat' dir='ltr'>utcunque</span> <span class='ocrx_word' id='word_1_211' title='bbox 846 2149 1017 2197; x_wconf 81' lang='lat' dir='ltr'>„quovis</span> <span class='ocrx_word' id='word_1_212' title='bbox 1049 2147 1190 2185; x_wconf 86' lang='lat' dir='ltr'>modo,</span> <span class='ocrx_word' id='word_1_213' title='bbox 1224 2145 1438 2184; x_wconf 83' lang='lat' dir='ltr'>omnino“;</span> <span class='ocrx_word' id='word_1_214' title='bbox 1482 2157 1544 2191; x_wconf 84' lang='lat' dir='ltr'>ap-</span> 
     </span>
     <span class='ocr_line' id='line_1_29' title="bbox 193 2200 1546 2256; baseline -0.007 -14"><span class='ocrx_word' id='word_1_215' title='bbox 193 2205 348 2256; x_wconf 77' lang='lat' dir='ltr'>pellatis</span> <span class='ocrx_word' id='word_1_216' title='bbox 379 2204 476 2241; x_wconf 87' lang='lat' dir='ltr'>locis</span> <span class='ocrx_word' id='word_1_217' title='bbox 513 2219 577 2247; x_wconf 75' lang='grc' dir='ltr'>ιι,</span> <span class='ocrx_word' id='word_1_218' title='bbox 610 2215 647 2247; x_wconf 86' lang='lat'>2,</span> <span class='ocrx_word' id='word_1_219' title='bbox 679 2213 743 2251; x_wconf 82' lang='lat'>24.</span> <span class='ocrx_word' id='word_1_220' title='bbox 780 2219 854 2247; x_wconf 80' lang='grc' dir='ltr'>ιι,</span> <span class='ocrx_word' id='word_1_221' title='bbox 885 2214 932 2249; x_wconf 82' lang='grc'>5,</span> <span class='ocrx_word' id='word_1_222' title='bbox 971 2216 1062 2239; x_wconf 77' lang='grc' dir='ltr'><strong><em>ιοι.</em></strong></span> <span class='ocrx_word' id='word_1_223' title='bbox 1119 2204 1205 2251; x_wconf 84' lang='lat' dir='ltr'>Ego</span> <span class='ocrx_word' id='word_1_224' title='bbox 1241 2201 1310 2236; x_wconf 74' lang='lat' dir='ltr'>tali</span> <span class='ocrx_word' id='word_1_225' title='bbox 1339 2200 1546 2235; x_wconf 81' lang='lat' dir='ltr'>sententiae</span> 
     </span>
    </p>
   </div>
   <div class='ocr_carea' id='block_1_8' title="bbox 194 2368 1548 2762">
    <p class='ocr_par' dir='ltr' id='par_1_8' title="bbox 195 2368 1548 2648">
     <span class='ocr_line' id='line_1_30' title="bbox 196 2368 1547 2426; baseline -0.008 -13"><span class='ocrx_word' id='word_1_226' title='bbox 196 2390 339 2426; x_wconf 85' lang='lat' dir='ltr'>„quam</span> <span class='ocrx_word' id='word_1_227' title='bbox 371 2376 587 2412; x_wconf 80' lang='lat' dir='ltr'>bonitatem</span> <span class='ocrx_word' id='word_1_228' title='bbox 617 2389 697 2412; x_wconf 90' lang='lat' dir='ltr'>non</span> <span class='ocrx_word' id='word_1_229' title='bbox 721 2373 841 2409; x_wconf 87' lang='lat' dir='ltr'>modo</span> <span class='ocrx_word' id='word_1_230' title='bbox 900 2386 938 2422; x_wconf 83' lang='lat' dir='ltr'>p.</span> <span class='ocrx_word' id='word_1_231' title='bbox 962 2381 1054 2417; x_wconf 83' lang='lat'><strong>257.</strong></span> <span class='ocrx_word' id='word_1_232' title='bbox 1105 2372 1249 2407; x_wconf 83' lang='lat' dir='ltr'>Incidit</span> <span class='ocrx_word' id='word_1_233' title='bbox 1275 2370 1351 2405; x_wconf 88' lang='lat' dir='ltr'>hoc</span> <span class='ocrx_word' id='word_1_234' title='bbox 1370 2368 1483 2418; x_wconf 86' lang='lat' dir='ltr'>plane</span> <span class='ocrx_word' id='word_1_235' title='bbox 1503 2368 1547 2404; x_wconf 82' lang='lat' dir='ltr'>in</span> 
     </span>
     <span class='ocr_line' id='line_1_31' title="bbox 196 2424 1547 2481; baseline -0.007 -13"><span class='ocrx_word' id='word_1_236' title='bbox 196 2447 304 2474; x_wconf 81' lang='lat' dir='ltr'>„non</span> <span class='ocrx_word' id='word_1_237' title='bbox 345 2434 535 2481; x_wconf 81' lang='lat' dir='ltr'>aspernari</span> <span class='ocrx_word' id='word_1_238' title='bbox 582 2444 624 2469; x_wconf 85' lang='lat' dir='ltr'>ac</span> <span class='ocrx_word' id='word_1_239' title='bbox 670 2431 842 2480; x_wconf 79' lang='lat' dir='ltr'>refutare,</span> <span class='ocrx_word' id='word_1_240' title='bbox 901 2428 1273 2464; x_wconf 79' lang='lat' dir='ltr'>Franco-Gallorum</span> <span class='ocrx_word' id='word_1_241' title='bbox 1305 2424 1458 2474; x_wconf 82' lang='lat' dir='ltr'>refuser,</span> <span class='ocrx_word' id='word_1_242' title='bbox 1502 2435 1547 2460; x_wconf 84' lang='lat' dir='ltr'>ut</span> 
     </span>
     <span class='ocr_line' id='line_1_32' title="bbox 195 2479 1548 2537; baseline -0.007 -13"><span class='ocrx_word' id='word_1_243' title='bbox 195 2490 283 2530; x_wconf 83' lang='lat' dir='ltr'>„sed</span> <span class='ocrx_word' id='word_1_244' title='bbox 345 2489 555 2537; x_wconf 83' lang='lat' dir='ltr'>complecti</span> <span class='ocrx_word' id='word_1_245' title='bbox 625 2490 740 2525; x_wconf 81' lang='lat' dir='ltr'>etiam</span> <span class='ocrx_word' id='word_1_246' title='bbox 807 2497 844 2522; x_wconf 84' lang='lat' dir='ltr'>et</span> <span class='ocrx_word' id='word_1_247' title='bbox 903 2497 939 2521; x_wconf 87' lang='lat' dir='ltr'>et</span> <span class='ocrx_word' id='word_1_248' title='bbox 990 2485 1067 2520; x_wconf 86' lang='lat' dir='ltr'>alio</span> <span class='ocrx_word' id='word_1_249' title='bbox 1117 2484 1286 2533; x_wconf 82' lang='lat' dir='ltr'>quodam</span> <span class='ocrx_word' id='word_1_250' title='bbox 1338 2479 1548 2530; x_wconf 78' lang='lat' dir='ltr'>frustrandi</span> 
     </span>
     <span class='ocr_line' id='line_1_33' title="bbox 195 2540 1546 2593; baseline -0.007 -13"><span class='ocrx_word' id='word_1_251' title='bbox 195 2558 363 2593; x_wconf 81' lang='lat' dir='ltr'>„augere</span> <span class='ocrx_word' id='word_1_252' title='bbox 395 2545 594 2587; x_wconf 80' lang='lat' dir='ltr'>debetis;“</span> <span class='ocrx_word' id='word_1_253' title='bbox 624 2557 660 2581; x_wconf 91' lang='lat' dir='ltr'>et</span> <span class='ocrx_word' id='word_1_254' title='bbox 681 2544 842 2590; x_wconf 85' lang='lat' dir='ltr'>conjun-</span> <span class='ocrx_word' id='word_1_255' title='bbox 901 2542 1132 2590; x_wconf 78' lang='lat' dir='ltr'>significatu.</span> <span class='ocrx_word' id='word_1_256' title='bbox 1181 2540 1272 2576; x_wconf 78' lang='lat' dir='ltr'>vide</span> <span class='ocrx_word' id='word_1_257' title='bbox 1303 2551 1398 2574; x_wconf 81' lang='lat' dir='ltr'>mox</span> <span class='ocrx_word' id='word_1_258' title='bbox 1417 2551 1546 2572; x_wconf 84' lang='lat' dir='ltr'>renun-</span> 
     </span>
     <span class='ocr_line' id='line_1_34' title="bbox 196 2599 1024 2648; baseline -0.002 -13"><span class='ocrx_word' id='word_1_259' title='bbox 196 2602 254 2648; x_wconf 89' lang='lat' dir='ltr'>git</span> <span class='ocrx_word' id='word_1_260' title='bbox 274 2602 437 2636; x_wconf 87' lang='lat' dir='ltr'>eundem</span> <span class='ocrx_word' id='word_1_261' title='bbox 460 2615 549 2636; x_wconf 89' lang='lat' dir='ltr'>cum</span> <span class='ocrx_word' id='word_1_262' title='bbox 567 2602 694 2637; x_wconf 71' lang='lat' dir='ltr'>nostro</span> <span class='ocrx_word' id='word_1_263' title='bbox 708 2601 843 2636; x_wconf 84' lang='lat' dir='ltr'>Gesne-</span> <span class='ocrx_word' id='word_1_264' title='bbox 901 2599 1024 2633; x_wconf 77' lang='lat' dir='ltr'>ciabit.</span> 
     </span>
    </p>

    <p class='ocr_par' dir='ltr' id='par_1_9' title="bbox 194 2650 1543 2762">
     <span class='ocr_line' id='line_1_35' title="bbox 194 2650 1543 2703; baseline -0.004 -12"><span class='ocrx_word' id='word_1_265' title='bbox 194 2670 260 2692; x_wconf 85' lang='lat' dir='ltr'>rus</span> <span class='ocrx_word' id='word_1_266' title='bbox 284 2658 324 2692; x_wconf 87' lang='lat' dir='ltr'>in</span> <span class='ocrx_word' id='word_1_267' title='bbox 347 2657 554 2694; x_wconf 83' lang='lat' dir='ltr'>Thesauro.</span> <span class='ocrx_word' id='word_1_268' title='bbox 587 2659 643 2694; x_wconf 87' lang='lat' dir='ltr'>Cf.</span> <span class='ocrx_word' id='word_1_269' title='bbox 667 2669 704 2693; x_wconf 86' lang='lat' dir='ltr'>et</span> <span class='ocrx_word' id='word_1_270' title='bbox 726 2656 842 2693; x_wconf 77' lang='lat' dir='ltr'>Salm.</span> <span class='ocrx_word' id='word_1_271' title='bbox 960 2665 997 2700; x_wconf 89' lang='lat'>7.</span> <span class='ocrx_word' id='word_1_272' title='bbox 1035 2653 1073 2703; x_wconf 83' lang='lat' dir='ltr'>si</span> <span class='ocrx_word' id='word_1_273' title='bbox 1119 2664 1319 2702; x_wconf 75' lang='lat' dir='ltr'>utrumque.</span> <span class='ocrx_word' id='word_1_274' title='bbox 1373 2650 1432 2688; x_wconf 81' lang='lat' dir='ltr'>Cf.</span> <span class='ocrx_word' id='word_1_275' title='bbox 1461 2659 1543 2685; x_wconf 87' lang='lat' dir='ltr'>not.</span> 
     </span>
     <span class='ocr_line' id='line_1_36' title="bbox 195 2712 989 2762; baseline -0.003 -14"><span class='ocrx_word' id='word_1_276' title='bbox 195 2713 242 2749; x_wconf 84' lang='lat' dir='ltr'>ad</span> <span class='ocrx_word' id='word_1_277' title='bbox 277 2713 486 2762; x_wconf 79' lang='lat' dir='ltr'>Capitolin.</span> <span class='ocrx_word' id='word_1_278' title='bbox 518 2715 562 2750; x_wconf 85' lang='lat' dir='ltr'>in</span> <span class='ocrx_word' id='word_1_279' title='bbox 594 2718 685 2750; x_wconf 88' lang='lat' dir='ltr'>Ant.</span> <span class='ocrx_word' id='word_1_280' title='bbox 708 2714 779 2749; x_wconf 78' lang='lat' dir='ltr'>Pio</span> <span class='ocrx_word' id='word_1_281' title='bbox 805 2720 842 2756; x_wconf 88' lang='grc'>5.</span> <span class='ocrx_word' id='word_1_282' title='bbox 902 2712 989 2747; x_wconf 83' lang='lat' dir='ltr'>crit.</span> 
     </span>
    </p>
   </div>
  </div>
 </body>
</html>
