1779 3062
402 185 565 229 INST.
606 185 884 232 ORATOR.
919 188 1040 232 Lm.
1078 187 1165 231 Χῖ.
1206 199 1250 242 3.
1399 192 1499 246 473

153 331 256 382 que
285 314 342 361 in
373 310 502 359 haec
536 313 715 360 omnia
751 311 943 361 statura
982 323 1032 361 et
1061 314 1193 360 mira
1221 310 1390 378 specie
1415 311 1506 361 ad.-
1561 366 1565 374 s

151 390 447 455 juvabatur.
528 389 689 436 Illum
731 388 940 448 cursus,
982 400 1032 438 et
1064 386 1290 464 agilitas,
1333 400 1384 438 et
1415 390 1580 439 vel¹80

150 483 342 536 parum
366 467 692 514 conveniens
713 464 965 529 personae
990 465 1125 516 risus
1162 469 1355 535 (quem
1395 484 1508 517 non

151 547 367 610 ignarus
411 543 631 594 rationis
665 542 874 607 populo
913 543 1117 608 dabat),
1159 556 1211 592 et
1244 555 1510 593 contracta

153 625 310 670 etiam
349 620 628 669 cervicula.
710 617 992 688 Quidquid
1027 621 1224 669 horum
1266 622 1395 669 alter
1431 620 1510 669 fe-

156 697 323 756 ciffi-et,
377 694 731 746 foediffimum
779 695 1063 745 videretur.
1146 702 1320 767 Quare
1365 700 1511 748 norit

155 774 206 824 Ie
242 777 486 840 quisque,
513 791 610 822 nec
634 784 840 822 tantum
868 789 930 820 ex
959 774 1336 823 communibus
1363 792 1512 840 prae-

158 855 347 918 ceptis,
385 850 474 899 [ed
507 853 665 902 etiam
700 867 762 897 ex
797 860 984 898 natura
1014 848 1105 898 sua
1136 852 1304 915 capiat
1338 852 1510 900 consi-

157 930 295 979 lium
319 927 629 977 formandae
654 928 891 975 actionis.
952 928 1146 992 Neque
1165 928 1306 977 illud
1329 939 1505 978 tamen
1523 939 1585 981 ¹8²

159 1005 232 1054 est
263 1004 432 1063 nefas,
470 1015 532 1053 ut
559 1006 792 1069 aliquem
825 1005 910 1052 vel
945 1006 1126 1053 omnia
1157 1006 1245 1053 vel
1278 1007 1513 1070 plurima

160 1083 390 1131 deceant.
470 1085 646 1142 Hujus
681 1098 900 1146 quoque
935 1083 1040 1130 loci
1075 1080 1307 1134 clausula
1339 1081 1404 1131 [it
1430 1100 1514 1130 ea-

160 1159 300 1219 dem,
338 1157 537 1209 neceffe
562 1158 650 1218 est,
691 1175 826 1225 quae
849 1171 1151 1209 ceterorum
1174 1158 1262 1218 est,
1293 1177 1515 1227 regnare

126 1376 135 1379 „
162 1335 265 1371 sterr.
292 1345 378 1370 ante
399 1334 485 1370 Ald.
510 1335 713 1382 producere
732 1343 773 1369 ut
798 1336 834 1369 ίη
856 1335 1080 1382 egrediendo
1106 1334 1240 1370 Turio.
1270 1348 1307 1383 p.
1331 1343 1372 1370 ut
1396 1336 1517 1383 ingre-

163 1392 299 1427 diendo
332 1391 436 1427 Flor.
476 1392 608 1440 Camp.
640 1406 677 1439 p.
710 1400 746 1426 et
775 1394 811 1425 in
845 1394 939 1438 ingr.
972 1391 1073 1425 Alm.
1107 1391 1240 1426 dextra
1272 1392 1388 1426 latere
1418 1392 1517 1429 Jens.

163 1448 279 1485 Tarv.
312 1448 426 1484 alium
457 1449 684 1483 Demetrium
712 1448 844 1483 Turio.
884 1447 987 1483 flor.
1023 1449 1157 1485 Ambr.
1194 1457 1231 1484 2.
1264 1447 1393 1484 Guelf.
1429 1460 1520 1484 cum

162 1504 265 1540 Alm.
296 1519 331 1540 a.
360 1519 471 1554 quam
496 1505 541 1540 D.
568 1506 701 1552 Camp.
730 1519 764 1539 a.
791 1503 862 1552 nisi
884 1505 928 1539 D.
954 1506 1057 1539 Voff.
1089 1519 1121 1540 ι.
1145 1514 1180 1547 5.
1205 1504 1387 1552 Suspicor
1407 1505 1520 1540 fuisse

164 1562 279 1596 alium
302 1570 342 1596 ut
367 1563 413 1596 D.
651 1562 776 1595 onmia
796 1559 901 1609 quasi
919 1558 1070 1608 statura
1094 1562 1225 1595 Turio.
1252 1560 1356 1595 Flor.
1382 1562 1517 1609 Camp.

164 1630 254 1653 cum
277 1617 388 1652 Bodl.
409 1617 529 1653 Andr.
555 1617 638 1652 ΑΗ.
661 1632 695 1653 0.
723 1614 887 1664 qualist.
924 1617 1023 1652 Alm.
1048 1617 1200 1652 Frustra
1235 1629 1393 1665 quaero,
1427 1617 1523 1666 quid

166 1672 291 1710 lateat.
313 1673 465 1723 spaniae
485 1675 675 1719 adjauirm-
705 1675 838 1709 Turio.
865 1673 968 1710 Flor.
986 1673 1019 1722 s.
1044 1674 1299 1709 admirabatur
1322 1674 1441 1709 Goth.

256 1770 346 1808 ¹80·
381 1764 543 1814 cur-susus
563 1765 699 1801 Ambr.
723 1773 759 1801 2.
783 1766 961 1814 personae
989 1777 1072 1799 reus
1097 1764 1232 1800 Turio.
1252 1763 1358 1801 Flor.
1380 1774 1526 1801 contra-

168 1828 268 1855 ctata
300 1820 431 1868 Camp.
464 1823 658 1857 cervicalia
682 1823 814 1870 Camp.
838 1835 927 1857 cum
950 1821 1068 1857 GOth.

258 1917 349 1954 181.
382 1911 564 1961 clausulae
588 1913 715 1947 eadem
736 1913 868 1948 Turic.
900 1910 1044 1960 clausae
1075 1912 1205 1946 eadem
1230 1911 1332 1947 Flor.
1359 1912 1526 1962 clausula

172 1967 299 2002 eadem
318 1967 421 2002 Alm.
445 1979 624 2004 certorum
643 1967 692 2017 es}
716 1970 847 2004 Turio.
871 1968 973 2004 Flor.
1004 1982 1079 2004 non
1108 1971 1204 2003 enim
1229 1969 1418 2004 omittunt
1446 1972 1524 2006 Tu-

171 2023 240 2058 ric.
271 2022 374 2059 Flor.
402 2039 518 2074 neque
549 2027 738 2061 omittunt
773 2027 906 2061 Tul-ic.
941 2025 1045 2060 Flor.
1078 2039 1167 2061 cnm
1201 2025 1301 2059 Alm.
1329 2025 1527 2075 proseque-

173 2094 251 2115 mur
301 2082 434 2129 Camp.
478 2084 703 2129 temporibus
739 2082 998 2130 affectionibus
1035 2083 1223 2117 omittunt
1254 2083 1386 2117 Turic.
1420 2083 1526 2119 Flor.

174 2149 264 2172 cum
300 2137 400 2172 Alm.
438 2140 666 2188 temporibus
691 2139 994 2188 affectationibus
1022 2141 1120 2177 Jens.
1144 2153 1231 2175 cum
1257 2139 1341 2173 edd.
1367 2140 1525 2187 posterr-

174 2206 260 2229 ante
300 2193 383 2230 ΑΜ.
417 2197 487 2244 qui
516 2197 710 2244 affecthus
743 2210 830 2232 cum
867 2197 959 2232 Bad.
995 2197 1066 2244 qui
1097 2197 1174 2232 hoc
1208 2197 1305 2231 etin
1336 2195 1432 2232 Vall.
1456 2197 1528 2232 effe

174 2262 322 2291 narrat:
354 2253 476 2294 mire,
507 2255 693 2301 quoniam
718 2254 835 2291 Goth.
861 2253 967 2292 Voss'.
994 2263 1029 2286 2.
1058 2255 1243 2288 nostrum.
1278 2251 1530 2300 effictionibus

175 2300 287 2344 Bam.
322 2309 473 2399 gryph.
513 2311 560 2346 de
598 2312 820 2359 conjectura
853 2309 981 2358 Regii,
1014 2309 1163 2359 moleste
1195 2319 1364 2360 putemur
1393 2311 1528 2348 Turio.

178 2366 317 2399 cumA
378 2390 387 2400 .

242 2503 333 2541 ¹80-
349 2500 409 2534 vel
418 2501 727 2552 parum—rzsus.
749 2502 827 2538 Hic
887 2515 932 2537 an
954 2513 1056 2540 recte
1075 2500 1249 2550 legamus
1268 2500 1390 2550 risum,
1423 2501 1532 2537 nulla

180 2554 305 2602 igitur
339 2555 459 2592 fueri:
491 2559 537 2593 ad
577 2573 685 2596 aures
729 2560 827 2595 acci·
886 2570 1014 2596 tamen
1054 2558 1127 2593 alia
1166 2571 1262 2594 voce
1292 2571 1533 2607 magnopere

182 2612 274 2646 dens
298 2611 569 2660 spectatorum,
584 2630 826 2666 movensque
886 2618 918 2653 se
941 2616 1247 2653 commendante.
1272 2616 1319 2650 cf.
1336 2625 1417 2650 not.
1443 2616 1529 2651 crit.

183 2668 350 2703 alterum
404 2673 475 2708 sibi
530 2674 826 2721 respondentem
887 2677 1042 2711 rationis
1064 2673 1340 2720 interpretare:
1372 2682 1492 2708 rectae
1505 2687 1534 2708 r.

183 2725 370 2774 ipsorum.
401 2730 475 2765 Sed
497 2730 668 2766 dubitari
689 2732 826 2782 potest,
949 2737 1044 2776 181,
1075 2728 1194 2777 nefas.
1218 2728 1266 2766 cf.
1295 2741 1359 2771 10,
1383 2737 1420 2772 22
1444 2736 1481 2774 5·
