1779 3062
389 199 554 246 INST.
592 199 874 247 ORATOR.
912 201 1034 247 LIB.
1070 201 1168 258 xi,
1215 214 1261 246 ι.
1400 209 1500 255 255

136 329 350 379 vatione
383 327 616 393 propria.
694 326 838 374 Na'm
872 336 923 374 et
958 336 1170 393 tempus
1199 338 1317 377 tum
1342 326 1505 386 triste,

135 417 250 456 tum
279 406 496 463 laetum,
520 415 638 453 tum
667 403 919 461 liberum,
961 413 1079 452 tum
1103 404 1388 470 angustum
1415 404 1504 463 est,

134 494 290 548 atque
311 482 530 531 adhaec
558 483 737 531 omnia
772 483 1180 546 componendus
1207 494 1410 533 orator:
1452 493 1506 531 et
1528 493 1578 532 47

132 561 256 610 loco
292 561 530 627 publico,
572 561 883 626 privatone,
924 560 1146 617 celebri,
1187 577 1253 608 an
1287 559 1505 620 secreto,

134 639 306 687 aliena
331 639 561 697 civitate,
603 655 671 686 an
702 648 809 695 tua,
851 637 909 685 in
939 635 1114 688 castris
1143 637 1396 703 denique,
1437 656 1506 688 an

133 715 256 766 foro
281 716 439 775 dicas,
482 714 699 764 interest
728 716 1052 782 plurimum,
1094 733 1150 763 ac
1174 713 1322 763 suam
1346 715 1506 781 quid-

134 811 240 859 que
272 793 531 852 formam,
571 805 623 842 et
654 794 939 859 proprium
973 793 1247 858 quendam
1276 793 1506 843 modum

134 873 472 937 eloquentiae
493 870 686 938 poscit:
730 889 855 921 cum
887 871 1047 919 etiam
1079 872 1138 920 in
1173 872 1358 920 ceteris
1381 871 1507 919 acti-

133 951 235 999 bus
268 951 407 999 vitae
440 968 552 999 non
587 949 733 997 idem
764 950 822 997 in
857 946 1008 1008 foro,
1065 950 1241 1007 curia,
1300 965 1507 1016 campo,

133 1028 357 1085 theatro,
399 1027 565 1085 domi,
602 1026 773 1075 facere
801 1027 1116 1086 conveniat3
1160 1037 1211 1075 et
1234 1027 1509 1092 pleraque,

136 1122 274 1170 quae
312 1115 501 1155 natura
533 1122 647 1154 non
682 1103 808 1154 sunt
837 1104 1308 1170 reprehendenda,
1350 1115 1510 1169 atque

134 1184 354 1232 interim
381 1181 505 1233 sunt
540 1181 836 1240 necessaria,
881 1183 1011 1231 alibi
1047 1199 1211 1247 quam
1250 1200 1367 1232 mos
1389 1199 1510 1248 per-

135 1259 364 1319 miserit,
424 1261 604 1326 turpia
635 1261 947 1309 habeantur.
1048 1260 1195 1309 Illud
1234 1263 1338 1322 jam
1372 1260 1509 1308 dixi·
1530 1275 1586 1319 43

136 1355 276 1397 mus,
318 1348 519 1404 quanto
544 1339 667 1404 plus
690 1339 878 1387 nitoris
901 1348 952 1385 et
980 1338 1156 1387 cultus
1184 1336 1511 1387 demonstra-

136 1418 282 1467 tivae
312 1417 590 1474 materiae,
650 1426 710 1465 ut
747 1414 814 1464 ad
851 1414 1260 1465 delectationem
1287 1415 1511 1464 audien-

138 1496 278 1543 tium
303 1492 639 1559 compositae,
682 1511 858 1558 quam,
900 1511 1036 1558 quae
1071 1492 1194 1543 sunt
1228 1495 1287 1542 in
1319 1503 1439 1542 actu
1459 1503 1512 1542 et

138 1573 510 1629 contentione,
567 1569 828 1620 suasoriae
863 1570 1254 1636 iudicialesque
1288 1571 1514 1635 permit·-

137 1661 264 1699 tant.
347 1653 464 1698 Hoc
495 1647 672 1696 adhuc
696 1647 1076 1709 adjiciendum,
1109 1649 1313 1713 aliquas
1334 1649 1511 1706 etiam,

138 1744 276 1794 quae
319 1725 444 1775 sunt
491 1728 731 1792 egregiae
786 1726 1004 1774 dicendi
1063 1727 1320 1784 virtutes,
1400 1743 1513 1791 quo

136 1806 320 1856 minus
357 1805 601 1861 deceant,
681 1803 817 1852 effici
858 1804 1172 1854 conditione
1218 1801 1510 1853 causarum.

139 1885 224 1932 An
249 1883 536 1948 quisquam
556 1882 744 1930 tulerit
772 1899 924 1930 reum
945 1883 1005 1929 in
1032 1880 1341 1931 discrimine
1373 1882 1515 1946 capi·
1538 1897 1591 1938 49

139 1960 223 2019 tis,
248 1960 536 2026 praecipue
561 1960 656 2024 qui
678 1959 823 2025 apud
846 1960 1110 2009 victorem
1136 1969 1188 2007 et
1213 1959 1517 2025 principem

230 2094 294 2137 46.
340 2104 417 2129 tum
451 2091 574 2142 triste,
617 2103 694 2130 tum
731 2095 885 2130 laetum.
936 2095 1026 2130 Hoc
1065 2094 1205 2130 ordine
1241 2093 1375 2130 Turio.
1408 2091 1518 2128 Flor-

141 2151 273 2189 Guelf.
306 2153 440 2200 Camp.
472 2150 635 2201 Reliqui
666 2162 692 2189 t.
717 2153 805 2187 laet.
833 2161 860 2189 t.
882 2150 995 2200 [risle.
1041 2151 1244 2187 Chiasmus
1264 2150 1372 2186 inest.

237 2216 302 2254 [47.
336 2210 520 2258 quendam
553 2209 715 2245 modum.
749 2210 882 2245 Turio.
917 2210 1103 2258 quaedam.
1127 2210 1251 2244 modo.

230 2277 342 2315 atque
371 2268 530 2302 interim.
582 2267 645 2300 Sic
678 2267 812 2303 Turio.
857 2268 993 2315 Camp.
1023 2267 1185 2314 Reliqui
1213 2265 1388 2300 inserunt
1420 2264 1519 2305 ideo,

143 2338 234 2375 prae
258 2337 336 2373 quo
360 2324 469 2359 Gesn.
491 2322 604 2358 malit
634 2324 740 2359 adeo.

231 2388 295 2426 48.
327 2380 588 2425 adjiciendum.
622 2380 756 2416 Ambr.
791 2389 828 2416 2.
862 2379 990 2416 Guelf.
1028 2381 1123 2416 Exc.
1155 2382 1258 2415 Sant.
1290 2377 1519 2415 audiendum

144 2452 236 2477 cum
265 2438 370 2475 Voff.
402 2451 436 2473 1.
460 2447 496 2481 5.

235 2502 300 2545 49.
332 2497 530 2542 praecipue
550 2496 623 2544 qui.
666 2496 799 2531 Tui-ic.
832 2494 937 2531 FIor.
969 2497 1277 2544 praecipuaeque.

231 2553 450 2603 principem.
495 2552 629 2588 Turio.
663 2552 766 2589 Flor.
812 2552 897 2597 (hic
918 2566 937 2587 a
957 2566 1014 2602 pr.
1039 2553 1113 2596 m.)
1154 2550 1402 2600 principalem
1432 2562 1521 2585 cum

206 2663 271 2702 4¹7.
301 2655 428 2691 aliena
446 2656 608 2692 civitate.
658 2655 800 2692 Malim
918 2661 986 2702 43.
1015 2657 1098 2700 jam
1121 2655 1293 2689 diximus.
1326 2658 1365 2697 8,
1386 2661 1425 2696 5,
1452 2665 1515 2687 11.

144 2715 262 2753 inseri
282 2716 332 2750 in.
860 2714 962 2762 seqq.

915 2776 981 2820 49.
1019 2771 1198 2807 viomem
1225 2774 1261 2802 et
1293 2767 1514 2817 principem.
