1779 3062
171 782 216 809 :2

233 169 335 229 690
545 164 632 211 M.
666 165 803 212 FAB.
841 162 1265 226 QUINTILIANI

165 315 167 321 ⁴
235 309 457 362 quoque
497 292 638 357 parti
657 290 870 340 facilius
896 288 1161 347 accedent,
1200 299 1263 339 ut
1288 288 1464 357 ipsum
1485 291 1588 340 iter

235 389 414 438 neque
452 370 799 435 impervium,
836 385 1014 434 neque
1046 366 1229 415 saltem
1263 366 1459 418 durum
1488 385 1592 437 pu-

235 461 366 500 tent.
435 448 578 498 Nam
616 446 691 505 id,
730 445 881 511 quod
918 446 1085 512 prius,
1126 443 1382 509 quodque
1420 449 1594 506 maius

240 527 342 587 εἴτ,
379 536 443 576 ut
481 525 615 575 boni
651 525 759 572 viri
799 522 990 581 fimus,
1039 523 1325 572 voluntate
1364 523 1594 571 maxime

242 603 470 659 constat:
511 618 673 667 quam
713 602 811 666 qui
847 617 974 650 vera
1009 598 1122 648 fide
1162 599 1418 657 induerit,
1440 597 1597 647 facile

242 683 483 739 easdem,
530 694 669 745 quae
711 680 970 728 virtutem
1007 676 1227 734 docent,
1287 689 1422 726 artes
1464 676 1599 724 acci-

241 762 374 829 *piem
461 758 659 822 Neque
709 757 855 806 enim
894 765 985 804 aut
1024 765 1130 803 tam
1181 756 1456 821 perplexa,
1508 762 1600 802 aut

244 851 358 888 -tam
400 832 683 886 numerosa
723 832 847 883 sunt
888 849 1023 899 quae
1063 843 1349 897 premunt,
1388 841 1451 880 ut
1486 847 1602 880 non

175 948 178 949 ν
205 948 209 949 ⁷
247 929 551 985 paucorum
581 910 877 961 admodum
903 926 1167 960 annorum
1194 909 1494 959 intentione
1519 906 1603 956 dj-

247 994 471 1044 scantur.
550 992 790 1054 Longam
832 989 977 1036 enim
1017 986 1143 1035 facit
1183 1003 1417 1052 operam,
1450 983 1602 1050 quod

247 1083 642 1140 repugnamus:
685 1067 865 1115 brevis
908 1063 980 1112 est
1020 1062 1285 1113 institutio
1325 1064 1466 1111 vitae
1504 1062 1603 1111 ho-

249 1148 425 1200 nestae
465 1147 782 1210 beataeque,
841 1140 884 1190 fi
925 1141 1117 1190 credas.
1209 1144 1418 1190 Natura
1459 1140 1606 1187 enim

250 1244 353 1279 nos
398 1223 465 1274 ad
505 1233 743 1271 mentem
786 1219 1043 1285 optimam
1090 1219 1303 1283 genuit:
1365 1217 1607 1281 adeoque

252 1302 452 1353 discere
495 1300 719 1349 meliora
748 1295 1063 1347 volentibus
1105 1307 1386 1362 promtum
1429 1292 1519 1350 est,
1546 1302 1606 1341 ut

251 1398 381 1433 vere
420 1378 656 1429 intuenti
697 1376 899 1426 mirum
938 1371 1004 1422 fit
1043 1372 1185 1422 illud
1224 1375 1407 1440 magis,
1440 1370 1607 1420 malos

370 1579 435 1604 ιι.
497 1563 698 1602 accendent
731 1561 837 1598 Flor.
900 1562 1002 1611 quod
1029 1563 1137 1610 pejus
1173 1561 1308 1598 Turio.
1340 1559 1447 1595 Flor.
1480 1556 1611 1594 Guelf.

250 1626 349 1669 Exc.
382 1626 487 1659 Sant.
517 1623 590 1657 viri
609 1619 724 1670 simul
756 1619 861 1655 Flor.
894 1618 1023 1654 Guelf.
1056 1619 1286 1655 voluntatem
1316 1617 1452 1653 Turio.
1481 1613 1611 1652 Guelf-

252 1679 421 1732 constant
450 1677 588 1716 Turic.
621 1675 750 1711 Guelf.
810 1677 903 1711 artis
930 1675 1037 1712 Flor.

376 1780 441 1807 12.
474 1775 686 1817 premuntur
717 1766 852 1802 Turic.

253 1829 388 1867 Turic.
418 1826 525 1862 Flor.
559 1822 689 1859 Guelf.
721 1824 815 1857 Exc.
844 1824 947 1858 sant.
978 1834 1009 1858 c.
1041 1821 1144 1858 Alm.

254 1883 415 1936 instituti
445 1880 575 1919 Guelf-

315 2055 379 2079 ιι.
425 2052 542 2090 neque
564 2036 716 2088 saltem.
751 2036 834 2073 vid.
859 2037 906 2072 ad

257 2110 296 2144 ²,
331 2113 366 2139 1,
399 2104 464 2142 24.

314 2156 474 2192 easdem.
535 2150 651 2188 Plane
676 2149 824 2186 nullam
847 2149 907 2184 vi·

256 2214 329 2251 deo
361 2213 480 2259 hujus
506 2208 755 2259 pronominis
788 2207 905 2242 ratio—

250 2284 366 2308 nem:
408 2282 496 2304 nam
527 2267 693 2301 virtutes
725 2264 902 2299 nondum

252 2336 489 2364 memoratae
525 2325 622 2362 sunt,
667 2320 730 2356 [ed
761 2320 897 2356 homo.

253 2387 384 2433 Quare
426 2379 672 2417 scribendum
703 2388 800 2427 puto
840 2388 903 2412 eas

251 2443 365 2482 idem,
398 2452 505 2490 quae.

315 2507 378 2534 12.
437 2508 532 2544 quae
559 2499 741 2543 premunt.
803 2488 900 2524 Cor-

253 2564 367 2603 rupta
394 2553 533 2600 utique
564 2550 760 2597 scriptura.
823 2546 902 2582 Ne·

255 2624 331 2661 que
371 2621 499 2648 tamen
538 2614 734 2656 petuntur,
794 2601 902 2650 quod

254 2667 477 2704 Obrechtus
498 2660 858 2713 reposuiu-satisfsuz'
892 2672 899 2692 :

255 2735 477 2773 quanquam
511 2720 678 2756 formam
715 2717 902 2767 passivam

1121 1765 1239 1813 legem
1268 1777 1389 1799 meam
1412 1761 1514 1810 facit
1546 1776 1606 1811 op.

1319 1817 1486 1868 instituto
1505 1818 1610 1854 Flor.

697 1880 798 1915 Mox
830 1878 997 1915 intuendi
1025 1877 1131 1914 Flor.
1193 1880 1312 1927 magis
1344 1889 1424 1913 om.
1449 1876 1584 1925 Camp-

967 2037 1091 2073 codex
1113 2036 1287 2086 optimus
1309 2045 1415 2070 nunc
1439 2032 1611 2082 praebet.

963 2094 1103 2142 Aptius
1116 2093 1163 2128 ad
1181 2093 1326 2128 sensum
1338 2091 1496 2126 videtur
1504 2103 1612 2138 prae·

964 2152 1161 2199 cipiantur,
1192 2149 1288 2184 ficut
1311 2161 1344 2187 1,
1367 2159 1429 2187 10,
1452 2155 1516 2194 29.
1552 2145 1609 2180 di-

964 2217 1068 2242 ctum
1086 2207 1135 2242 est
1144 2206 1355 2255 praecipere
1364 2199 1530 2251 studium
1542 2201 1606 2238 ali·

963 2263 1082 2312 quod.

1011 2319 1049 2368 si
1088 2319 1225 2354 credas.
1289 2317 1464 2357 Mirum.
1496 2316 1608 2351 viros

959 2376 1097 2412 doctos
1117 2375 1219 2423 apud
1237 2376 1507 2410 Emmannum
1527 2383 1606 2408 tan-

960 2443 1043 2468 tum
1067 2431 1248 2467 desudare
1263 2429 1505 2473 inmutando
1520 2442 1608 2464 ver·

959 2489 1011 2525 bo
1031 2488 1410 2524 convenientiffimo.
1471 2489 1531 2521 An
1542 2499 1609 2520 ve·

960 2545 1029 2581 riti
1050 2545 1145 2586 [unt.
1173 2545 1416 2580 christianam
1434 2543 1506 2578 effe
1526 2542 1608 2577 sen·

960 2600 1152 2637 tentiam?
1201 2601 1276 2637 Sed
1306 2611 1409 2636 certa
1441 2600 1491 2634 est
1518 2598 1606 2634 [cri-

959 2669 1071 2707 ptura
1116 2657 1363 2707 oppofitione
1404 2655 1521 2692 verbi
1551 2668 1606 2688 re·

957 2727 1188 2763 pugnamus.-
1248 2724 1411 2763 apteque
1445 2712 1598 2749 Gesner.
