1779 3062
452 182 619 240 INST.
655 194 934 242 ORATOR.
967 183 1101 241 1413.
1123 179 1212 252 Χῖ
1247 199 1296 252 3.
1444 188 1545 256 4¹59

202 312 362 385 longe
390 315 657 385 proferre,
697 332 900 383 partem
934 331 1085 387 togae
1116 311 1320 371 sinistra
1351 331 1546 380 tenere,

198 396 334 446 stare
367 395 676 451 diductum,
720 397 809 443 vel
845 399 1106 463 rigidum,
1152 401 1242 449 vel
1276 398 1549 467 supinum,

196 474 289 521 ⁴vel
312 475 622 529 incurvum,
660 473 749 520 vel
783 473 1049 533 humeris,
1093 487 1154 527 ut
1179 477 1431 526 luctaturi
1461 476 1544 526 so-

199 549 339 609 lent,
391 550 456 599 ad.
500 549 811 615 occipitium
856 549 1045 602 ductis.
1125 555 1410 603 Prooemio
1441 553 1624 604 fre-161

200 627 528 693 quentiffime
553 628 690 675 lenis
714 629 966 676 convenit
986 632 1378 692 pronunciatio.
1444 633 1548 680 Ni·

146 745 149 748 .
199 705 281 754 hil
318 707 463 754 enim
500 703 573 752 est
613 703 679 752 ad.
719 705 1119 754 conciliandum
1156 708 1354 772 gratius
1397 725 1550 757 vere·-

201 782 422 832 cundia:
497 798 610 831 non
653 792 830 829 tamen
866 779 1083 847 semper.
1162 785 1359 848 Neque
1402 787 1551 836 enim

199 877 316 910 uno
349 858 515 909 modo
544 858 802 907 dicuntur
821 858 1060 917 exordia,
1095 868 1156 908 ut
1176 860 1355 910 docui.
1433 863 1554 910 Ple-

197 953 431 1000 rumque
470 947 645 984 tamen
687 946 740 984 et
776 953 886 985 vox
917 947 1231 1002 temperata,
1281 949 1333 987 et
1373 937 1548 1003 gestus

195 1013 492 1070 modestus,
514 1023 583 1060 ret
615 1011 801 1063 sedens
829 1013 1060 1068 humero
1084 1025 1220 1079 toga,
1246 1025 1296 1063 et
1319 1016 1549 1064 laterum

194 1092 330 1140 lenis
357 1093 417 1140 in
441 1100 725 1155 utramque
749 1101 958 1157 partem
977 1102 1156 1141 motus
1171 1129 1185 1150 ,
1222 1092 1414 1142 eodem
1434 1092 1549 1158 spe-

196 1168 458 1218 ctantibus
484 1168 671 1226 oculis,
695 1167 914 1217 decebit.
956 1169 1208 1219 Narratio
1235 1171 1401 1236 magis
1424 1188 1547 1236 pro·
1558 1180 1628 1220 162

195 1247 355 1295 latam
375 1263 634 1303 manum,
665 1246 918 1295 amictum
948 1246 1302 1304 recidentem,
1341 1246 1547 1313 gestum

197 1322 524 1380 distinctum,
545 1339 738 1371 vocem
758 1321 990 1372 sermoni
1012 1325 1330 1388 proximam,
1359 1335 1412 1372 et
1433 1334 1548 1374 tan-

109 1411 317 1465 10361um
354 1402 636 1460 acriorem,
673 1398 867 1463 sonum
898 1398 1194 1468 simplicem
1230 1399 1550 1468 frequentis-

289 1590 380 1628 161.
427 1594 526 1628 enim
561 1588 624 1639 esi.
668 1591 732 1627 Sic
771 1591 906 1627 Turio.
945 1590 1076 1626 Guelf.
1115 1591 1237 1628 Goth.
1278 1587 1376 1644 (tac.
1410 1594 1556 1643 Gesn.)

194 1649 331 1696 Camp.
362 1648 525 1697 Reliqui
553 1646 605 1697 est
633 1650 744 1684 enim.
802 1649 903 1683 Mox
934 1648 1065 1697 Neque
1100 1649 1311 1684 nobiscum
1349 1651 1553 1698 pro,alio·

196 1719 286 1742 rum
324 1705 403 1740 Nec
440 1706 572 1741 Turio.
615 1705 720 1746 Flos.
759 1704 897 1740 Ambr.
925 1715 962 1740 2.
995 1705 1125 1741 Guelf.
1155 1703 1289 1755 Camp.
1320 1707 1368 1743 cf.
1400 1715 1449 1750 5,
1485 1721 1554 1749 ιο,

195 1771 296 1800 120.
320 1763 417 1796 enim
446 1763 679 1798 modicuntur
706 1762 838 1798 Turio.
871 1761 976 1797 Flor.
1007 1764 1159 1798 omnino
1191 1765 1230 1798 in
1259 1777 1331 1798 uno
1362 1764 1475 1800 modo
1496 1766 1554 1801 di-

199 1828 329 1855 cuntur
367 1818 496 1854 Guelf.
528 1828 565 1854 et
602 1832 718 1866 genus
753 1815 953 1861 modestius
983 1818 1118 1854 Turic.
1151 1818 1256 1855 Flor.
1297 1823 1315 1863 (
1326 1819 1391 1855 hic
1424 1831 1555 1858 tamen.

201 1875 352 1912 tertiam
383 1887 524 1910 vocem
555 1888 645 1910 cum
675 1873 864 1923 vulgata).
898 1883 935 1909 et
961 1888 1000 1922 g.
1032 1889 1080 1911 τη.
1114 1875 1244 1912 Guelf.
1276 1876 1410 1926 Camp.
1446 1877 1553 1914 Reli·

200 1932 272 1982 qui
301 1946 344 1967 ac
372 1945 410 1978 g.
440 1946 488 1967 m.
523 1933 631 1980 quod
660 1932 794 1967 minus
825 1942 973 1980 aptum.

289 2010 383 2046 162.
415 2008 624 2058 distinctum
656 2011 843 2047 omittunt
868 2010 1005 2047 Ambr.
1038 2021 1076 2047 2.
1108 2010 1239 2048 Guelf.
1268 2024 1357 2046 cum
1387 2012 1494 2050 Voss‘.
1517 2025 1557 2052 1,

202 2076 239 2112 5.
269 2070 352 2104 voci
382 2067 517 2103 Turic.
548 2066 653 2102 Flor.
863 2076 900 2103 et
930 2076 1076 2104 tantum
1104 2070 1295 2104 acriorem.
1326 2069 1389 2105 Sic
1421 2069 1557 2107 Tusic.

199 2124 306 2161 Flor.
336 2124 473 2161 Ambr.
507 2135 544 2159 2.
577 2124 705 2161 Guelf.
737 2137 827 2160 cum
856 2124 970 2160 Bodl.
991 2124 1094 2161 Alm.
1115 2126 1251 2161 Ioann.
1270 2125 1375 2164 Voff.
1405 2139 1439 2161 1.
1464 2128 1557 2171 (nisi

203 2181 311 2231 quod
348 2196 392 2217 ac
430 2181 577 2216 dicitur
617 2181 689 2217 effe
718 2181 821 2227 ibi).
861 2195 904 2217 ac
935 2189 1059 2217 tamen
1090 2184 1269 2218 acriorem
1301 2182 1434 2232 Camp.
1465 2197 1558 2220 cum

200 2238 323 2278 Andr.
352 2238 578 2276 Nobiscum
607 2237 699 2274 facit
730 2238 828 2276 Obr.
857 2239 920 2275 sed
951 2239 1089 2275 omiffo
1120 2248 1168 2276 ec.
1199 2238 1305 2279 Vols.
1337 2248 1377 2284 5.
1410 2251 1558 2277 cantum

266 2395 359 2431 161.
396 2404 439 2431 ut
467 2397 587 2433 docui.
621 2403 667 2442 4,
710 2411 754 2440 1,
794 2405 848 2447 40
909 2405 977 2444 55.
998 2403 1066 2446 47.
1092 2397 1140 2434 cf.
1165 2407 1201 2442 4,
1223 2408 1261 2440 2,
1285 2397 1351 2441 36.
1383 2398 1456 2434 ubi
1483 2398 1562 2447 ipsa

203 2453 306 2500 seqq.
359 2453 477 2500 Quod
498 2454 711 2506 plerumque
731 2457 852 2492 lenem
910 2468 1071 2508 quoque
1112 2454 1390 2504 pronunciatio
1433 2454 1562 2504 distin.-

205 2511 402 2544 convenire
419 2510 485 2550 ait,
502 2510 650 2547 ibidem
673 2513 723 2548 est
733 2513 766 2557 ᾗ.
781 2521 848 2557 55.
909 2512 1058 2562 guendo
1080 2511 1260 2547 adhiberi
1282 2511 1454 2558 jubetur.
1489 2514 1560 2550 Ca-

205 2565 269 2601 l'ed
290 2566 428 2601 eodem
446 2567 588 2615 spectat
609 2570 725 2605 etiam
746 2582 785 2619 9,
814 2578 852 2616 4,
910 2579 1026 2605 vetur
1048 2581 1140 2617 ergo
1171 2568 1291 2616 gestus
1325 2568 1563 2618 generalior,

211 2631 303 2666 132.
911 2624 982 2674 qui
1001 2637 1082 2660 nou
1104 2624 1152 2659 ad
1179 2624 1347 2674 singulas
1374 2625 1409 2660 se
1436 2625 1561 2675 appli-

272 2676 750 2729 162.gestumclifiinctum.
775 2683 853 2718 Hic
913 2692 972 2717 cet
1002 2694 1062 2716 res
1099 2691 1136 2716 et
1162 2681 1310 2722 sensus,
1370 2682 1564 2731 cujusquo

208 2736 334 2785 qualis
356 2738 413 2777 fit,
442 2738 613 2774 maxime
638 2750 795 2789 apparet
819 2739 853 2785 ᾗ.
911 2751 993 2775 non
1014 2738 1087 2774 [int
1105 2748 1231 2787 partes
1259 2738 1491 2775 manifestae.
