1779 3062
151 224 248 270 190
462 209 538 255 M.
585 210 719 254 FAB.
772 212 1189 274 QUtNTILIANI

146 354 280 402 quae
302 337 679 402 cogitaverant,
712 337 777 386 ad
798 339 1025 387 verbum
1046 340 1102 387 in
1128 339 1331 405 agendo
1355 349 1499 388 retu-

101 425 122 462 5
144 412 267 463 liffe.
369 413 471 462 Sed
516 412 559 461 si
600 412 737 463 forte
784 416 974 481 aliquis
1023 417 1162 464 inter
1208 416 1498 466 dicendum

143 488 400 541 effulserit
421 493 789 558 extemporalis
813 495 978 551 color,
1009 509 1122 541 non
1143 491 1499 558 superstitiose

142 644 243 684 esset,
274 644 452 693 indagari
477 646 621 694 potuit.
679 647 816 694 Longe
848 646 949 681 enim
988 647 1070 680 sane
1107 645 1206 680 abest
1234 646 1341 693 quod
1360 648 1497 682 Petrus

141 702 336 738 Gerardus
356 702 540 737 Dukerus
560 700 685 749 (libro
708 704 809 738 infra
829 702 1102 752 memorando)
1135 702 1368 737 demonstrat
1394 702 1498 750 apud

138 758 365 806 Diogenem
404 759 606 794 Laenium
647 760 888 794 mentionem
930 759 1020 793 fieri
1050 758 1280 806 Eurylochi,
1342 758 1498 806 sceptici

139 813 229 858 (lib.
267 827 311 862 9,
344 815 451 860 68),
479 815 576 850 item
605 815 817 864 Eurylochi
847 813 1035 864 Lariſj'czei
1066 817 1131 861 (2,
1169 815 1274 860 25),
1318 814 1497 850 hominis

138 872 308 907 Socratis
340 881 459 906 aetate
492 873 665 919 potentis
697 882 735 907 ct
761 872 916 916 divitis,
949 871 1018 919 qui
1045 871 1214 906 Libanio
1244 871 1372 914 (Deel.
1411 872 1497 918 29.)

135 927 184 962 fit
219 928 413 975 Carystius
444 929 643 973 (mendose
673 940 819 967 tamen,
863 941 906 964 ut
939 939 1041 963 recte
1074 938 1209 962 monet
1245 927 1494 975 Menagius):

136 994 173 1018 et
197 984 277 1032 ipse
305 985 381 1020 hoc
407 985 578 1032 agnoscit
595 984 794 1020 Dukerus.
846 986 962 1032 Quod
982 995 1110 1019 autem
1131 985 1175 1018 ad
1196 984 1353 1019 Aristot.
1377 983 1494 1020 Polit.

131 1040 194 1084 (in
225 1040 427 1076 Addendis
458 1054 496 1089 p.
520 1041 634 1088 491.)
678 1041 936 1077 Schneiderus
957 1041 1205 1090 Eurypylum
1238 1053 1285 1076 ex
1305 1040 1493 1076 Aleuada-

129 1109 217 1132 rum
250 1096 399 1132 familia
438 1098 499 1142 (in
531 1110 610 1146 quo
647 1098 807 1144 quidem
849 1098 898 1133 est
929 1098 1075 1146 patriae
1109 1110 1197 1132 cum
1228 1097 1357 1132 nostro
1386 1109 1492 1131 com-

130 1153 290 1196 munio)
324 1154 488 1189 ostendit
519 1155 621 1202 apud
649 1155 899 1190 Herodotum
940 1166 984 1200 9,
1017 1161 1082 1198 53,
1114 1155 1212 1187 item
1242 1153 1492 1202 Eurypylum

127 1209 354 1258 scriptorem
389 1211 491 1258 apud
514 1210 756 1245 Athenaeum
785 1225 846 1246 ιι.
879 1225 915 1258 p.
943 1217 1048 1254 508„
1081 1221 1123 1245 ut
1149 1219 1186 1244 et
1206 1209 1339 1258 plures
1361 1210 1491 1258 Eury·

126 1266 242 1314 pylos
265 1277 301 1301 et
322 1266 553 1314 Eurypylen
572 1267 614 1299 in
640 1265 883 1302 bibliotheca
908 1265 1156 1313 Apollodori,
1189 1265 1279 1306 hoc,
1310 1266 1488 1313 inquam,

125 1322 268 1356 semina
298 1323 427 1357 saltem
465 1322 652 1369 quaedam
681 1321 798 1358 habet
826 1322 1083 1357 inveniendae
1105 1321 1255 1357 fortasse
1276 1321 1487 1369 aliquando

123 1378 342 1425 probabilis
366 1378 509 1413 dehoc
531 1378 660 1413 nostro
696 1379 952 1425 conjecturae.
1013 1377 1131 1413 Nihil
1159 1388 1355 1426 praeterea
1386 1378 1490 1427 apud.

123 1435 207 1473 VV.
229 1436 322 1470 DD.
346 1436 488 1483 reperi,
519 1448 590 1470 nec
612 1435 689 1482 ipse
714 1435 935 1483 quidquam'
952 1435 1048 1470 erui.

211 1498 248 1534 5.
281 1492 426 1539 aliquis.
459 1492 592 1527 Turic.
623 1490 727 1527 Flor.
766 1492 849 1534 (hic
876 1505 894 1525 a
914 1492 980 1525 sec.
1001 1490 1074 1538 m.)
1108 1492 1225 1539 aliqui
1255 1505 1344 1527 cum
1378 1492 1487 1530 Voff.

126 1559 161 1584 1.
187 1557 226 1592 5.
257 1550 393 1583 Burm.
417 1548 509 1582 inde
529 1547 645 1583 efficit
676 1548 824 1591 ιιίι”ειιι’,·ι
855 1548 917 1582 sed
937 1548 1174 1595 pronomine
1198 1549 1350 1597 indiget
1373 1550 1487 1586 color.

212 1603 403 1652 effulserit.
449 1604 576 1639 Guelf.
621 1604 835 1651 olvfulxeric.
878 1604 997 1639 Goth.
1043 1602 1235 1651 effluxerit
1267 1618 1357 1640 cum
1384 1605 1482 1642 Vall.

120 1661 226 1697 Voss.
257 1672 292 1697 2.
345 1673 467 1709 marg.
521 1659 634 1695 Colb.
679 1661 737 1696 Cf.
770 1663 905 1696 Burm.
940 1660 986 1694 ad
1016 1661 1191 1695 Declam.
1228 1673 1275 1708 9,
1319 1672 1355 1705 7.
1415 1663 1485 1698 ubi

122 1717 268 1766 offulsit
287 1717 454 1752 restituit
479 1731 498 1752 e
520 1716 655 1757 codd„
689 1728 726 1751 et
746 1716 946 1752 Dmkenb.
969 1716 1016 1750 ad
1040 1717 1107 1753 Sil.
1139 1726 1201 1760 ιδ,
1238 1732 1254 1753 1
1270 1725 1330 1762 ¹4·
1362 1718 1484 1763 (Cum

119 1773 248 1810 subito
291 1774 474 1810 dextrum
511 1772 658 1808 offulsit
701 1774 904 1809 conatibus
949 1775 1084 1816 omen)
1125 1774 1195 1809 ubi
1230 1774 1368 1810 itidem
1408 1788 1482 1824 pro

119 1828 259 1878 effulsit
290 1830 453 1866 alterum
487 1828 588 1863 illud
618 1843 636 1864 e
673 1831 755 1865 MS,
794 1830 1019 1877 repositum.
1093 1830 1209 1877 Quod
1237 1844 1316 1878 quo
1349 1833 1481 1867 minus

118 1884 186 1920 hic
219 1900 376 1935 quoque
408 1886 580 1934 placeat,
614 1886 760 1921 obstare
795 1887 955 1921 videtur
991 1889 1087 1921 inter
1118 1882 1324 1924 di'cendum.
1357 1890 1481 1924 Litte-

117 1955 200 1976 Tam
223 1944 263 1978 X
293 1943 388 1978 huic
421 1941 616 1978 vocabulo
636 1941 818 1977 infulciri
841 1943 991 1978 solitam
1024 1944 1115 1978 vide
1153 1943 1257 1991 apud
1278 1945 1477 1981 Drakenb.

116 1999 163 2034 ad
186 1999 278 2035 Liv.
304 2009 372 2041 21,
406 1999 470 2041 62,
507 2006 544 2044 4.
779 2000 892 2035 color.
927 1999 1060 2035 Turic.
1092 2000 1224 2035 cohors
1255 2013 1344 2036 cum
1374 2001 1478 2038 Alm.

826 2125 904 2172 Ipsi
964 2124 1200 2171 cogitationi
1259 2124 1364 2159 idem
1410 2124 1479 2160 ille

827 2181 929 2215 calor
981 2181 1171 2215 tribuitur
1214 2187 1237 2224 3
1282 2183 1370 2215 Pro.
1412 2191 1478 2222 27.

831 2251 846 2271 1
858 2249 879 2272 o
894 2263 903 2275 ,
947 2246 969 2279 3
984 2262 993 2275 ,
1037 2236 1073 2271 6.
1144 2237 1216 2270 Sed
1271 2235 1479 2284 effulgendi

174 2129 210 2166 5.
269 2122 449 2172 effuUerit
503 2124 768 2171 extemporalis

112 2179 230 2214 color.
278 2182 402 2228 Quem
441 2179 665 2216 Obrechtus
700 2181 766 2215 hic

109 2236 333 2272 substituere
368 2236 487 2276 velit,
520 2237 642 2277 calor,
674 2250 765 2285 pro-

109 2293 220 2328 batus
253 2296 479 2328 Burmanno
511 2302 549 2328 et
582 2294 763 2334 Gesnero,

110 2349 299 2384 leniffima
360 2361 571 2397 reponatur
640 2360 765 2384 muta-

111 2406 232 2441 tione.
294 2408 344 2441 Et
364 2406 406 2440 in
429 2405 764 2455 extemporalitate

111 2462 158 2497 est
185 2463 265 2498 sane
289 2463 413 2501 calor:
444 2462 668 2509 cujusmodi
694 2461 764 2496 ali-

110 2518 206 2566 quid
233 2533 251 2554 e
271 2519 446 2568 sequenti
479 2519 602 2568 capite
635 2522 668 2566 §-
700 2528 762 2553 12.

107 2573 186 2609 huc
220 2576 384 2611 advocat
415 2577 549 2610 Burm.
580 2576 639 2616 „si
662 2575 762 2610 calor

107 2643 178 2670 „ac
209 2631 363 2679 spiritus
387 2652 440 2659 ——·
460 2632 667 2667 succeffum
703 2644 761 2666 ex-

105 2688 392 2735 „temporalerm
409 2694 433 2709 “
532 2688 760 2737 Opponitur

105 2742 206 2777 calor
241 2743 466 2793 diligentiae
505 2758 577 2785 ιο,
613 2754 660 2789 5,
696 2751 759 2789 18·

824 2292 989 2327 verbum
1022 2294 1138 2328 calori
1169 2306 1307 2340 parum
1334 2305 1475 2328 conve-

823 2348 895 2389 nit,
921 2349 990 2396 qui
1010 2362 1089 2384 non
1112 2350 1310 2397 spectatur,
1333 2362 1473 2384 verum

821 2405 994 2440 sentitur.
1057 2407 1169 2441 Color
1192 2416 1333 2446 autem,
1356 2418 1474 2453 quem

822 2461 1000 2498 technico
1031 2461 1103 2497 illo
1140 2472 1288 2497 tantum
1321 2461 1470 2510 fignifi-

820 2528 905 2551 cntu
945 2520 1117 2568 accipere
1162 2519 1282 2554 nimis
1315 2518 1470 2553 fou-taffe

818 2574 1071 2615 assuevimus,
1117 2576 1163 2610 de
1194 2587 1272 2622 quo
1302 2575 1394 2610 vide
1430 2580 1466 2617 4,

819 2638 856 2669 2,
891 2637 958 2674 38.
991 2645 1066 2668 acc.
1099 2645 1161 2671 10,
1195 2646 1230 2672 1,
1267 2631 1371 2670 116„
1401 2629 1467 2665 hic

816 2686 934 2722 fuerit
958 2687 1152 2736 splendor,
1184 2690 1294 2722 nitor.
1353 2685 1464 2721 Alius

815 2746 1151 2794 &temporalitatis
1181 2743 1314 2783 color,
1363 2741 1465 2777 alius
