1779 3062
277 177 374 234 164
577 173 651 220 M.
700 174 835 220 ΕΑΒ.
885 174 1300 234 QUINTILIANI

276 305 415 354 ultra
434 299 660 350 modum
682 297 779 348 effe
803 308 940 349 cera‘s
964 300 1125 348 velim
1142 336 1154 356 ‚
1193 308 1438 363 expertus
1464 303 1616 360 juve-

279 397 404 429 nem
438 375 733 426 studiosum
784 377 986 441 alioqui
1030 377 1343 441 praelongos
1389 373 1623 424 habuiffe

283 455 579 511 sermones,
626 454 751 518 quia
773 454 894 502 illos
918 469 1144 501 numero
1168 451 1419 500 versuum
1443 453 1629 500 metie-

285 533 456 588 batur,
494 530 658 595 idque
697 530 918 588 vitium,
959 529 1106 592 quod
1142 527 1410 592 frequenti
1448 528 1630 578 admo-

285 609 493 658 nitione
525 607 716 670 corrigi
745 623 856 655 non
887 616 1145 671 potuerat,
1185 606 1398 653 mutatis
1435 605 1632 653 codici-

215 697 267 733 55
289 687 390 734 bus
409 682 506 732 effe
531 682 809 731 sublatum.
888 683 1060 731 Debet
1082 697 1264 729 vacare
1287 682 1444 729 etiam
1465 682 1632 737 locus,

289 765 348 811 in
390 777 498 825 quo
542 769 823 816 notentur,
899 776 1033 823 quae
1074 746 1633 806 scribentibus'solent

290 835 714 892 extrahi-dinem,
753 834 807 882 id
834 834 922 892 est,
967 851 1030 883 ex
1055 836 1184 892 aliis,
1214 851 1373 899 quam
1393 835 1489 898 qui
1510 832 1632 882 sunt
1643 847 1723 887 959

291 917 351 965 in
375 914 621 963 manibus
643 912 764 968 loci,
797 928 1085 959 occurrere.
1166 914 1469 977 Irrumpent
1488 911 1634 959 enim

294 992 484 1057 optimi
510 1005 896 1052 nonnunquam
928 986 1131 1044 sensus,
1173 1005 1308 1051 quos
1343 1003 1517 1050 neque
1550 987 1633 1034 in-

293 1067 461 1116 serere
488 1075 710 1131 oportet,
732 1081 904 1128 neque
930 1061 1142 1112 differre
1171 1074 1349 1111 tutum
1369 1062 1465 1110 est:
1507 1063 1634 1127 quia

291 1144 507 1193 interim
549 1141 859 1199 elabuntur,
928 1142 1143 1189 interim
1192 1140 1478 1189 memoriae
1509 1138 1633 1188 suae

294 1297 358 1333 Sic
379 1294 509 1331 Turio.
528 1292 633 1329 Flor.
662 1292 789 1328 Guelf.
821 1306 909 1328 cum
933 1292 1052 1329 Goth.
1082 1293 1185 1330 Voff.
1216 1305 1247 1328 1.
1272 1301 1308 1327 2.
1336 1300 1372 1336 5.
1404 1291 1501 1330 Jens.
1520 1291 1636 1326 Tarv-

292 1351 405 1390 Bafil.
434 1349 706 1400 confunduntur
753 1350 886 1386 Locat.
924 1362 1012 1384 cum
1046 1349 1203 1398 posterr,
1231 1349 1315 1384 edd.
1339 1358 1423 1383 ante
1446 1346 1532 1384 Ald.
1558 1359 1636 1383 acc.

293 1409 386 1445 Bad.
419 1406 579 1454 Reliqui
615 1405 855 1453 confundunt.
1077 1406 1174 1440 ultra
1204 1405 1362 1440 modum.
1405 1405 1536 1452 Camp.
1569 1403 1637 1438 ad-

294 1465 455 1500 modum.
744 1462 967 1509 praelongos
997 1460 1167 1509 habuiſje.
1201 1461 1333 1497 Turic.
1366 1460 1469 1497 Flor.
1502 1459 1584 1503 (hic
1614 1472 1637 1494 a

295 1535 355 1570 pr.
374 1522 446 1564 m.)
474 1534 513 1568 p.
533 1519 630 1554 alius
659 1531 746 1553 cum
767 1517 868 1553 Alm.
903 1517 974 1552 Ille
996 1531 1014 1551 a
1038 1518 1104 1552 sec.
1129 1531 1245 1552 manu
1273 1513 1356 1565 post
1376 1518 1508 1564 longos
1527 1516 1635 1565 alioq-

379 1573 732 1625 quia—versuum.
773 1574 903 1609 Turio.
953 1573 1035 1617 (hic
1068 1586 1086 1606 a
1123 1574 1190 1608 [ec.
1222 1587 1274 1608 m.
1318 1574 1493 1616 numeris)
1530 1570 1635 1606 Flor.

293 1631 379 1678 (hie
401 1645 421 1665 a
442 1643 500 1680 pr.
512 1634 582 1672 m.)
606 1632 668 1678 qui
689 1631 762 1664 illis
783 1642 948 1663 numeros
966 1628 1078 1677 usum.
1104 1630 1234 1678 Camp.
1256 1629 1355 1677 quod
1376 1630 1399 1664 i.
1422 1629 1579 1662 numeris
1591 1641 1636 1662 v.

380 1687 643 1722 admonitione.
676 1688 807 1734 Camp.
839 1687 1116 1720 ammonitione.
1313 1693 1498 1733 potuerat.
1530 1682 1636 1719 Flor-

295 1743 338 1794 (a
358 1757 417 1792 pr.
438 1746 509 1785 m.)
537 1750 750 1790 potuerant.

382 1807 448 1841 35.
493 1798 531 1832 id
554 1794 614 1844 eft,
637 1810 692 1834 ex.
732 1798 862 1832 Turic.
893 1798 988 1832 idem
1018 1806 1063 1832 et.
1097 1811 1115 1831 a
1137 1797 1204 1832 fec.
1226 1810 1278 1832 m.
1322 1799 1411 1831 item
1433 1805 1480 1837 et,
1513 1807 1550 1831 et
1582 1795 1635 1831 sie

295 1855 431 1903 Oamp.
678 1867 787 1902 quam
811 1856 883 1901 qai.
917 1847 1034 1888 Goth.
1069 1855 1157 1895 (tac.
1184 1854 1313 1897 Gesn.)
1351 1866 1576 1902 quanquam.

379 1913 418 1945 in
438 1909 614 1946 manibus.
637 1908 765 1946 Guelf.
786 1910 883 1947 Jens.
907 1912 994 1954 (tac.
1021 1910 1148 1955 Gesn.)
1172 1910 1390 1944 immanibus
1408 1922 1496 1944 cum
1517 1910 1634 1944 Tarv-

379 1967 463 2002 loci.
498 1967 631 2013 Camp.
662 1966 751 1999 locis
780 1978 866 1999 cum
893 1966 1010 2001 Goth.
1045 1976 1081 2000 et
1103 1966 1186 2000 edd.
1208 1976 1292 2000 ante
1313 1964 1425 2001 Batil.

382 2023 600 2070 Irrumpent.
631 2021 694 2055 Sic
725 2021 855 2056 Turio.
887 2022 990 2057 Flor.
1025 2020 1110 2069 (hic
1138 2035 1157 2055 a
1186 2035 1245 2069 pr.
1273 2022 1359 2066 m.).
1395 2019 1556 2067 Reliqui
1584 2021 1638 2054 Ir-

297 2089 482 2127 rumpunt.
743 2085 872 2112 tutum.
905 2077 1031 2113 Guelf.
1075 2086 1227 2111 tantum.
1490 2077 1638 2110 interim

297 2135 502 2176 elabuntur,
534 2136 689 2169 interim.
731 2133 864 2168 Tun-ic.
905 2133 1006 2169 Flor.
1040 2133 1123 2177 (hic
1155 2146 1175 2166 a
1202 2146 1260 2180 pr.
1281 2133 1417 2176 manu)
1451 2132 1638 2167 omittunt

295 2203 384 2227 cum
405 2191 507 2227 Alm.
731 2187 802 2238 sui.
835 2189 968 2224 Turio.
999 2189 1102 2224 Flor.
1135 2189 1267 2237 Camp.
1291 2187 1383 2238 suae
1422 2200 1511 2223 cum
1546 2186 1637 2222 reli-

291 2314 536 2353 monstretur‚
574 2310 680 2361 quod
714 2310 803 2345 fieri
822 2311 935 2358 poffit
990 2310 1085 2346 tudo
1098 2323 1232 2358 parum
1254 2311 1461 2346 studiosum
1475 2320 1630 2357 arguat:

288 2370 367 2406 alio
400 2369 569 2418 quodam
598 2366 822 2407 eveniente3
862 2380 932 2402 nec
988 2367 1060 2401 nisi
1093 2367 1192 2401 sorte
1232 2367 1441 2415 imparatus
1473 2366 1542 2414 qui
1583 2366 1637 2400 ad·

286 2425 424 2462 fimilis
453 2425 552 2461 ratio
584 2424 627 2459 in
649 2423 820 2471 faciunt,
862 2421 932 2457 ubi
988 2423 1176 2457 orandum
1193 2423 1344 2458 accedat
1363 2422 1547 2458 verbosus
1568 2421 1632 2461 fit,

286 2482 470 2528 adjicitur
506 2482 662 2516 interim.
731 2477 930 2526 „confusus
984 2479 1103 2526 idque
1131 2478 1250 2514 fuerit
1293 2478 1568 2526 expectandum
1608 2490 1628 2512 a

283 2537 447 2577 „stilus“
474 2537 524 2571 est
545 2549 560 2569 1
577 2561 587 2576 ,
622 2551 658 2577 1,
691 2541 754 2579 28.
985 2534 1125 2568 defidia
1143 2548 1230 2570 raro
1251 2545 1317 2570 aut
1335 2546 1533 2581 nunquam
1553 2533 1629 2568 stu·

340 2593 491 2641 alioqui.
531 2592 578 2627 cf.
609 2596 642 2639 ᾖ.
667 2600 727 2634 13.
787 2592 926 2639 Neque
983 2590 1119 2625 dentis.
1133 2591 1181 2626 Et
1199 2590 1292 2625 haec
1312 2590 1463 2625 fortasse
1484 2589 1627 2624 rectior

281 2648 385 2683 enim
413 2648 554 2687 video,
585 2647 785 2696 quomodo
819 2661 925 2696 prae·
981 2647 1091 2681 ratio.
1151 2647 1211 2681 Ad
1241 2645 1405 2695 habuiſj‘e
1435 2644 1534 2680 male
1565 2657 1624 2680 re-

279 2702 491 2752 longorum
519 2704 738 2739 sermonum
768 2704 924 2740 consue·
981 2700 1126 2738 tuleris
1149 2702 1389 2740 adverbium.
