1779 3062
264 159 362 215 673
582 154 659 201 M.
698 155 833 202 ΕΑΒ.
869 153 1291 215 QUINTILIANI

261 286 367 345 iam
396 280 570 339 illum,
609 299 720 347 quo
749 277 1063 338 fefellerant,
1102 289 1297 330 exuant
1323 282 1613 330 mentitum-

266 359 527 416 colorem‚
579 370 632 409 et
663 356 890 424 quadam
921 358 1013 406 vix
1042 357 1326 415 enarrabili
1356 356 1609 408 foeditate

266 434 561 504 pallescant.
643 439 843 485 Luceat
868 435 1038 501 ,igitur
1077 435 1209 484 haec
1252 435 1380 486 citra
1417 434 1612 495 solem,

268 635 335 662 nas
356 624 539 675 sulphura
569 623 697 661 Guelf.
733 633 774 660 ut
799 623 959 672 succinis
979 623 1014 674 s.
1038 624 1135 663 Jcns.
1170 632 1209 658 et
1234 621 1326 671 post.
1351 633 1437 661 ante
1459 624 1613 674 Gryph.

267 691 310 720 ιιι
339 682 496 720 buccinis
525 696 689 730 pur-pura
719 694 841 730 marg.
873 680 986 717 Bnfil.
1025 689 1064 716 nt
1097 681 1284 715 buccinum
1306 694 1472 728 pur-pura
1493 681 1615 718 Goth.

267 739 371 776 Vall.
429 747 470 773 ut
499 738 668 774 bucinum
696 751 897 786 purpuram.
923 738 1028 775 Voss‘.
1067 746 1104 774 2.
1153 746 1193 771 uc
1225 735 1382 771 buccinis
1415 751 1616 786 purpuram

268 794 420 845 Gryph.
458 805 497 831 et
523 795 758 831 recentiores
789 803 940 843 praeter
969 793 1067 829 Obr.
1125 795 1308 842 Apparet,
1341 793 1495 841 opinor,
1524 794 1616 830 scri·

266 863 400 902 pturas
424 850 586 901 sueinus,
610 850 768 900 succinis
799 849 944 892 eadem,
975 863 1198 899 quanquam
1218 849 1261 884 in
1285 849 1367 883 mss'.
1391 851 1615 900 corruptio·

263 909 330 945 nis
362 908 427 944 via
454 908 698 957 proveniffe,
745 919 821 956 qua
853 906 895 942 in
926 906 1194 956 superioribus
1227 904 1356 954 sucum
1387 915 1424 941 et
1446 904 1618 956 succum,-

267 965 419 1001 buccina
450 975 579 1001 autem
607 964 680 999 effe
711 963 1005 1000 correctionem.
1038 963 1363 1012 Repraesentanda
1383 963 1516 1011 itaque
1537 973 1617 999 erat

265 1021 509 1057 vetustorum
544 1021 741 1056 librorum
772 1019 980 1068 scriptura,
1025 1033 1105 1055 non
1136 1030 1264 1055 tamen
1294 1031 1384 1053 cum
1414 1019 1614 1055 manifesto

264 1077 420 1114 indocti
444 1077 597 1113 librarii
627 1077 901 1117 mendow-us,
933 1077 992 1112 sed
1026 1077 1069 1111 in
1099 1090 1153 1117 ea,
1176 1088 1293 1124 quam
1320 1087 1443 1111 nexus
1471 1076 1617 1112 senten·

265 1135 410 1169 uiarum
452 1142 492 1169 et
527 1144 796 1181 comparatum
835 1132 937 1168 illud
970 1132 1130 1181 succinis
1168 1132 1279 1180 prius
1316 1130 1426 1166 fuiffe
1461 1131 1617 1170 docent.

266 1191 392 1225 dativi
423 1190 547 1225 forma
569 1189 725 1237 fucinis.
758 1190 866 1236 Quae
896 1202 979 1224 vox
1005 1203 1053 1224 an
1083 1189 1202 1224 latina
1227 1187 1286 1228 sit,
1317 1200 1365 1222 an
1386 1187 1494 1224 aliud
1518 1187 1615 1236 quid

264 1247 411 1287 verius,
442 1247 492 1280 [ic
522 1246 681 1285 demum
710 1246 784 1281 rite
817 1244 1130 1293 investigabitur.
1386 1245 1468 1289 jam
1498 1245 1615 1285 illum,

264 1316 337 1352 quo
361 1301 596 1351 fefellerant,
626 1300 1058 1351 exuant—pallescant.
1117 1302 1182 1338 Sic
1211 1313 1284 1337 nos
1313 1315 1334 1338 ο
1363 1301 1480 1337 certis
1510 1300 1615 1337 eodi-

263 1462 331 1499 nio
354 1461 525 1502 Gesner„
548 1460 657 1508 quod
670 1460 710 1495 in
724 1459 914 1510 pretiofis-

263 1518 371 1554 simis
388 1528 467 1553 erat
487 1517 699 1553 buccinum
712 1527 749 1551 et
761 1515 807 1550 ad
819 1529 912 1565 pur-

262 1588 380 1623 puras
403 1574 529 1623 ipsum
552 1573 803 1609 referebatur.
837 1574 914 1607 Im-

262 1632 406 1669 merito
439 1641 567 1665 tamen
595 1630 702 1664 idem
730 1626 916 1676 probavit

261 1687 433 1722 Ferrarii
465 1686 728 1731 conjecturam
759 1692 799 1718 ut
829 1684 913 1719 buc·

262 1745 335 1777 cini
352 1756 554 1791 pur-puram
574 1740 601 1776 i.
624 1755 655 1775 e.
679 1751 752 1781 „ut
772 1740 800 1774 [i
820 1740 911 1775 fuco

261 1799 423 1840 „tinctis
453 1797 765 1847 pretiosiffimam
802 1795 913 1830 illam

260 1854 451 1897 „baccini
514 1866 730 1902 purpuram
780 1853 913 1887 admo·

250 1918 419 1957 ⁴,‚veas·‘;
473 1910 580 1959 quod
611 1922 681 1959 per
712 1910 747 1947 sa
778 1908 915 1944 infice-

265 1979 365 2009 tum,
399 1967 551 2003 corruit
571 1980 613 2002 ea
636 1965 713 2002 sola
739 1964 916 2002 observa-

265 2025 387 2064 tione,
418 2037 514 2072 quae
549 2033 682 2059 contra
715 2021 915 2070 vulgatam

264 2081 376 2117 illam
409 2075 523 2117 etiarn
549 2079 663 2120 valet,
694 2078 801 2127 quod
832 2076 915 2114 illis

267 2137 477 2174 ovidianis
501 2136 546 2171 de
569 2135 800 2172 conferenda
823 2134 914 2170 fuco

264 2207 450 2244 purpura,
483 2206 563 2229 non
590 2193 667 2228 hoc
693 2192 816 2239 ipsum
845 2192 916 2226 ite·

258 2264 350 2287 rum
378 2264 448 2299 per
479 2251 520 2285 Si
551 2262 638 2285 vero
672 2249 810 2294 subjici
847 2260 916 2297 po-

261 2309 350 2344 tuit.
413 2308 520 2341 Haec
555 2306 754 2355 reputanti
791 2304 915 2340 statim

263 2363 511 2413 exploratum
546 2362 618 2397 else
648 2360 796 2401 debuit,
827 2360 916 2396 scri-

261 2432 417 2470 pturam
443 2418 595 2469 sulfura
627 2418 786 2454 alteram
813 2417 916 2453 veri-

264 2477 351 2513 tatis
384 2486 533 2524 partem
566 2475 776 2511 continere.
837 2475 918 2511 Ne-

970 1472 1091 1508 genus
1117 1459 1405 1508 digreffionem,
1444 1468 1529 1494 tum
1564 1457 1617 1496 ob

968 1530 1052 1552 rem
1084 1517 1228 1565 iplanu
1268 1529 1358 1551 nam
1388 1526 1620 1564 corruptum

970 1572 1123 1620 aliquid
1155 1582 1221 1611 aut
1250 1570 1331 1608 vile
1356 1582 1620 1607 memoratum

970 1627 1266 1677 requirebatur,
1315 1627 1429 1678 quale
1457 1640 1539 1663 non
1571 1626 1621 1663 est

970 1681 1191 1726 succinum3
1221 1697 1350 1733 neque
1370 1697 1442 1733 pro
1455 1696 1616 1732 mango-

969 1741 1099 1776 nizato
1114 1741 1241 1776 nescio
1255 1753 1334 1788 quo
1349 1739 1502 1776 succino
1517 1739 1619 1784 (vid.

972 1797 1100 1841 Gesn.)
1125 1797 1323 1833 succinum
1342 1797 1469 1845 ipsum
1489 1795 1619 1831 nomi·

971 1852 1125 1889 navarit
1139 1851 1420 1900 Quintilianus.
1477 1854 1533 1888 Ita
1552 1864 1621 1888 ve·

971 1923 1061 1945 rum
1092 1910 1235 1944 sensum
1266 1909 1370 1945 haud
1392 1908 1511 1945 dubie
1533 1908 1620 1944 uni·

973 1979 1041 2002 cus
1071 1965 1198 2001 adhuc
1229 1965 1450 2002 Obrechtus
1469 1978 1622 2014 reprae-

971 2022 1154 2063 sentavit,
1186 2014 1261 2070 qui*
1288 2023 1511 2069 conjectura
1537 2034 1623 2057 rem

973 2079 1159 2116 affecutus
1192 2078 1323 2128 posuit
1354 2072 1394 2113 ut
1419 2077 1511 2126 fuco
1536 2079 1623 2114 >tin-

973 2134 1212 2184 ctis-sulfura.
1272 2136 1359 2173 Jam
1387 2135 1464 2170 hoc
1491 2130 1621 2183 ipsum

973 2191 1046 2228 alia
1076 2191 1201 2228 forma
1230 2190 1350 2226 hodie
1377 2190 1492 2226 nobis
1513 2203 1622 2239 prae-

974 2249 1067 2285 bent
1092 2248 1245 2283 codices
1267 2246 1410 2296 optimi
1431 2245 1624 2283 levissime

975 2315 1125 2341 tanturn
1156 2316 1230 2354 ope
1259 2314 1478 2340 ceterorum
1498 2301 1622 2339 libro-

972 2374 1062 2398 rum
1085 2360 1293 2401 emendati,
1315 2359 1451 2408 fucina
1478 2369 1620 2395 neutro

975 2431 1134 2467 genere,
1164 2428 1207 2452 ut
1239 2417 1282 2452 in
1305 2415 1391 2452 aliis
1418 2415 1620 2453 coloribus

977 2475 1095 2524 saepe,
1126 2488 1157 2509 e.
1185 2487 1220 2522 g.
1250 2474 1294 2509 in
1322 2472 1396 2508 illo
1425 2471 1621 2509 Martialis

271 2547 348 2581 que
376 2543 504 2568 tamen
517 2531 675 2581 succinis
695 2530 800 2572 ideo,
822 2543 921 2580 quae
981 2540 1019 2572 2,
1045 2539 1111 2578 39.
1145 2531 1299 2567 Coccina
1311 2528 1485 2579 famosae
1506 2528 1625 2564 donas

270 2589 314 2625 in
337 2588 535 2638 aliquibus
556 2587 670 2624 libris
690 2588 821 2634 juncta
840 2586 925 2622 illis
981 2596 1018 2623 et
1036 2587 1204 2623 ianthina
1223 2586 1404 2626 moechae.
1424 2585 1542 2633 Quod
1559 2598 1624 2620 au-

274 2656 406 2687 erant,
447 2643 793 2681 adhaerescendum
833 2653 924 2684 erat,
981 2654 1060 2680 tem
1100 2657 1181 2679 non
1221 2642 1349 2678 adhuc
1390 2642 1535 2678 lectum
1575 2639 1625 2676 est

275 2713 368 2738 cum
409 2701 460 2738 ob
500 2700 708 2751 illepidum
742 2701 786 2738 in
818 2699 927 2738 aliud
984 2699 1072 2737 aliis
1092 2699 1199 2739 locis.
1213 2698 1449 2747 adjectivum
1466 2696 1624 2747 fucinus,
