1779 3062
279 124 373 158 122
603 110 678 157 Μ.
711 111 846 157 FAB.
883 113 1302 176 QUINTILIANI

203 251 254 280 12
278 237 342 287 ad
362 237 599 288 alienum
629 237 958 305 propofitum
984 243 1425 293 accommodatur.
1504 249 1627 315 Quo

270 315 351 374 fit,
390 327 454 364 ut
476 318 655 366 minus
680 315 962 382 sanguinis,
984 335 1041 365 ac
1067 321 1268 369 virium
1287 320 1626 373 declamatio-

269 410 366 442 nes
399 393 653 452 habeant,
708 410 868 460 quam
902 396 1192 445 orationes:
1251 399 1377 461 quia
1424 400 1482 448 in
1513 401 1622 449 illis

270 487 425 528 vera,
483 471 543 519 in
575 470 663 520 his
710 470 986 521 affimulata
1033 474 1250 521 materia
1286 474 1370 523 est.
1471 476 1623 525 Adde

270 547 422 612 quod
448 565 522 606 ea,
563 565 697 613 quae
719 550 777 597 111
802 560 1009 598 oratore
1030 552 1258 598 maxima
1279 549 1418 609 sunt,
1450 553 1626 601 imita-

268 625 398 673 bilia
424 641 537 676 non
558 624 704 683 sunt,
745 629 1034 695 ingenium,
1074 630 1314 686 inventio,
1349 631 1448 687 vis,
1473 626 1625 699 faci-

198 715 246 752 15
270 702 416 762 litas,
473 714 527 752 et
562 703 834 769 quidquid.
868 714 978 752 arte
1009 721 1122 753 non
1154 704 1394 754 traditur.
1493 706 1621 757 Ideo

264 907 368 951 Ahn.
399 908 523 942 Stoer.
556 906 722 941 Chouet.
758 905 870 941 Leid.
906 899 955 941 cf.⁴
979 915 1015 946 2,
1054 915 1117 950 15,
1151 918 1186 954 9.
1246 907 1387 954 Neque
1422 909 1526 943 enim
1555 909 1621 945 vel

263 962 331 999 1110
352 955 465 1012 Plane
490 963 540 997 est
569 963 615 997 de
645 962 790 997 nihilo.
850 963 1028 998 praefero
1056 974 1190 1008 tamen
1220 975 1426 1011 receptam,
1460 977 1622 1013 propter

263 1020 461 1068 sequentia
490 1019 671 1054 maxime.
863 1020 1171 1055 accommodatur.
1207 1019 1336 1056 Guelf.
1367 1023 1622 1058 commodatur

262 1089 353 1112 cum
372 1076 483 1112 Leid.
512 1087 549 1111 et
567 1089 687 1124 marg.
714 1076 899 1112 Choueti.

359 1142 422 1168 12.
465 1134 547 1184 Quo
572 1131 640 1179 fit.
674 1133 807 1168 Turic.
847 1132 951 1168 Flor.
995 1134 1128 1182 Camp.
1162 1134 1262 1183 quod
1275 1132 1376 1181 facit
1406 1148 1494 1170 cum
1516 1134 1619 1171 Alm.

263 1191 362 1239 quod
389 1188 446 1236 fit
475 1189 573 1227 Jens.
611 1188 728 1223 Tarv.
984 1189 1281 1225 declamationes.
1314 1191 1448 1227 Turio.
1483 1192 1617 1240 Camp.

261 1247 539 1282 declamatores.
771 1243 944 1280 habeant.
975 1245 1107 1281 Turic-
1131 1246 1236 1282 Flor.
1268 1249 1306 1290 (a
1342 1261 1401 1295 pr.
1432 1261 1484 1282 m.
1499 1258 1620 1283 *utet-

262 1302 359 1351 que)
400 1302 546 1336 habent.
784 1301 984 1335 orationes.
1025 1302 1159 1337 Turic.
1209 1302 1250 1349 (a
1281 1303 1349 1338 sec.
1378 1305 1452 1348 m.)
1485 1304 1618 1353 Camp-

259 1369 438 1395 oratores.
500 1356 599 1391 Inest
618 1355 768 1404 aliquid
800 1356 922 1391 scabri
955 1370 1044 1392 cum
1065 1358 1107 1393 in
1137 1359 1314 1394 oratione
1338 1371 1424 1395 tum
1444 1360 1485 1394 in
1506 1373 1620 1409 argu-

258 1415 498 1451 mentatione
528 1413 686 1448 horum.
749 1412 889 1447 Malim
920 1427 939 1448 e
968 1415 1228 1451 vetustiffimis
1258 1415 1372 1451 libris
1402 1418 1449 1452 fic
1487 1413 1619 1452 rescri-

258 1473 372 1509 bere:
408 1482 444 1507 et
472 1472 522 1507 ad
555 1470 715 1504 alienum
749 1468 981 1517 propositum
1014 1473 1272 1507 accommodae
1302 1474 1402 1520 quod
1425 1472 1546 1523 facit.-
1579 1483 1621 1509 ue

259 1531 380 1564 minus
393 1528 593 1577 sanguinis
612 1535 648 1560 et
667 1528 802 1562 virium
823 1526 962 1561 habent
982 1527 1270 1564 declamationes
1291 1542 1402 1577 quam
1421 1533 1619 1565 orationes.

346 1587 446 1634 quia.
512 1583 575 1619 Sic
596 1582 700 1617 Γ101.
724 1583 783 1616 sed
806 1596 825 1616 a
847 1596 904 1630 p).
928 1596 979 1618 m.
1004 1594 1041 1618 et
1061 1584 1126 1619 1110
1152 1596 1188 1620 et
1213 1585 1347 1621 Turio.
1389 1600 1499 1635 quam
1529 1599 1619 1622 cum

255 1641 384 1682 Alm.;
416 1655 436 1676 a
464 1641 532 1676 [00.
563 1652 615 1674 m.
649 1639 781 1675 Tmic.
812 1653 1046 1689 quanquam.
1094 1641 1255 1689 Reliqui
1285 1642 1394 1689 quod.

345 1697 567 1748 affimulata.
600 1695 870 1731 Tu1ic.F10r.
903 1696 1308 1747 Camp.diſjimulata.
1343 1660 1616 1734 Guelf.Goti1.

257 1756 356 1796 Jens.
390 1758 480 1800 (tac.
502 1754 630 1797 Gesn.)
662 1753 778 1788 Tarv.
809 1751 1013 1801 affimilata
1043 1767 1132 1789 cum
1164 1756 1278 1790 Bem.
1319 1754 1407 1790 Ald.
1440 1755 1486 1790 cf.
1512 1766 1548 1802 9,
1579 1766 1617 1795 2,

259 1824 326 1857 27.
356 1812 476 1847 Dicas
499 1810 557 1844 dis
576 1819 710 1845 natum
730 1823 748 1843 e
773 1809 1025 1856 praecedente
1045 1811 1123 1851 his,
1154 1821 1199 1845 ut
1224 1821 1261 1846 et
1281 1811 1347 1846 hic
1367 1811 1480 1846 malis
1501 1824 1616 1860 repo-

256 1883 349 1906 nere
376 1867 584 1917 simulata;
635 1866 698 1901 sed
727 1865 887 1901 videtur
920 1866 1208 1914 frequentatum
1239 1868 1368 1902 nostro
1398 1868 1474 1903 hoc
1508 1880 1615 1903 com-

257 1928 442 1977 pofitum.
484 1945 488 1949 ι
678 1922 778 1971 quod
806 1935 859 1957 ea.
894 1923 1027 1972 Camp.
1059 1927 1123 1971 qui
1148 1938 1203 1960 ea.
1235 1923 1355 1960 Goth.
1386 1925 1425 1972 (a
1449 1925 1519 1962 sec.
1541 1927 1615 1969 m.)

235 1983 409 2020 vomittit
446 1979 558 2032 quod.
821 1988 983 2015 oratore.
1041 1982 1141 2018 Jens.
1196 1983 1368 2016 oratione
1408 1994 1498 2017 cum
1528 1982 1615 2019 edd.

258 2041 418 2090 postem:
454 2049 539 2073 ante
569 2037 658 2073 Ald.
885 2038 1062 2077 inventio,
1092 2040 1158 2074 vis.
1190 2037 1324 2072 Turic.
1348 2037 1453 2074 Flor.
1480 2039 1616 2088 Campa

256 2099 483 2133 inventionis
523 2107 612 2129 cum
645 2092 759 2129 Bodl.
796 2091 969 2129 Colbert.
1003 2094 1107 2130 Voff.
1132 2105 1168 2130 2.
1210 2093 1329 2129 Goth.
1361 2097 1453 2138 (err.
1485 2095 1618 2143 Gefn.)

254 2155 351 2190 Loc.
374 2155 473 2192 Ven.
494 2152 604 2186 Ruso.
624 2150 716 2185 Bad.
738 2149 859 2185 Andr.
891 2152 1120 2186 inventiones
1148 2151 1245 2188 Jens.
1271 2150 1386 2186 Tarv.
1413 2150 1500 2186 Ald.
1526 2164 1617 2186 cum

255 2210 362 2247 Voff.
388 2223 421 2245 1.
448 2219 485 2253 3.
543 2207 744 2246 Nostrum,
776 2205 847 2241 nist
870 2206 1094 2246 dormitavi,
1125 2205 1252 2242 Guelf.
1313 2208 1357 2242 In
1380 2207 1464 2243 edd.
1486 2208 1614 2257 prima

254 2266 364 2304 Bam.
387 2277 425 2305 et
450 2265 500 2301 est
519 2264 674 2301 fortasse
697 2276 715 2296 a
736 2262 960 2307 conjectura
982 2262 1199 2300 Philandri.

348 2333 410 2369 15.
443 2323 545 2359 Ideo.
605 2321 668 2357 Sic
688 2318 822 2355 Turic.
846 2317 950 2355 Flor.
974 2332 1065 2355 cum
1087 2320 1190 2355 Alm.
1214 2319 1376 2369 Reliqui
1395 2321 1570 2372 Ideoque.

319 2509 382 2533 11.
422 2503 483 2531 12.
518 2490 817 2529 accommodatur
851 2507 908 2518 —
965 2500 1024 2526 ter
1057 2493 1248 2540 politum,
1292 2491 1521 2528 breviffimo
1555 2492 1615 2530 in·

255 2567 365 2603 quam
389 2555 586 2587 orationes.
611 2549 659 2585 cf.
681 2558 779 2584 nott.
803 2547 906 2583 critt.
965 2548 1130 2583 tervallo
1154 2548 1221 2595 (cf.
1250 2561 1311 2587 10,
1347 2563 1382 2589 1,
1417 2550 1521 2596 25,);
1551 2549 1614 2585 [ed

318 2611 458 2646 12.vis,
471 2609 518 2644 ef,
534 2614 569 2652 g,
584 2616 621 2651 5,
635 2611 700 2650 88.
713 2616 750 2651 9,
766 2615 800 2643 2,
819 2615 907 2645 104.
965 2603 1042 2640 1100
1064 2604 1216 2642 fortaffe
1246 2604 1433 2642 consulto.

254 2667 323 2704 hic
347 2669 381 2714 ᾗ.
406 2673 471 2710 25.
504 2664 613 2701 Adde
631 2661 732 2712 quod
754 2660 906 2697 attende
