1779 3062
404 150 890 215 1Nsr.·0RAToR.
925 152 1047 196 Lm.
1087 153 1159 210 x,
1199 167 1244 210 3.

1364 226 1368 231 .
1408 166 1501 229 147

141 275 445 340 eloquentia
483 276 804 333 Galliarum,
861 278 1117 340 quoniam
1161 277 1238 326 ibi
1278 278 1497 346 demum

51 353 377 408 955exercuit
405 369 538 410 eam,
577 354 840 417 princeps,
883 353 1087 417 alioqui
1123 356 1263 404 inter
1297 374 1495 425 paucos

136 427 379 487 disertus,
407 440 459 477 et
483 429 680 495 dignus
708 430 801 477 illa
827 431 1237 495 propinquitate.
1297 437 1345 484 Is
1372 452 1495 486 cum

133 581 238 618 Flor.
267 584 421 631 patri03
451 596 469 617 a
489 583 557 621 sec.
578 596 630 619 m.
654 582 723 618 ille
739 584 876 632 Jpacre,
900 593 938 619 et
959 582 1010 618 sic
1031 582 1178 633 Camp„
1210 584 1276 621 hic
1305 587 1491 626 nostrum.

132 637 258 674 Guelf.
288 648 461 687 patrono.

129 761 232 809 apud
252 762 444 811 Regium,
477 776 565 798 cum
599 763 778 812 „liquere

126 818 256 867 „quod
302 820 397 854 nulli
430 819 610 868 secundus
630 820 686 868 sic
731 835 778 856 ex

125 875 235 920 „ejus
313 875 577 923 eloquentia“‚
657 878 775 913 nimis

124 930 228 965 fatue
259 930 428 972 dicatur,
472 947 691 982 quanquam
729 947 774 969 eo

125 986 235 1022 ducit
274 987 468 1025 distinctio
513 990 556 1024 in
592 991 774 1027 editioni-

124 1042 196 1080 bus
226 1047 508 1081 commentarii.
581 1046 684 1081 Illud
719 1047 770 1081 al-

123 1109 248 1154 terum
320 1112 471 1150 tamen,
533 1103 771 1150 Quintiliani

123 1155 355 1205 discipulum
411 1159 521 1195 fuisse
572 1171 770 1196 auctorem

122 1212 311 1247 breviarii
330 1214 504 1257 Florum,
527 1230 643 1264 quare
669 1227 769 1252 tanta

120 1268 267 1303 fiducia
298 1283 346 1304 ex
369 1274 544 1307 oratione
580 1274 660 1318 ejus
689 1273 768 1308 col-

120 1323 264 1372 ligatur
317 1340 336 1361 a
388 1328 499 1364 Valla
549 1330 765 1377 Regioque,

118 1381 300 1429 ignorare
319 1397 380 1419 me
401 1385 534 1420 fateor.
589 1385 767 1421 Volater-

118 1451 258 1479 rzmus,
290 1450 333 1474 ut
364 1453 503 1475 notum
531 1442 602 1482 est,
632 1442 768 1489 Epito-

117 1505 306 1530 matorem
352 1497 465 1532 Livii
506 1497 766 1545 historiaeque

116 1551 311 1587 Romanae
341 1553 565 1601 scriptorem
601 1555 768 1589 credidit

117 1608 188 1646 effe
217 1608 342 1655 ipsum
373 1610 493 1644 nostri
519 1609 672 1648 Julium
701 1613 765 1645 Se-

116 1664 310 1706 cundum,
343 1677 432 1700 cum
462 1666 614 1714 aliquot
642 1665 764 1702 libro-

112 1733 202 1755 rum
221 1721 448 1769 scripturam
469 1723 511 1758 in
538 1722 653 1759 titulo
678 1723 763 1759 bre-

112 1777 252 1817 viarii,
282 1779 377 1812 Julii
409 1792 501 1827 prae
533 1778 649 1814 altera
686 1782 763 1815 An-

114 1835 219 1874 naei,
266 1834 462 1881 probaret.

112 1889 394 1937 probabiliter3
442 1905 530 1926 nam
575 1904 622 1925 ne
663 1903 760 1928 aetas

113 1945 273 1992 quidem
293 1948 487 1995 congruit,
514 1961 601 1982 cum
623 1948 761 1984 Florus

115 2012 277 2037 exeunte
328 2003 487 2049 Trajani
537 2005 762 2053 principatu

112 2058 322 2106 scripserit,
379 2062 579 2096 Secundus
640 2062 761 2098 fuerit

114 2115 189 2163 Qu.
258 2114 439 2164 aequalis.
515 2119 761 2153 Burmannus

112 2171 307 2220 quidquid
341 2172 391 2207 est
426 2174 639 2210 mentionis
671 2173 760 2209 Flo-

111 2241 247 2264 rorum
281 2229 383 2278 apud
411 2241 581 2269 veteres,
613 2241 760 2279 tempo-

111 2298 200 2321 rum
241 2285 559 2335 reliquarumque
602 2287 760 2322 diversi-

113 2353 235 2377 tatum
267 2341 346 2377 fere
370 2343 536 2383 securus,
562 2343 756 2391 congessit.

114 2397 222 2432 Mihi
251 2410 292 2431 ea
321 2412 557 2447 magnopere
589 2401 623 2434 se
652 2413 758 2435 com-

113 2454 268 2489 mendat
299 2455 422 2496 ratio,
454 2466 495 2490 ut
528 2456 613 2495 hic,
645 2469 761 2504 quem

113 2510 238 2545 noster
268 2509 522 2552 demonstrat,
583 2513 661 2561 ipse
691 2512 761 2547 ille

112 2566 245 2608 fuerit,
293 2568 338 2602 ad
387 2581 503 2615 quem
539 2569 674 2617 scripta
712 2568 763 2604 est

111 2623 269 2658 Horatii
306 2623 463 2673 epistola
502 2624 599 2661 libri
640 2625 763 2674 primi

114 2680 237 2715 tertia.
271 2680 313 2717 Si
336 2681 454 2723 enim,
484 2680 527 2716 id
548 2682 654 2731 quod
674 2694 761 2717 cen-

521 1837 662 1869 Parum
693 1835 762 1871 ille

836 764 900 799 seo
939 773 976 798 et
1008 775 1253 811 agnoverunt
1274 765 1359 803 VV.
1381 768 1486 807 DD.,

836 819 975 855 Florus
1007 822 1169 855 Senecae
1204 822 1306 869 patri
1338 835 1487 858 memo-

835 887 940 910 ratus
955 877 1143 911 Coun-ov.
1164 884 1242 920 25„
1265 890 1488 926 quanquam

834 933 994 967 nomine
1015 944 1095 967 non
1117 934 1272 974 addito,
1305 935 1412 969 idem
1437 935 1487 971 est

832 989 978 1029 nostro,
1009 988 1123 1036 plane
1157 992 1342 1037 congruit
1373 1002 1486 1033 aetas,

831 1057 874 1080 ut
894 1047 1106 1080 Latronem
1138 1046 1307 1081 audierit
1336 1047 1382 1088 is,
1416 1048 1488 1096 qui

831 1102 986 1138 Tiberii
1044 1103 1222 1137 nondum
1290 1104 1484 1152 principis

828 1159 949 1194 fuerit
971 1158 1196 1200 familiaris,
1226 1159 1307 1195 vid.
1332 1173 1404 1195 nos
1433 1161 1481 1206 ad

831 1227 877 1262 9,
913 1227 959 1256 2,
1004 1227 1067 1261 9¹·
1127 1217 1177 1250 Et
1207 1227 1478 1264 praeterquam

828 1271 936 1319 quod
979 1271 1029 1306 est
1071 1285 1118 1306 ex
1175 1270 1368 1320 „studiosa
1413 1286 1477 1308 co-

824 1327 995 1368 ‚‚horte“
1022 1328 1261 1363 Horatianus
1285 1328 1352 1363 ille
1374 1342 1411 1364 v.
1427 1329 1478 1370 6.,

824 1384 931 1419 idem
961 1397 1000 1419 v.
1027 1393 1094 1427 25.
1122 1383 1326 1431 „linguam
1357 1385 1477 1421 causis

824 1441 997 1481 ‚,acuit.“
1055 1441 1181 1475 Restat
1215 1451 1259 1475 ut
1287 1441 1331 1475 in
1354 1440 1480 1477 Gallia

825 1498 1017 1531 versatum
1074 1496 1310 1544 probemus,
1371 1497 1478 1545 quod

824 1553 916 1588 inde
942 1552 1234 1600 quodammodo
1258 1566 1366 1594 eruo,
1386 1554 1476 1601 quia

823 1620 983 1644 vocatus
1004 1609 1078 1643 fuit
1096 1608 1226 1646 Julius
1245 1608 1384 1644 Florus
1407 1608 1476 1646 ille

822 1665 925 1714 apud
955 1665 1134 1700 Tacitum
1156 1675 1202 1708 5,
1233 1671 1298 1708 40.
1330 1667 1473 1701 Treve-

822 1735 958 1758 rorum
991 1721 1174 1762 rebellis;
1213 1722 1370 1757 civitate
1404 1722 1473 1757 do·

820 1789 944 1818 natus,
976 1791 1091 1826 quam
1110 1778 1263 1813 fortasse
1282 1779 1411 1814 noster
1435 1778 1473 1815 ei

818 1834 1058 1882 impetravit.
1115 1833 1260 1869 Galliae
1283 1845 1471 1882 quantum

820 1889 1026 1926 floruerint
1048 1889 1282 1938 eloquentia,
1309 1891 1472 1939 Lugdu·

819 1947 945 1982 nensis
985 1946 1053 1981 illa
1092 1947 1283 1982 academia
1326 1958 1365 1982 et
1404 1962 1471 1985 ara

821 2005 943 2048 (Suet.
971 2001 1092 2052 Calig.
1118 2014 1182 2039 20.
1221 2003 1400 2050 Juvenal.
1432 2018 1468 2046 ι,

822 2060 907 2107 44.)
930 2070 1159 2107 argumento
1186 2060 1282 2095 suut.

878 2117 1032 2164 alioqui.
1065 2116 1111 2152 cf.
1129 2123 1165 2159 5,
1199 2115 1236 2156 6,
1271 2122 1307 2159 4.
1338 2118 1466 2163 cujus·

818 2173 931 2208 modi
961 2174 1048 2208 usus
1079 2172 1257 2208 adverbii
1287 2172 1336 2207 est
1370 2184 1407 2208 et
1429 2183 1466 2215 2,

824 2244 866 2271 1,
899 2240 935 2274 4.
975 2229 1070 2264 item
1102 2229 1224 2264 Tacit.
1256 2228 1392 2265 Annal.
1429 2236 1466 2274 4,

819 2297 885 2331 57.
914 2286 1165 2332 ‚,(Tiberius)
1199 2284 1352 2321 validus
1374 2286 1467 2321 alio-

814 2345 906 2393 „qui
941 2342 1162 2390 spernendis
1203 2340 1468 2379 honoribus.“

820 2399 956 2436 Simile
988 2408 1024 2434 et
1046 2399 1142 2434 alias
1168 2398 1270 2446 apud
1301 2398 1468 2434 eundem

819 2455 957 2491 Annal.
1004 2455 1076 2495 16,
1133 2469 1166 2489 1.
1224 2454 1295 2489 ubi
1332 2454 1467 2490 frustra

819 2512 1002 2547 Heinsius
1053 2513 1087 2546 ei
1133 2511 1263 2546 suadet
1298 2523 1371 2562 pro
1419 2520 1465 2547 et.

820 2569 914 2604 Non
935 2568 1146 2603 desiderare
1179 2566 1281 2602 illud
1303 2576 1339 2602 et
1358 2569 1468 2603 vide-

820 2635 883 2659 tur
914 2625 1074 2674 alioqui,
1119 2623 1181 2659 sed
1211 2625 1335 2673 ipsum
1365 2637 1469 2659 com-

818 2680 950 2731 plecti.
1006 2681 1146 2717 Florus
1201 2691 1470 2731 praeterquam

911 2737 947 2771 K
982 2748 1003 2772 2
