1779 3062
501 57 524 74 Q

429 160 591 205 INST.
631 160 908 205 ORATOR.
942 160 1060 204 LIB.
1097 160 1171 215 X,
1210 167 1254 212 5.
1422 170 1515 215 171

168 290 375 339 utimur
399 286 601 337 nostris.
656 288 872 351 Figuras
891 303 1037 343 vero,
1073 287 1270 350 quibus
1291 286 1519 335 maxime

168 375 390 416 ornatur
426 365 622 422 oratio,
661 364 855 412 multas
892 380 948 410 ac
987 365 1156 412 varias
1187 362 1520 429 excogitandi

165 443 322 490 etiam
347 440 601 491 neceffitas
626 440 884 505 quaedam
910 438 1007 487 eft:
1050 441 1176 504 quia
1199 441 1519 504 plerumque

166 537 194 567 a
219 521 425 568 Graecis
448 522 686 568 Romana
721 514 1039 565 diffentiunt.
1119 516 1222 564 Sed
1253 528 1303 565 et
1336 518 1428 565 illa
1453 535 1516 565 ex
1539 533 1563 572 4

162 597 365 645 Latinis
403 594 678 645 conversio
709 594 943 642 multum
977 604 1027 640 et
1068 591 1177 659 ipsa
1215 595 1515 644 contulerit.

162 675 237 722 Ac
298 672 364 720 de
411 672 734 720 carminibus
777 669 998 736 quidem
1043 671 1316 718 nerninem
1357 671 1515 721 credo

164 747 425 812 dubitare,
462 765 571 814 quo
610 747 722 798 solo
749 764 940 813 genere
971 748 1360 796 exercitationis
1385 746 1517 796 dici-

162 835 253 874 tur
290 825 414 875 usus
451 824 549 874 effe
583 827 862 891 Sulpicius.
987 826 1130 873 Nam
1189 835 1240 872 et
1274 823 1516 874 sublimis

161 901 376 968 spiritus
408 901 645 952 attollere
680 904 977 952 orationem
1007 900 1205 966 potest:
1255 912 1305 949 et
1341 902 1517 960 verba,

161 981 364 1046 poetica
398 981 639 1028 libertate
673 980 980 1035 audaciora,
1020 996 1132 1027 non
1171 977 1518 1044 praesumunt

161 1056 346 1125 eadem
381 1059 599 1124 proprie
643 1056 858 1105 dicendi
900 1055 1214 1105 facultatem.
1335 1055 1438 1104 Sed
1467 1065 1520 1104 et

161 1225 266 1269 hujus
290 1223 371 1274 effe.
632 1224 871 1272 excogitandi
891 1225 1005 1258 etiam
1026 1221 1225 1272 neceffitas.
1256 1223 1389 1259 Turio.
1412 1223 1518 1259 Flor-

160 1281 246 1326 (hie
266 1288 286 1315 a
307 1295 365 1329 pr.
386 1281 458 1326 m.)
490 1281 679 1317 omittunt
709 1294 796 1315 cum
820 1280 923 1316 Alm.

222 1342 256 1379 4.
290 1347 327 1372 et
354 1338 431 1373 illa.
464 1337 583 1374 Goth.
616 1338 713 1374 Jens.
747 1340 835 1381 (tac.
870 1336 1001 1379 Gesn.)
1033 1337 1149 1371 etiam
1180 1337 1202 1370 i.
1237 1349 1326 1371 cum
1345 1336 1450 1375 Voss'.
1479 1348 1516 1375 2.

166 1402 203 1428 et
226 1394 310 1428 edd.
332 1394 492 1442 posterr.
520 1404 605 1428 ante
628 1393 739 1427 Basil.
1005 1393 1138 1427 dicitur
1161 1390 1243 1440 usus
1266 1391 1346 1441 effe.
1380 1394 1514 1431 Turio.

164 1449 309 1485 ducitur
334 1447 394 1497 eft.
426 1450 529 1486 Flor.
556 1452 591 1494 (a
619 1463 677 1497 pr.
697 1450 768 1494 m.)
802 1450 947 1484 ducitur
969 1447 1047 1497 effe.
1080 1447 1182 1483 Alm.
1220 1450 1355 1484 dicitur
1376 1449 1457 1499 effe.

249 1515 284 1542 et
297 1505 477 1554 sublimis.
510 1506 641 1540 Turio.
675 1504 724 1553 eft
738 1504 771 1553 s.
803 1504 907 1540 Flor.
942 1506 980 1549 (a
999 1518 1057 1553 pr.
1082 1504 1154 1549 m.)
1186 1502 1252 1553 eJI

248 1563 463 1599 audaciora.
486 1563 619 1598 Turio.
643 1562 747 1597 Flor.
771 1561 979 1600 audaciore,
1005 1575 1024 1595 a
1046 1574 1168 1609 pr.m.
1193 1560 1263 1596 ille
1284 1563 1518 1605 audititiore,

163 1618 228 1654 hic
249 1619 444 1653 auditiore.
478 1618 605 1654 Guelf.
638 1618 815 1653 audacior
845 1630 934 1652 cum
958 1618 1062 1654 Voff.
1078 1626 1115 1660 5.
1320 1633 1393 1654 non
1413 1634 1519 1668 prae-

155 1673 318 1724 sumunt.
353 1675 415 1710 Sic
456 1675 588 1711 Turio.
618 1674 721 1710 flor.
756 1688 844 1710 cum
865 1674 968 1709 Alm.
992 1673 1102 1709 Baffl.
1136 1675 1272 1711 Burni.
1297 1676 1406 1711 Gesn.
1430 1678 1516 1726 Bip.

162 1745 227 1766 nec
242 1746 278 1780 p.
306 1731 402 1767 Obr.
424 1730 587 1779 Reliqui
609 1733 719 1766 MSS.
742 1742 778 1766 et
800 1731 928 1766 excusi
948 1741 1033 1765 ante
1056 1731 1188 1766 Locat.
1213 1740 1250 1766 et
1263 1747 1300 1781 p.
1327 1743 1363 1768 et
1383 1735 1517 1782 Camp-

164 1785 323 1836 quidem
342 1786 555 1836 praesumit.
589 1789 687 1823 Mox
722 1802 855 1823 omnes
888 1786 1125 1835 praesumunt
1146 1787 1282 1828 solum,
1315 1803 1394 1837 quo
1416 1791 1521 1826 redit

163 1844 324 1893 Capper.
346 1844 438 1879 hinc
459 1844 681 1879 alienissima
717 1844 896 1879 effutiens
926 1844 968 1878 in
990 1854 1093 1879 nota.
1125 1844 1338 1891 Gedoynus
1361 1860 1521 1895 quoque

163 1914 184 1936 e
201 1914 320 1949 prava
345 1899 529 1948 scriptura
552 1913 674 1936 meras
695 1913 815 1948 nugas
839 1899 997 1935 eliciens
1021 1899 1259 1947 defungitur.

249 1957 387 1991 eadem.
411 1957 542 1992 Turic-
563 1956 666 1992 Flor.
690 1956 817 1992 Guelf.
845 1957 998 1991 eandem
1021 1968 1109 1990 cum
1131 1955 1257 1997 libris,
1281 1969 1325 1993 ut
1345 1958 1518 2001 videtur,

165 2013 348 2049 omnibus
371 2025 451 2048 exc.
475 2013 609 2061 Camp.
634 2016 739 2057 (nam
761 2012 827 2047 hic
850 2012 1020 2061 expreffe
1039 2011 1233 2061 nostrum)
1266 2013 1361 2050 Obr.
1383 2015 1518 2051 Burm.

163 2070 273 2106 Gesn.
305 2069 392 2118 Bip.
426 2069 615 2105 Nostrum
636 2070 748 2105 suasit
767 2068 964 2105 Rollinus.
1222 2073 1384 2119 proprie.
1417 2073 1518 2111 Jens.

220 2204 376 2251 Figuras
394 2203 812 2251 vero—excogitandi.
872 2203 1058 2238 cultatem.
1117 2201 1235 2238 Nihil
1283 2203 1520 2243 difficultatis

164 2261 271 2308 Quae
313 2260 378 2294 hic
421 2259 814 2308 significantu1¹figu-
871 2260 915 2295 in
966 2258 1077 2300 loco,
1126 2259 1247 2294 modo
1296 2262 1522 2300 memineris

163 2331 250 2356 rae,
281 2317 368 2351 sunt
390 2315 480 2351 illae
501 2316 713 2351 verborum
731 2317 812 2364 pri·
869 2314 1099 2364 praesumere
1130 2316 1200 2350 ess‘e
1232 2318 1269 2350 in
1303 2318 1523 2368 anteceffum

163 2385 285 2413 mum,
318 2373 456 2408 deinde
487 2372 598 2408 etiam
625 2386 813 2420 gramma-
871 2371 1039 2419 auferre,
1083 2372 1192 2417 cujus
1226 2373 1522 2421 significationis

164 2429 262 2465 ticae
286 2429 420 2477 potius
442 2442 555 2476 quam
583 2428 813 2468 rhetoricae,
872 2429 1002 2464 testem
1044 2429 1229 2464 Gesnerus
1278 2440 1381 2465 recte
1431 2433 1524 2468 citat

165 2485 350 2534 quoniam
380 2485 424 2520 id
466 2486 673 2534 spectatur,
705 2486 815 2534 quod
870 2484 1003 2520 locum
1034 2500 1097 2526 ιι,
1125 2500 1157 2523 1,
1191 2495 1255 2529 27.
1289 2486 1363 2522 Sed
1384 2489 1521 2525 eodem

165 2541 335 2577 Romani
371 2551 407 2576 et
435 2541 585 2579 ,Graeci
628 2541 812 2577 sermonis
871 2541 1018 2576 faciunt
1034 2541 1114 2576 levi
1132 2541 1361 2584 differentia,
1378 2546 1522 2592 quibus

166 2597 365 2633 diversitas
421 2597 543 2633 facere
597 2609 813 2635 vertentem
872 2597 997 2633 utitur
1026 2599 1296 2640 Burmannus,
1327 2611 1370 2639 2,
1405 2609 1450 2645 4,
1485 2613 1523 2646 7.

167 2654 286 2702 cogit.
318 2654 363 2689 cf.
383 2667 416 2693 1,
442 2667 474 2694 1,
501 2663 561 2697 13.
593 2659 631 2700 4,
656 2663 691 2695 2,
722 2660 813 2698 1¹8·
878 2668 912 2694 1,
948 2666 1010 2695 10,
1047 2663 1110 2698 27,
1145 2661 1181 2697 ὅ,
1216 2655 1253 2697 6,
1286 2657 1350 2702 65.
1383 2660 1430 2696 cf.
1450 2672 1522 2695 nos

225 2717 260 2756 4.
300 2724 375 2746 non
419 2708 814 2761 praesumunt—fa-
872 2710 919 2746 ad
955 2724 989 2752 1,
1023 2723 1058 2752 1,
1090 2721 1155 2747 20.
