1779 3062
405 170 570 217 INST.
609 169 894 215 ORATOR.
930 170 1052 214 Lm.
1092 169 1190 227 Χῐ,
1241 182 1285 215 ι.
1424 157 1537 225 235'

82 316 158 358 981
175 303 235 351 in
259 300 528 366 plerisque
553 297 658 346 alio
681 297 861 346 colore
885 296 1128 363 asperitas
1152 298 1424 356 orationis,
1462 307 1528 346 ut

169 380 357 429 Cicero
384 376 454 425 de
486 373 909 443 proscriptorum
945 375 1128 424 liberis
1161 374 1302 424 fecit.
1384 373 1530 445 Quid
1602 402 1612 414 ·

169 457 315 505 enim
351 453 650 511 crudelius,
693 471 852 517 quam
885 452 1136 511 homines,
1178 450 1402 522 honestis
1429 470 1528 516 pa-

172 531 400 583 rentibus
420 550 482 581 ccc
505 528 786 596 majoribus
808 541 986 588 natos,
1030 550 1063 578 a
1096 529 1360 593 republica
1376 526 1530 602 sum-

171 612 406 661 moveri?
485 613 668 674 ltaque
708 608 908 658 durum
946 607 1004 655 id
1033 605 1131 656 effe
1159 606 1398 657 summus
1437 608 1532 655 ille

174 688 573 738 tractandorum
624 687 931 736 animorum
978 683 1165 733 artifex
1208 684 1534 734 confitetur:

175 766 267 816 sed
291 768 364 815 ita
389 766 595 831 legibus
621 765 798 814 Sullae
828 764 1108 813 cohaerere
1133 762 1325 811 statum
1352 762 1538 810 civita-

177 846 244 894 tis
269 843 502 901 affirmat,
542 853 602 892 ut
627 843 712 891 his
738 841 923 892 solutis
952 839 1082 889 stare
1106 839 1215 908 ipsa
1237 859 1349 890 non
1371 838 1534 906 poffit.

178 920 449 972 Affecutus
470 923 650 986 itaque
680 918 768 978 est,
789 931 850 969 ut
869 919 1077 984 aliquid.
1101 936 1293 969 eorum
1319 933 1538 984 quoque

177 1057 289 1094 bium
320 1058 449 1104 magis,
484 1056 530 1092 de
555 1069 634 1105 quo
657 1056 750 1092 vide
764 1068 856 1104 prae
878 1054 965 1091 aliis
986 1054 1188 1091 Drakenb.
1212 1055 1260 1090 ad
1278 1054 1369 1090 Liv.
1395 1058 1540 1100 5449,

184 1127 248 1150 ιο.
294 1116 341 1149 In
382 1113 465 1149 illis
501 1114 681 1150 Livianis
718 1125 847 1149 tamen
886 1111 1076 1160 exemplis
1115 1113 1264 1161 saepius
1303 1121 1378 1146 tam
1419 1110 1542 1144 ‹leesse

181 1171 380 1219 agnoscam
412 1184 528 1218 quam
561 1173 705 1218 magis,
745 1170 820 1206 nisi
852 1170 923 1206 ubi
957 1170 1149 1204 antecedit
1179 1170 1333 1205 volendi
1361 1167 1543 1206 verbum,

181 1227 381 1264 lubricum
408 1226 532 1269 illud,
574 1228 761 1276 quodque
792 1226 944 1262 fortasse
967 1226 1102 1262 cedere
1126 1226 1263 1262 debeat
1283 1225 1397 1260 alteri
1419 1224 1543 1259 malle.

184 1283 431 1331 Quintiliano
454 1296 580 1320 autem
602 1285 645 1318 in
666 1284 744 1319 hoc
768 1296 844 1318 uno
864 1283 954 1319 loco
976 1294 1127 1318 tantum
1147 1283 1326 1318 audaciae
1347 1280 1545 1330 placuisse,

182 1341 253 1377 vix
284 1341 458 1376 adducor
492 1352 533 1376 ut
566 1340 732 1380 credam.
793 1342 960 1389 Recepta
996 1340 1115 1375 habet
1149 1353 1228 1388 quo
1265 1340 1297 1374 se
1327 1350 1480 1374 tueatur
1504 1336 1548 1371 in

185 1396 254 1432 illa
283 1398 368 1433 satis
400 1398 576 1433 mirabili
609 1398 797 1433 structura
827 1407 863 1440 7,
893 1412 926 1434 1,
952 1397 1015 1440 56.
1044 1397 1163 1432 modo
1187 1393 1236 1444 eft
1260 1396 1448 1431 scribatur
1473 1405 1561 1442 pro·

186 1452 288 1502 inest.
333 1455 406 1489 Sed
438 1454 556 1490 latere
576 1454 729 1502 aliquid
751 1469 831 1490 non
857 1455 987 1489 sinunt
1008 1454 1187 1489 dubitare
1208 1453 1420 1501 scripturae
1440 1464 1548 1498 prae-

186 1512 354 1560 posterae
377 1522 471 1547 vett.
492 1511 590 1547 libb.
650 1512 734 1548 Nec
757 1512 919 1546 videtur
939 1512 1153 1559 procedere
1173 1511 1239 1546 vel
1262 1509 1330 1544 illa
1352 1509 1452 1543 ratio
1476 1506 1550 1542 nisi

187 1568 473 1604 interveniente
504 1569 731 1607 infinitivo,
762 1580 807 1603 ut
836 1566 988 1614 aliquid
1017 1567 1141 1603 facere
1172 1567 1325 1602 dicatur
1354 1566 1424 1600 effe
1451 1578 1551 1600 vere-

189 1625 346 1660 cundum
366 1625 393 1660 i.
414 1626 562 1674 pudori
581 1625 719 1666 alicui,
750 1638 831 1661 non
851 1624 1013 1673 quidem
1039 1624 1102 1659 illi
1121 1624 1207 1666 soli,
1241 1624 1311 1673 qui
1330 1623 1459 1664 faciat,
1491 1619 1553 1656 scd

191 1681 411 1731 cuicunque
432 1684 634 1731 praesenti.

280 1753 345 1806 8⁵5.
378 1763 454 1798 alio
481 1764 615 1799 colore.
649 1763 782 1798 Turio.
807 1761 912 1799 Flor.
934 1762 1066 1798 Guelf.
1089 1764 1168 1799 alia
1190 1763 1274 1799 loco
1297 1776 1348 1798 re.

311 1819 452 1854 durum.
477 1820 605 1857 Guelf.
631 1822 719 1856 divi.

198 1877 289 1921 (tac.
303 1877 433 1924 Gesn.)
451 1879 490 1912 id
511 1894 532 1913 a
555 1891 643 1913 cum
667 1878 770 1915 Voss.
792 1887 828 1912 2.

977 1822 1042 1855 ita.
1072 1820 1179 1855 flor.
1204 1821 1255 1854 id.
1278 1818 1418 1854 Guelfs
1433 1818 1556 1855 Goth.

1077 1877 1278 1911 cohaerere.
1304 1874 1432 1911 Guelf.
1457 1889 1556 1911 coer-

200 1945 278 1968 cere
300 1946 389 1968 cum
415 1934 535 1970 Goth.
549 1934 653 1973 Voss.
681 1944 718 1969 2.
740 1934 838 1972 Jens.
861 1934 978 1969 Tarv.
1002 1936 1160 1969 coerceri
1174 1934 1307 1981 Camp.
1327 1945 1416 1967 cum
1434 1933 1557 1968 Andr.

177 1996 180 2000 '
201 1999 239 2024 et
261 1990 347 2026 edd.
367 2002 453 2026 ante
471 1991 584 2028 Bam.

201 2058 223 2081 a
255 2048 323 2084 see.
354 2049 436 2091 m.)
467 2048 596 2085 Guelf.
619 2048 800 2097 affirmat.

263 2170 328 2207 85.
360 2163 436 2198 alio
459 2163 592 2199 colore.
635 2165 855 2201 Sententiae

204 2221 258 2257 ita
290 2220 376 2255 sunt
408 2221 715 2257 connectendae:
748 2222 855 2263 „Ad-

205 2278 286 2313 huc
307 2277 468 2325 quidem
489 2278 664 2314 colorem
685 2280 855 2315 summae

208 2334 477 2371 vehementiae
530 2335 701 2371 dandum
751 2337 856 2373 vidi-

209 2404 298 2426 mus
328 2392 495 2433 actioni3
541 2392 600 2427 sed
627 2393 704 2430 hoc
724 2406 856 2429 rarum

213 2447 283 2488 est,
315 2457 352 2481 et
374 2447 604 2498 plerumque
633 2451 860 2500 mitigandis

211 2505 347 2554 potius
369 2504 548 2550 judicum
569 2508 727 2544 auribus
751 2509 860 2544 adhi-

214 2561 329 2597 betur
350 2560 430 2596 ille.
445 2569 467 2584 ‘⁶
528 2566 706 2614 Suspicor
729 2568 861 2615 itaque

215 2617 426 2666 legendum
452 2620 534 2656 aliis
554 2635 626 2669 pro
649 2623 737 2661 alio.

277 2676 402 2714 Cicero
433 2677 479 2712 de
503 2678 789 2728 proscriptorum
820 2682 865 2717 li-

218 2733 323 2773 beris.
384 2735 604 2777 Orationis,
647 2751 744 2789 quae
767 2750 864 2777 aeta-

812 1990 993 2039 affirmac.
1013 1991 1147 2027 Turic.
1164 1990 1268 2026 Flor.
1295 1989 1378 2032 (hic
1396 1988 1559 2036 quidem

1001 2059 1013 2064 “
1048 2048 1249 2099 ΑΛὲειιειιε.
1285 2046 1420 2082 Turio.
1454 2045 1562 2080 flor.

916 2174 994 2199 tem
1032 2177 1114 2200 non
1136 2163 1247 2204 tulit,
1300 2161 1424 2197 causas
1452 2159 1565 2201 bene,

916 2233 961 2257 ut
1002 2221 1116 2262 solet,
1157 2220 1321 2270 exponit
1360 2215 1566 2252 Freinshe-

914 2279 1019 2314 mius
1052 2279 1095 2314 in
1126 2292 1242 2328 opere
1267 2275 1569 2326 Supplemento-

916 2349 1004 2370 rum
1025 2336 1286 2372 Livianorum
1308 2334 1335 2368 1.
1364 2345 1426 2367 10.
1451 2343 1481 2365 c.
1502 2335 1567 2372 45.

919 2393 1116 2428 advocatis
1129 2404 1307 2429 veterum
1323 2386 1571 2426 testimoniis,

917 2451 1020 2485 iuter
1048 2463 1144 2497 quae
1175 2461 1212 2485 et
1241 2448 1362 2484 Plinii
1391 2443 1460 2479 illa
1489 2442 1573 2478 laus

921 2510 988 2551 (7,
1011 2516 1077 2550 51·
1100 2521 1137 2555 p.
1159 2507 1248 2555 Bip.
1272 2507 1366 2549 55.)
1396 2512 1459 2541 „te
1487 2500 1572 2545 (M.

922 2563 1051 2607 Tulli)
1075 2574 1251 2604 „orante‚
1264 2559 1575 2611 proscriptorum

921 2621 1097 2662 „liberos
1125 2619 1296 2656 honores
1332 2627 1463 2667 petere
1504 2627 1574 2664 pu-

922 2677 1078 2720 ,‚duit.“

981 2732 1180 2784 Affecutus.
1204 2733 1250 2772 cs.
1271 2743 1353 2771 not.
1378 2733 1463 2772 crit.
