1779 3062
393 135 557 180 INST.
595 134 876 182 ORATOR.
914 134 1032 179 Lm
1049 134 1159 190 ΧΠ,
1200 145 1277 179 10.
1419 134 1516 193 641

172 277 457 312 manorum
488 260 749 311 fuerunt?
828 262 937 331 Qui
960 278 1123 328 porro
1151 279 1264 312 non
1292 256 1524 321 satis'est,

173 346 285 404 quo
320 339 459 387 nihil
493 336 590 387 effe
629 338 824 388 melius
856 337 1060 406 potest?
1142 338 1224 388 Ad
1262 340 1366 389 hoc
1404 341 1524 405 qui·-
1552 350 1601 392 40

169 416 296 466 dam
332 417 540 466 nullam
577 411 676 464 effe
714 416 1008 466 naturalem
1043 427 1232 482 putant
1270 418 1529 482 eloquen-

83 495 326 555 1096tiam‚
402 491 505 543 nisi
545 507 679 558 quae
729 491 794 541 sit
834 493 1150 558 quotidiano
1189 493 1422 545 sermoni
1461 493 1529 543 fi-

171 572 415 628 millima,
458 588 567 636 quo
608 587 732 619 cum
770 571 966 629 amicis,
1009 572 1350 637 conjugibus,
1393 570 1530 639 libe-

170 649 261 709 -ris,
292 647 456 698 servis
480 649 782 714 loquamur,
811 658 1060 698 contento
1087 665 1334 714 promere
1362 649 1528 700 animi

247 825 394 876 fuerint
410 826 538 864 Guelf.
549 829 666 864 Bern.
756 829 841 864 cuin
851 839 962 877 porro
975 827 1106 864 Turic.
1168 829 1226 863 cui
1242 840 1354 877 porro
1370 825 1476 863 Flor.
1491 836 1530 865 et

171 898 269 922 mox
307 884 406 933 quod
437 884 530 920 nihil
563 895 740 933 uterque.
802 887 860 920 cui
887 898 1001 933 porro
1032 899 1106 921 non
1129 884 1229 933 satis
1260 884 1342 934 effe,
1378 897 1450 935 quo
1478 881 1529 933 eft

170 942 303 980 melius
331 940 437 983 nihil,
467 938 588 989 potest·
615 943 716 979 Jens.
750 943 840 986 (tac.
867 941 998 988 Gesn.)
1029 951 1065 976 et
1095 942 1189 990 post.
1222 952 1308 977 ante
1338 941 1427 976 Ald.
1449 952 1528 976 aec.

170 997 266 1035 Bad.
329 999 388 1032 cui
418 1011 458 1046 p.
489 1012 525 1032 n.
549 996 584 1046 s.
615 995 686 1045 eft,
733 1011 806 1048 quo
839 996 910 1047 effe
941 998 1068 1032 melius
1099 998 1193 1032 nihil
1222 1013 1261 1045 p.
1296 996 1382 1032 ΑΜ.
1413 995 1530 1034 Bafil.

170 1056 267 1091 item
297 1053 447 1102 Gryph.
481 1055 555 1089 nist
585 1055 693 1104 quod
723 1055 790 1090 hic
815 1055 943 1090 melius
972 1053 1052 1104 effe.
1094 1053 1256 1103 Reliqui
1287 1054 1423 1089 eodem
1448 1066 1528 1101 quo

168 1124 242 1149 nos
278 1110 429 1151 ordine,
461 1112 523 1147 sed
553 1125 642 1147 cum
674 1125 773 1148 voce
805 1114 874 1153 cui,
907 1125 1023 1160 quam
1058 1110 1278 1146 Obrechtus
1310 1109 1413 1145 solus
1443 1122 1530 1145 mu-

169 1168 270 1209 tavit
297 1168 340 1203 in
368 1169 439 1216 qui.
482 1169 595 1204 Certe
622 1170 721 1204 mira
752 1169 803 1204 est
831 1168 1110 1216 intenogatio:
1146 1170 1204 1202 cui
1233 1181 1308 1202 non
1330 1165 1429 1215 satis
1451 1163 1531 1214 eft?

170 1224 261 1260 cum
293 1237 374 1259 non
405 1225 490 1261 satis
518 1225 566 1260 sit
595 1227 734 1275 utique
763 1225 947 1261 omnibus
977 1224 1050 1263 iis,
1092 1225 1161 1272 qui
1199 1224 1266 1259 hic
1295 1224 1528 1258 refutantur.

169 1280 278 1317 Huic
306 1281 564 1317 incommodo
596 1281 839 1330 aliquantum
873 1277 1030 1329 quidem
1062 1280 1122 1316 sed
1147 1294 1228 1316 non
1257 1280 1420 1315 omnino
1447 1293 1528 1315 me·

172 1338 286 1373 detur
315 1337 504 1387 scriptura
519 1339 770 1376 Jensoniana:
802 1351 943 1373 verum
970 1337 1064 1372 haec
1093 1337 1290 1373 manifesta
1322 1336 1370 1373 est
1401 1348 1528 1372 con-e·

172 1395 337 1436 ctionis,
390 1405 427 1430 et
456 1394 580 1430 multa
615 1407 810 1443 praeterea
841 1393 1018 1430 scabritie
1049 1392 1213 1429 laborat.
1269 1394 1382 1430 Unde
1412 1392 1530 1441 pede·

166 1451 310 1487 tentim
341 1451 384 1486 in
412 1451 612 1501 antiquam
643 1452 844 1487 redierunt
876 1451 1100 1499 scripturam
1133 1450 1324 1486 editores:
1386 1461 1423 1487 et
1454 1463 1527 1499 ego

172 1506 323 1544 secutus
353 1508 480 1549 cffem,
513 1508 586 1557 nisi
607 1508 820 1544 admodum
840 1509 874 1543 se
896 1506 999 1542 mihi
1022 1507 1323 1543 commendasset
1337 1506 1531 1545 Obrechti

171 1564 369 1613 scriptura,
401 1565 664 1615 quamrrunice
694 1576 821 1614 aptam
852 1563 975 1599 sensui
1004 1564 1083 1599 fere
1114 1564 1332 1612 persuasum
1357 1564 1407 1599 est
1425 1563 1529 1600 mihi

168 1621 360 1657 inveniffe
402 1619 518 1656 illum
557 1621 600 1656 in
643 1622 728 1658 cod.
771 1623 930 1670 Argent.
1002 1621 1064 1656 De
1094 1619 1274 1656 sollemni
1303 1631 1432 1657 autem
1459 1633 1529 1657 vo·

172 1690 263 1713 cum
294 1680 357 1729 qui
387 1688 424 1714 et
453 1680 511 1713 cui
539 1679 831 1728 permutatione
862 1691 1022 1714 monere
1054 1690 1152 1726 opus
1183 1689 1265 1713 non
1296 1677 1356 1713 est.

288 1775 356 1813 40.
415 1768 535 1804 adhuc
576 1769 725 1816 quidam
765 1768 899 1803 Turio.
941 1766 1045 1802 Flor.
1092 1765 1220 1803 Guelf.
1264 1767 1383 1804 Goth.
1430 1769 1529 1812 (tac.

174 1824 307 1869 Gesn.)
345 1825 479 1873 Camp.
511 1838 543 1861 c.
574 1825 680 1861 Voss'.
718 1838 752 1861 ι.
780 1833 817 1860 2.
848 1825 963 1859 Bern.
1024 1824 1122 1871 Quis
1155 1823 1353 1858 editorum
1379 1823 1533 1873 pri-mus

174 1881 315 1918 habeat
344 1882 395 1916 ad
419 1881 509 1922 hoc,
554 1881 702 1918 nescio:
764 1894 785 1916 e
822 1881 920 1916 meis
955 1880 1045 1916 dant
1075 1880 1178 1916 illud
1221 1880 1371 1929 Gryph.
1413 1887 1532 1926 1544.

175 1949 261 1974 tum
283 1938 396 1974 Leid.
429 1949 467 1974 et
495 1938 728 1988 posteriores
760 1950 906 1974 omnes.
969 1938 1077 1985 Quos
1110 1937 1279 1973 deserere
1310 1936 1436 1979 nolui,
1467 1937 1533 1973 ad-

176 1994 398 2031 dicentibus
430 1997 556 2036 etiam,
589 2006 632 2031 ut
655 1995 825 2034 videtur,
856 1993 958 2030 Alm.
994 2007 1032 2030 et
1060 1995 1167 2032 Voss‘.
1198 2002 1235 2037 5.
1298 1996 1530 2043 Quanquam

176 2052 282 2087 enim
312 2065 393 2088 non
426 2053 480 2089 ita
509 2052 662 2101 liquida
691 2051 795 2087 mihi
825 2051 987 2101 quidem
1016 2051 1165 2099 ubique
1195 2050 1355 2086 videtur
1386 2051 1528 2088 decisio

174 2107 244 2156 (cf.
281 2118 318 2151 7,
357 2123 390 2150 1,
422 2110 488 2153 56.
522 2123 611 2146 cum
646 2120 681 2156 9,
713 2117 750 2152 5,
782 2114 848 2152 80.
880 2118 960 2144 not.
991 2109 1096 2157 Sp.);
1126 2107 1192 2142 hie
1224 2118 1353 2143 tamen
1381 2108 1432 2143 ad
1463 2108 1529 2143 hoc

174 2165 293 2201 unice
321 2177 455 2215 aptum
481 2167 653 2202 videtur.
683 2165 731 2201 cf.
764 2171 803 2210 8,
836 2171 873 2209 5,
905 2174 971 2200 22.
1005 2176 1041 2200 et
1073 2163 1200 2214 SpaldL
1235 2164 1281 2199 ad
1313 2173 1361 2207 5,
1394 2164 1430 2205 6,
1462 2172 1528 2208 55.

408 2238 519 2273 quam
547 2238 627 2259 cum
659 2223 792 2271 Camp.
1027 2223 1211 2271 loquimur
1242 2221 1361 2257 Goth.
1394 2222 1528 2270 Camp-

177 2280 276 2319 Jens.
314 2290 352 2315 et
382 2281 468 2318 edd.
502 2293 589 2317 ante
620 2283 743 2317 Stoer.
778 2292 855 2315 acc.
891 2279 993 2315 Gibs.
1028 2279 1124 2315 Obr.
1339 2287 1527 2316 contento.

178 2337 243 2372 Sic
283 2335 387 2373 Flor.
430 2350 465 2375 c.
494 2338 610 2389 JVoff.
642 2346 681 2383 5.
745 2338 969 2387 contempno
1007 2336 1136 2374 Guelf.
1196 2336 1397 2372 contemtio
1437 2335 1530 2372 Exc.

180 2517 251 2555 effe
272 2518 552 2561 indistinctum,
575 2521 712 2562 immo,
739 2533 831 2557 nam
949 2519 1025 2572 Qui
1046 2532 1173 2571 porro.
1207 2530 1247 2553 v.
1279 2526 1362 2554 not.
1389 2517 1474 2554 crit.

178 2574 249 2611 hic
289 2575 338 2612 est
374 2577 496 2613 sensus
532 2577 679 2614 formae
709 2578 831 2626 hujus

180 2633 397 2682 negativae,
428 2647 544 2685 quam
572 2636 742 2674 maxime
771 2635 829 2673 di·
948 2643 1014 2681 40.
1035 2635 1099 2676 Ad
1121 2635 1199 2672 Ῑιοε.
1222 2644 1262 2670 τ’.
1286 2641 1367 2670 not.
1390 2631 1474 2677 crit,

179 2689 374 2727 stinctum.

243 2771 349 2809 Tam.
379 2771 449 2811 JV.
1020 2773 1042 2809 S
1073 2786 1089 2809 s
