1779 3062
278 175 376 238 596
582 175 659 221 M.
706 173 841 221 ΕΑΒ.
889 173 1313 239 QUINTILIANI

277 299 503 353 tundem
539 299 752 370 poss'unt
789 317 1000 352 nocere.
1051 300 1222 350 ·Nam
1268 317 1403 364 quae
1443 298 1626 358 fortia,

280 380 414 430 dum
448 378 729 438 dicuntur,
768 378 1119 434 videbantur,
1160 376 1331 434 stulta,
1369 395 1492 427 cum
1519 378 1625 425 lae-

205 469 252 512 24
281 456 489 515 serunt,
542 467 818 508 vocantur.
897 456 1062 505 Nunc
1102 455 1228 519 quia
1262 455 1476 506 varium
1512 452 1626 503 fere

281 532 620 603 propositum
666 534 937 601 agentium
981 531 1115 589 fuit,
1182 540 1235 578 et
1284 530 1628 595 quorundam

280 630 412 662 ,cura
448 611 730 671 tarditatis,
773 610 1113 677 quorundam
1151 607 1374 658 facilitas
1416 609 1630 656 temeri-

283 692 404 740 tatis
445 690 667 738 crimine
699 688 988 738 laboravit:
1066 702 1230 751 quem
1268 684 1479 734 credam
1510 684 1633 733 fore

280 768 345 816 ..in
395 767 500 817 hoc
548 767 769 816 oratoris
800 764 1052 821 modum,
1112 761 1317 811 tradere
1353 779 1469 811 non
1504 762 1632 810 alie·

201 864 259 904 «ιε,
287 862 422 894 num
465 843 696 894 videtur.
787 839 984 892 Afferet
1027 839 1093 889 ad.
1140 839 1435 889 dicendum
1475 854 1632 888 curae

282 920 493 988 [emper
526 931 787 986 quantum
812 920 1112 986 plurimum
1142 918 1352 985 poterit.
1434 916 1633 982 Neque

287 1000 436 1048 enim
470 998 575 1048 hoc
606 996 782 1047 solum
815 996 1147 1062 negligentis,
1187 993 1277 1043 sed
1310 993 1455 1051 mali,
1495 1003 1547 1041 et
1572 994 1633 1041 in

287 1073 522 1141 suscepta
552 1073 702 1124 causa
740 1072 940 1140 perfidi
979 1090 1036 1120 ac
1067 1071 1362 1139 proditoris
1391 1069 1493 1128 est,
1540 1086 1634 1135 pe-

288 1156 371 1215 jus
409 1169 588 1217 agere,
640 1168 802 1216 quam
837 1149 998 1215 poffit.
1086 1149 1323 1214 Ideoque
1366 1164 1435 1196 ne
1475 1146 1634 1197 fusci-

288 1229 515 1294 piendae
566 1228 788 1292 quidem
832 1226 955 1275 sunt
988 1224 1168 1274 causae
1203 1226 1414 1292 plures,
1473 1241 1637 1290 quam

213 1316 262 1355 26
292 1306 491 1373 quibus
527 1300 900 1368 suffecturum*
923 1301 974 1352 se
1015 1301 1152 1352 sciat.
1241 1303 1400 1352 Dicet
1450 1300 1637 1368 scripta

407 1490 472 1530 14.
502 1498 597 1521 nunc
624 1486 688 1536 qui
714 1487 861 1520 varium
890 1484 989 1525 Jens.
1049 1484 1142 1519 hunc
1173 1485 1237 1533 qui
1264 1497 1299 1520 v.
1329 1482 1444 1519 Tarv·
1553 1494 1638 1518 vere

287 1540 393 1580 Flor.
447 1541 652 1591 facilitatis
681 1541 811 1579 Guelf.
929 1542 1040 1578 modo
1071 1541 1217 1577 tradere
1247 1539 1367 1576 Goth.

408 1661 471 1698 15.
534 1653 686 1703 afferret:
730 1654 858 1692 Guelf.
918 1654 1030 1703 affert
1069 1654 1168 1693 Jenr.
1216 1663 1256 1689 et
1290 1652 1376 1688 edd.
1418 1662 1505 1688 ante
1547 1650 1636 1688 Ald.

290 1712 486 1748 dicendum
510 1712 595 1757 jure
616 1709 651 1760 s.
677 1710 782 1747 Flor.
1009 1712 1078 1747 hoc
1096 1709 1231 1759 solum.
1293 1709 1357 1745 Sic
1377 1709 1512 1745 Turic.
1530 1707 1637 1743 Flor.

291 1770 422 1816 Camp.
465 1780 496 1804 c.
532 1766 635 1803 Alm.
705 1767 775 1803 hoc
811 1781 888 1804 om.
924 1766 1087 1815 reliqui.
1309 1764 1380 1815 sed
1410 1766 1510 1800 mali.
1573 1765 1637 1800 Sic

290 1825 426 1862 Turic.
461 1823 589 1860 Guelf.
613 1823 731 1859 Goth.
756 1824 888 1874 Camp.
910 1838 942 1862 c.
963 1823 1066 1859 Alm.
1089 1822 1178 1859 Ald.
1208 1832 1245 1859 ec
1268 1822 1360 1858 mali
1378 1822 1475 1860 Jens.
1495 1834 1526 1858 c.
1549 1820 1633 1857 edd.

289 1881 388 1931 post.
421 1891 507 1916 ante
536 1878 626 1916 Ald.
655 1893 731 1916 acc.
758 1881 852 1917 Bad.
904 1879 975 1931 sed
1010 1889 1046 1915 et:
1078 1880 1170 1917 mali
1205 1878 1367 1929 reliqui.
1426 1876 1534 1929 causa
1556 1890 1636 1914 om.

293 1937 427 1974 Turio.
449 1936 554 1974 Flor.
573 1949 606 1974 c,
632 1935 735 1973 Alm.
844 1937 889 1988 se
900 1936 1142 1989 suffecturum
1165 1937 1300 1987 Camp.
1331 1938 1333 1940 ’

291 2107 389 2145 chus
418 2106 534 2144 latius
564 2117 629 2143 aut
658 2107 785 2143 noster
815 2121 935 2157 angu-
989 2107 1250 2158 „plerumque
1274 2108 1358 2146 vit,
1390 2108 1485 2143 dum
1515 2117 1635 2141 arma-

290 2164 384 2200 fiius
407 2164 582 2200 extulisse
602 2163 762 2199 Periclis
792 2166 937 2201 senten·
989 2176 1103 2207 ,‚tur,
1134 2163 1342 2213 expalluit,
1373 2175 1412 2199 et
1431 2163 1540 2212 ligno
1564 2175 1634 2210 pu-

294 2221 402 2257 tiam.
991 2234 1116 2270 „gnae
1145 2221 1235 2256 dato
1258 2220 1493 2256 ferociffimo
1515 2217 1636 2253 militi

356 2284 420 2322 14.
452 2279 594 2313 varium
605 2275 750 2324 —fuit,
767 2278 934 2314 ec-la-
990 2276 1224 2326 „paululum
1279 2290 1404 2326 genua
1468 2286 1639 2311 tremue-

291 2333 450 2371 boravit.
519 2333 777 2369 Memorabile
814 2335 934 2380 hujus
991 2340 1152 2375 „runt.“
1213 2335 1442 2382 Quanquam
1468 2332 1528 2368 ibi
1553 2330 1637 2365 lon-

289 2390 455 2440 perfecti
477 2387 642 2439 ἀορίστου
674 2391 776 2438 apud
802 2391 934 2440 prosae
994 2403 1042 2438 ge
1069 2390 1311 2439 plus-causae
1342 2390 1392 2425 est
1420 2390 1464 2425 in
1490 2386 1637 2424 medias

289 2447 515 2495 scriptorem
534 2447 641 2493 (nam
654 2446 700 2482 de
713 2448 839 2495 poetis
850 2447 933 2484 vid.
993 2459 1054 2483 res
1081 2446 1246 2484 lectores
1274 2447 1465 2496 rapiendi.

289 2502 415 2539 Bentl.
440 2503 486 2538 ad
505 2505 602 2538 Hor.
624 2502 829 2548 5.0d.23,
849 2504 935 2552 19.)
1046 2504 1299 2554 propositum,
1358 2503 1442 2539 vid.
1500 2514 1547 2551 9,
1599 2509 1636 2544 4.

289 2559 535 2608 exemplum,
562 2559 628 2595 cui
655 2561 698 2596 C.
721 2560 933 2603 Schneider
995 2572 1056 2609 19.
1123 2575 1188 2602 11,
1223 2576 1259 2602 1,
1289 2568 1354 2603 52.
1388 2566 1453 2604 42.

289 2615 578 2664 adjungendum
613 2615 716 2651 mihi
745 2616 931 2652 ministra-
1050 2617 1112 2654 16.
1147 2618 1256 2653 Dicet
1267 2616 1420 2666 scripta.
1447 2615 1629 2663 „Scripto

287 2672 349 2707 vit
368 2671 472 2707 illud
502 2674 767 2721 ap.-Senecam
798 2674 844 2708 de
871 2676 930 2713 Ira
987 2674 1279 2724 „praeparabit,
1325 2686 1423 2722 quae
1456 2673 1630 2709 dicturus

287 2735 325 2769 2,
346 2736 385 2772 5.
441 2731 603 2779 „Itaque
633 2729 929 2783 etssortiffimus
985 2730 1107 2773 .,est.“

1752 2972 1763 3062 ..a-5
