1779 3062
418 165 582 211 INST.
631 165 912 210 ORATOR.
956 167 1077 212 LIB.
1122 167 1195 223 X,
1244 176 1290 220 5.
1435 176 1526 221 173

131 318 135 325 ·
175 294 315 367 poss'e
347 293 597 360 reperiri:
657 307 834 355 neque
871 289 1002 340 adeo
1038 295 1271 354 jejunam
1305 311 1361 343 ac
1396 311 1530 360 pau-

174 389 355 442 perem
377 382 566 420 natura
590 369 950 434 eloquentiam
972 367 1122 427 fecit,
1166 381 1225 419 ut
1249 389 1354 419 una
1380 371 1446 419 de
1471 388 1529 419 re

172 452 309 500 bene
342 449 465 506 dici,
504 445 607 496 nisi
638 445 813 502 semel,
848 462 960 493 non
998 445 1159 510 poffit.
1240 448 1360 496 Nili
1393 447 1531 498 forte
1554 454 1576 490 6

174 527 498 578 histrionum
519 524 688 572 multa
716 524 852 570 circa
891 538 1049 571 voces
1086 523 1294 572 easdem
1331 527 1536 574 variare

176 603 348 671 gestus
379 600 579 668 potest,
627 599 816 650 orandi
847 599 1027 647 minor
1063 601 1175 658 vis,
1234 611 1296 649 ut
1330 602 1536 650 dicatur

175 679 409 746 aliquid,
469 677 587 745 post
632 676 782 742 quod.
813 677 871 723 in
925 675 1108 724 eadem
1142 679 1361 737 materia
1396 680 1543 726 nihil*

177 757 467 808 dicendam
495 754 572 803 sit.
653 754 755 803 Sed
780 752 916 811 esto,
955 770 1132 817 neque
1153 756 1362 812 melius,
1385 756 1540 820 quod.
1583 787 1589 811 2,

178 836 512 891 invenimus,
551 830 665 889 elle,
708 847 886 896 neque
918 847 1045 895 par:
1089 830 1162 878 est
1194 842 1331 880 certe
1357 834 1540 897 proxi-

179 930 303 964 mus
337 913 501 960 locus.
583 912 668 959 An
698 925 828 958 vero
858 906 961 974 ipsi
993 925 1106 957 non
1144 908 1226 958 bis
1250 926 1307 957 ac
1328 907 1536 976 saepius
1561 927 1584 961 7

184 1067 280 1103 illud
315 1066 350 1101 d.
389 1065 497 1100 asec.
520 1078 572 1100 m.
605 1062 664 1112 sic
678 1078 744 1113 per
765 1063 860 1099 illud
878 1064 914 1098 d.
960 1062 1066 1098 Flor.
1107 1067 1145 1110 (a
1179 1077 1238 1112 pr.
1269 1065 1342 1109 m.)
1376 1063 1447 1112 Jed
1477 1078 1545 1113 per

186 1124 280 1159 illud
304 1119 355 1170 efi
376 1123 412 1156 d.
452 1121 556 1156 Alm.
589 1120 736 1170 semper
757 1121 851 1168 illugl
870 1121 905 1155 d.
951 1120 1047 1155 Obr.
1086 1120 1234 1170 semper
1254 1118 1303 1168 eft
1316 1119 1545 1170 sperandum

188 1191 227 1216 et
245 1179 366 1215 modo
390 1187 426 1212 et
444 1191 517 1226 pro
548 1191 676 1227 neque.
901 1176 1150 1225 nzsi.Tu1·ic.
1184 1191 1270 1213 non.

271 1249 345 1270 non
366 1232 488 1283 poffit.
523 1236 655 1282 Camp.
679 1234 827 1269 omittit
856 1247 945 1268 non.

275 1291 312 1328 6.
344 1290 429 1340 Nisi
447 1289 564 1339 forte.
607 1291 741 1325 Tui-ic.
763 1289 867 1324 Flor.
900 1289 984 1333 (hic
1007 1304 1025 1324 a
1047 1305 1104 1339 pr.
1126 1293 1196 1336 m.)
1233 1291 1423 1327 omittunt
1454 1303 1545 1326 cum

190 1349 293 1387 Alm,
528 1348 647 1381 multa
670 1348 763 1381 circa
783 1360 891 1381 voces
915 1348 1072 1382 easdem.
1106 1344 1238 1383 Tuiic.
1273 1357 1374 1383 muta
1399 1363 1426 1385 ε.
1445 1358 1546 1384 vetes

191 1407 333 1443 eadem.
361 1404 464 1440 Flor.
498 1407 534 1448 (a
555 1417 614 1452 pr.
639 1403 712 1449 m.)
744 1412 846 1437 muta
877 1418 906 1439 c.
942 1413 1082 1439 veteres
1111 1406 1250 1440 eadem.
1283 1404 1410 1440 Guelf.
1448 1417 1544 1453 quo-

192 1477 267 1512 que
290 1472 401 1497 muta.
426 1460 537 1496 Bam.
558 1460 600 1494 in
624 1473 744 1507 marg.
768 1468 897 1495 mutus.
1130 1459 1225 1509 post.
1257 1462 1376 1497 Goth,
1398 1469 1546 1510 praeter

190 1532 278 1555 cum
299 1519 405 1555 Voff.
434 1529 469 1553 2.
503 1527 540 1552 et
561 1517 646 1552 edd.
680 1529 697 1550 a
719 1516 817 1554 Jens.
838 1516 930 1551 inde
954 1527 1039 1551 ante
1058 1516 1169 1551 Basil.
1195 1530 1269 1553 acc.
1293 1518 1489 1566 Gryphio.

274 1576 358 1611 Sed.
389 1574 522 1609 Turic.
547 1572 650 1608 Flor.
686 1571 773 1615 (hic
796 1586 813 1606 a
835 1585 893 1619 pr.
917 1573 989 1616 m.)
1013 1574 1203 1609 omittunt
1231 1587 1317 1609 cum
1341 1574 1443 1610 Alm.

277 1630 356 1681 effe.
383 1631 444 1666 Sie
465 1630 597 1664 Turio.
620 1628 724 1664 Flor.
746 1628 876 1663 Guelf.
903 1630 1035 1677 Camp.
1051 1643 1138 1664 cum
1154 1630 1271 1666 Goth.
1285 1630 1391 1668 Vols.
1411 1645 1444 1666 1.
1460 1642 1494 1667 2.
1509 1639 1548 1674 5.

189 1689 292 1727 Alm.
324 1685 425 1724 Vall.
453 1697 490 1722 et
523 1686 607 1722 edd.
640 1696 726 1720 ante
759 1685 910 1733 Gryph.
934 1699 1014 1720 exc.
1037 1686 1126 1721 Ald.
1150 1686 1311 1735 Reliqui
1335 1686 1403 1736 sit,
1427 1687 1551 1723 corri-

190 1757 303 1795 gente
324 1744 475 1791 Regi03
509 1743 570 1778 sed
591 1743 723 1777 eadem
748 1741 897 1776 nostrae
922 1741 1111 1778 structura
1143 1743 1193 1778 est
1216 1744 1315 1792 apud
1338 1745 1552 1778 Horatium

190 1803 324 1852 Epistt.
358 1814 393 1840 1,
433 1815 465 1840 1,
498 1806 565 1844 8¹·
598 1796 691 1846 Esto
712 1817 765 1825 --
789 1801 916 1834 teneri.
1151 1814 1231 1849 par.
1277 1801 1412 1836 Turio.
1444 1793 1555 1835 Flo'rl

194 1863 234 1905 (a
257 1872 315 1907 pr.
343 1870 394 1892 m·
426 1858 610 1903 uterque)
648 1867 746 1902 pars.
1040 1858 1233 1903 proximus
1265 1857 1378 1891 locus.
1417 1856 1551 1892 Guelf.

194 1916 376 1965 proximis
402 1913 503 1947 locis.
537 1913 670 1960 Camp.
713 1913 893 1958 proximis
924 1912 948 1947 l.
993 1925 1081 1947 cum
1115 1912 1210 1948 Bad.
1244 1912 1396 1961 Gryph·
1428 1915 1552 1949 Stoer.

197 1971 364 2008 Chouet.
398 1967 547 2003 Rollin.
571 1969 733 2016 Capper.
795 1969 868 2002 Sed
889 1970 999 2003 MSS.
1027 1968 1174 2018 reliqui
1197 1969 1384 2004 nostrum.

283 2037 320 2069 7.
349 2027 406 2062 An
427 2037 513 2059 vero
536 2024 607 2072 ipsi
632 2037 706 2059 non
730 2024 794 2060 bis.
835 2025 939 2060 Flor.
976 2025 1103 2062 Guelf.
1147 2026 1193 2061 A.
1223 2040 1257 2062 v.
1283 2028 1304 2061 i.
1327 2025 1434 2061 nobis
1463 2038 1555 2061 cum

197 2073 313 2123 Voss'.¹
331 2097 364 2118 1.
386 2091 423 2125 5.
456 2096 504 2116 αη
525 2094 602 2115 non
627 2080 698 2129 ipsi
719 2095 786 2116 nos
821 2081 939 2117 Goth.
963 2095 1052 2117 cum
1075 2083 1180 2120 Voss'.
1204 2093 1240 2118 2.
1267 2084 1552 2131 (e1·r.Burm.):

186 2140 311 2176 'addat
335 2152 381 2173 an
407 2137 560 2173 omittat
588 2136 707 2173 Goth.
739 2138 806 2178 bis,
838 2151 977 2186 parum
1019 2139 1177 2174 attendi.
1209 2139 1254 2174 A.
1276 2154 1308 2174 v.
1333 2141 1355 2173 ί.
1379 2152 1444 2174 nos
1475 2139 1556 2175 [ine

195 2197 250 2232 bis
273 2198 405 2244 Camp.
436 2195 497 2230 An
520 2208 595 2230 non
619 2192 691 2242 ipsi
707 2195 814 2229 nobis
836 2195 934 2232 Jens.
971 2198 1063 2239 (err.
1091 2196 1221 2238 Gesn.)
1252 2197 1366 2231 Tarv.
1397 2197 1457 2230 An
1480 2210 1556 2231 non

195 2252 268 2302 ipsi
290 2266 355 2288 nos
387 2252 443 2287 bis
469 2252 566 2287 Loc.
596 2252 693 2290 Ven.
732 2252 842 2287 Rufe.
877 2251 968 2287 Bad.
1003 2251 1155 2301 Gryph.
1188 2251 1335 2288 Rollin.
1376 2252 1437 2288 An
1467 2266 1554 2288 vero

197 2389 358 2417 eorum,
419 2388 518 2423 quos
550 2376 616 2410 hic
647 2376 846 2425 improbat
901 2376 1010 2425 „ipso
1031 2375 1220 2411 histrione
1240 2374 1557 2419 solitum,mrum

196 2432 344 2472 noster,
397 2433 594 2480 opinionis
624 2432 747 2467 fimile
780 2434 844 2469 de·
901 2432 999 2474 „ille
1029 2433 1174 2480 saepius
1221 2432 1379 2467 eandem
1408 2433 1555 2468 senten·

196 2488 382 2524 monstrat
429 2489 576 2524 Pseudo
600 2507 614 2514 -
637 2489 843 2525 Turnebus
899 2490 1020 2530 „tiam
1042 2489 1160 2524 variis
1185 2488 1352 2536 gestibus
1375 2488 1553 2530 efficeret,
1581 2524 1584 2525 γ

196 2545 296 2594 apud
320 2544 401 2580 Cic.
425 2545 469 2580 de
484 2544 552 2580 Or.
582 2557 614 2586 1,
639 2551 690 2589 54
712 2546 842 2582 initio.
901 2560 978 2587 „an
1000 2545 1078 2593 ipse
1110 2559 1179 2594 per
1216 2543 1461 2591 eloquentiae
1489 2559 1553 2582 co-

256 2603 292 2637 6.
354 2599 568 2650 histrionum
611 2620 664 2627 —
707 2599 839 2651 gestus.
900 2602 1034 2651 „piam
1063 2602 1237 2636 sermone
1273 2601 1424 2636 diverso
1452 2616 1546 2651 pro-

187 2659 312 2700 „Satis
372 2658 534 2696 constat,
605 2660 838 2694 contendere
899 2659 1169 2700 ,‚11unciaret.“
1227 2657 1454 2694 Macrobius
1484 2659 1567 2694 Sa-'

185 2720 333 2758 ,‚eu1n“
377 2714 664 2758 [Ciceronem]
720 2728 837 2755 „cum
896 2725 998 2751 turn.
1023 2723 1060 2756 2,
1099 2726 1161 2749 ιο.
