1779 3062
197 176 297 221 232
510 167 586 213 Μ.
623 168 761 215 FAB.
798 171 1192 231 QUINTILIAN
1193 172 1218 218 1

199 309 321 341 cum
342 291 564 343 tribuno
598 294 768 360 plebis
789 296 1099 347 humillimo
1128 295 1449 349 contendere
1479 293 1556 348 de*

196 370 504 418 innocentia
532 369 624 420 sua
657 373 872 432 maluit,
909 376 1174 423 inutiliter
1205 374 1304 424 sibi
1332 377 1550 426 videtur

200 444 544 496 consuluiffe:
582 459 672 498 aut
683 452 734 498 P.
746 451 1096 508 Rutilius,vel
1115 468 1239 499 cum
1261 453 1357 502 illo
1383 469 1550 518 paene

200 523 464 573 Socratico
486 540 677 589 genere
698 525 1019 576 defensionis
1045 526 1116 574 est
1138 524 1280 584 usus,
1301 529 1390 576 vel
1413 544 1551 585 cum,

200 611 484 649 revocante
522 617 648 652 eum
689 606 744 656 P,
786 603 960 660 Sulla,
1018 619 1232 650 manere
1276 604 1336 651 in
1389 605 1550 653 exilio

200 676 408 736 maluit,
448 677 581 742 quid
605 677 706 727 sibi
731 680 957 727 maxime
979 679 1315 737 conduceret,
1356 679 1552 728 nescie-

129 762 179 799 13
203 752 304 801 bat.
383 755 456 804 Hi
485 772 614 804 vero
647 772 808 822 parva
851 756 968 812 illa,
1025 771 1161 818 quae
1192 754 1553 815 abjectiffimus

202 831 436 894 quisque
475 833 684 880 animus
720 832 873 881 utilia
902 831 1083 889 credit,
1122 830 1163 879 si
1193 849 1317 880 cum
1351 832 1552 880 virtute

203 904 561 966 conferantur,
597 905 930 974 despicienda
957 908 1357 969 judicaverunt:
1402 909 1553 957 ideo-

202 998 309 1045 que
354 994 608 1051 perpetua
652 984 955 1034 seculorum
1017 985 1367 1034 admiratione
1421 986 1554 1033 cele-

199 1058 436 1109 brantur.
514 1063 709 1127 Neque
733 1079 829 1112 nos
863 1061 1025 1112 simus
1057 1074 1163 1111 tam
1196 1063 1454 1120 humiles,
1493 1071 1557 1110 ut

133 1156 183 1195 14
207 1153 343 1202 quae
373 1138 671 1198 laudamus,
710 1134 924 1188 inutilia
958 1139 1248 1190 credamus.
1328 1139 1431 1190 Sed
1451 1139 1558 1189 hoc

202 1345 304 1381 Mox
327 1346 373 1381 cle
395 1348 470 1382 ίηη.
503 1347 621 1384 Goth,
650 1349 748 1387 Jens.
772 1349 859 1393 (tac.
885 1348 1018 1395 Gesn.)
1048 1346 1184 1384 Ambr.
1208 1357 1247 1384 2·
1283 1346 1412 1384 Guelf.
1437 1348 1555 1385 Tarv-

205 1402 395 1439 omittunt
417 1403 462 1438 de
483 1418 570 1440 cum
589 1405 693 1441 Voff.
721 1419 753 1442 ι.
778 1415 812 1440 2.
839 1414 877 1449 5.

286 1460 408 1498 Rutil.
438 1462 509 1499 vel.
543 1462 676 1498 Turio.
707 1462 812 1498 Flor.
844 1462 928 1505 (hic
959 1475 979 1496 a
1014 1475 1073 1510 pr.
1102 1462 1173 1506 m.)
1227 1461 1417 1497 omittunt
1464 1473 1556 1497 cum

200 1513 307 1551 Alm.
573 1519 691 1553 Sulla.
721 1518 839 1554 Libri
872 1518 1031 1566 quidem
1064 1518 1144 1553 mei
1175 1529 1212 1553 et
1241 1518 1308 1553 hic
1330 1519 1453 1567 Sylla,
1484 1530 1556 1554 nec

203 1572 416 1621 quidquam
449 1585 583 1611 eontra
618 1588 682 1611 eos
714 1585 920 1610 annotatur
954 1588 972 1609 e
996 1575 1132 1611 Turio.
1161 1574 1265 1610 Flor.
1288 1575 1421 1610 Ambr.
1445 1585 1482 1610 2.
1513 1585 1558 1611 ut

202 1639 275 1663 nec
300 1628 385 1666 ullo
408 1641 617 1679 praeterea,
647 1632 718 1666 ubi
737 1631 816 1666 hoc
836 1643 981 1666 nomen
1004 1629 1161 1678 legitur,
1192 1629 1293 1670 loco,
1325 1631 1391 1666 vel
1412 1644 1459 1666 ex
1479 1629 1556 1671 his,

202 1683 270 1719 vel
300 1698 349 1721 ex
374 1686 510 1723 Ambr.
538 1700 572 1722 ι.
604 1687 678 1722 Sed
707 1687 873 1722 vicissim
904 1700 1062 1736 quoque
1098 1685 1211 1721 silent
1242 1687 1481 1722 conferentes
1514 1687 1562 1722 ad

208 1752 282 1782 11,
320 1755 364 1783 1,
398 1750 463 1788 35.
518 1743 589 1780 ubi
630 1754 788 1792 repente
816 1746 948 1779 Burm.
990 1754 1027 1779 et
1069 1755 1157 1777 cum
1203 1756 1249 1778 eo
1287 1744 1396 1779 Gesn.
1438 1743 1559 1784 Sulla,

203 1809 357 1844 praeter
389 1813 426 1841 ι,
463 1810 498 1843 4,
533 1807 597 1842 25.
630 1814 719 1835 nam
749 1810 787 1835 et
814 1801 873 1836 ibi
907 1800 1031 1834 Sullae
1061 1800 1196 1835 Burm.
1229 1800 1338 1834 Gesn.
1374 1799 1434 1835 sed
1454 1798 1558 1836 Flor-

204 1853 341 1890 Ambr.
376 1867 409 1891 1.
455 1856 600 1904 Syllae.
640 1856 774 1891 Turic.
816 1856 959 1892 siletur.
1023 1855 1408 1896 Veteremssformam
1449 1855 1561 1891 fuisso

204 1923 275 1960 per
300 1912 360 1952 U,
392 1923 622 1960 argumento
653 1913 738 1948 sunt
769 1913 835 1947 ista
856 1912 1052 1962 sullaturit
1084 1919 1129 1956 8,
1162 1921 1208 1954 5,
1240 1920 1306 1955 52.
1338 1919 1386 1957 8,
1418 1912 1464 1952 6,
1494 1920 1561 1955 52·

205 1967 278 2003 ubi
302 1967 409 2002 nulla
435 1968 480 2003 de
502 1969 537 2003 U
559 1970 602 2004 in
620 1980 713 2010 vett.
738 1969 957 2011 dubitati03
991 1969 1037 2004 cf.
1060 1981 1131 2003 nos
1151 1968 1196 2003 ad
1222 1975 1258 2011 5,
1297 1981 1358 2008 10,
1391 1978 1458 2012 30.

293 2025 382 2072 quid
395 2024 484 2074 sibi.
515 2026 650 2061 Turic.
680 2025 784 2061 Flor-
817 2025 944 2062 Guelf.
979 2025 1111 2074 Camp.
1144 2022 1289 2075 quods.
1320 2039 1409 2061 cum
1438 2024 1558 2062 Goth.

205 2082 304 2120 Jens.
322 2082 439 2117 Tarv.
471 2083 595 2118 Modo
626 2092 858 2118 revocantem
877 2082 981 2118 Flor.

294 2146 356 2180 13.
380 2136 508 2186 simus.
540 2138 644 2174 Flor.
676 2139 809 2187 Camp.
834 2138 958 2188 sumus
984 2151 1072 2173 cum
1094 2136 1194 2172 Alm.
1216 2137 1401 2172 Nostrum
1423 2137 1556 2172 Turio.

204 2190 276 2239 (cf.
310 2197 345 2242 ᾗ.
373 2196 467 2237 lh),
498 2195 606 2242 quod
626 2195 797 2243 praestat.

295 2255 358 2294 14.
390 2251 468 2286 hoc.
502 2250 637 2287 Ambr.
653 2262 691 2288 2.
722 2250 849 2287 Guelf.
874 2252 1062 2287 omittunt
1086 2263 1175 2286 cum
1199 2249 1319 2286 Goth.
1339 2250 1443 2289 Voff.
1469 2258 1504 2286 2.
1519 2257 1558 2295 3·

204 2428 398 2471 „Enarrat
444 2429 535 2466 Liv.
568 2435 618 2473 58
631 2453 642 2469 ,
695 2436 742 2473 5¹
776 2431 858 2479 [q.“
971 2429 1144 2467 Rutilius.
1160 2428 1249 2472 cf.5,
1264 2439 1300 2470 2,
1316 2434 1352 2472 4.
1376 2427 1560 2476 Repulsae

204 2485 407 2521 Gesnerus.
462 2485 557 2521 adde
596 2495 632 2520 et
677 2499 755 2534 cap.
789 2487 853 2530 56.
912 2487 1044 2533 hujus,
1058 2499 1173 2534 quam
1196 2485 1241 2520 ab
1267 2498 1312 2521 eo
1325 2484 1430 2520 Sulla
1455 2485 1558 2527 tulit,

204 2541 300 2577 item
351 2542 449 2578 Gell.
484 2548 526 2586 4,
582 2547 644 2585 18.
691 2544 850 2591 Appian.
912 2544 1080 2592 gloriam
1122 2542 1316 2577 celebrant
1355 2552 1392 2577 et
1420 2544 1561 2577 Seneca

205 2598 350 2644 Syriae.
383 2611 415 2636 c.
435 2605 501 2648 40.
527 2611 562 2648 p.
589 2599 854 2650 (Schweigh.)
911 2600 1064 2648 aliquot
1105 2598 1164 2634 ibi
1205 2599 1339 2646 positis
1372 2597 1478 2633 'locis
1523 2608 1562 2633 et

208 2660 287 2701 597
310 2655 386 2703 seq,
912 2655 1083 2692 Ovidius
1147 2668 1194 2690 ex
1256 2657 1382 2691 Ponto
1422 2667 1438 2690 ι
1456 2681 1469 2703 ,
1520 2662 1560 2697 5,
