1779 3062
319 177 383 237 76
633 178 708 224 Μ.
753 179 887 224 FAB.
934 180 1365 240 QUtNT1L1AN1·

318 303 516 353 donato
537 304 779 369 imperio,
819 305 1028 365 juvenis
1050 304 1324 364 secesserat,
1364 305 1659 367 sublimius,

319 381 528 429 doctius
553 418 567 438 ,
630 381 878 430 omnibus
941 380 1174 446 denique
1223 385 1460 432 numeris
1513 402 1660 449 prae-

255 470 258 474 ’
318 457 573 506 stantius?
651 457 782 525 Quis
824 459 966 505 enim
1016 470 1222 506 caneret
1257 460 1393 507 bella
1436 462 1659 518 melius,

318 550 480 597 quam
545 534 641 597 qui
709 532 776 581 [ic
830 536 963 599 gerit
986 536 1009 581 52
1083 539 1255 602 Quem
1315 533 1659 600 praesidentes

317 609 507 659 studiis
534 609 658 657 deae
679 611 901 675 propius
926 610 1204 659 audirent?-
1237 613 1341 661 Cui
1364 612 1528 677 magis
1544 611 1660 662 suas

317 697 448 736 artes
504 687 726 752 aperiret
787 685 1044 735 familiare
1109 705 1314 736 numen
1377 689 1659 737 Minerva?

401 809 554 843 donato.
615 808 678 842 Sic
707 808 839 845 Turic.
870 808 972 843 Flor.
1006 807 1131 843 Guelf.
1166 821 1253 843 eum
1284 809 1400 844 Goth.
1431 808 1540 853 (non
1559 809 1659 846 Jens.

316 878 389 900 err.
422 865 556 907 Gesn.)
590 863 702 898 Bodl.
732 863 836 899 Voss.
874 877 906 899 1.
939 873 975 906 5.
1005 864 1112 899 Bam.
1145 866 1252 900 Gesn.
1285 867 1372 913 Bip.
1431 866 1505 900 Sed
1523 878 1596 913 pro
1623 866 1661 899 in

316 932 409 968 quae
428 920 568 955 donato
590 919 693 955 Voff.
717 928 752 955 2.
784 921 931 968 iniquae
951 920 1129 961 donatus,
1165 934 1332 968 quorum
1352 922 1461 969 prius
1485 933 1521 955 et
1539 920 1657 956 Goth.

316 979 406 1020 (tac.
431 976 558 1019 Gesn.)
590 976 636 1010 cf.
658 979 690 1022 ᾗ.
715 983 776 1021 89.
800 976 892 1011 item
917 988 1003 1022 ¹09·
1038 976 1110 1011 Sed
1131 977 1295 1024 suspicor
1317 977 1415 1012 male
1436 988 1659 1024 excerptum

313 1033 420 1070 Voss.
446 1043 481 1068 2.
535 1033 741 1067 Editorum
773 1033 921 1079 primus
953 1033 1084 1080 Camp.
1114 1033 1270 1067 donatus
1292 1044 1328 1068 et
1352 1035 1399 1068 fic
1420 1033 1575 1080 reliqui.

390 1085 597 1137 secefferat.
639 1090 726 1124 Hoc
751 1102 769 1122 e
790 1089 911 1136 Lipfii
930 1090 1150 1135 conjectura
1173 1089 1239 1135 (ad
1259 1090 1379 1133 Tacit.
1402 1089 1497 1123 Hist.
1520 1095 1554 1131 [4,
1575 1089 1660 1134 86.)

315 1145 405 1180 dedi
424 1143 508 1192 post
529 1145 635 1180 Gesn.
660 1144 747 1192 Bip.
809 1145 924 1179 Libri
945 1158 1078 1180 omnes
1092 1143 1318 1194 succefferat.
1382 1146 1438 1180 Cf.
1462 1145 1662 1180 Drakenb.

313 1203 362 1236 ad
388 1201 477 1236 Liv.
510 1209 556 1240 2,
596 1209 668 1242 50,
703 1209 739 1242 3.
972 1203 1078 1248 gerit.
1139 1202 1201 1235 Sic
1234 1202 1366 1237 Turic.
1395 1200 1498 1235 Flor.
1531 1200 1659 1236 Guelf.

314 1257 433 1294 Goth.
456 1257 552 1298 (tac.
578 1257 716 1300 Gesn.)
746 1255 847 1291 Vall.
872 1257 1002 1303 Camp.
1026 1256 1111 1290 Ald.
1133 1267 1170 1291 et
1195 1257 1279 1291 edd.
1301 1258 1394 1304 post.
1419 1267 1503 1290 ante
1526 1254 1661 1290 Burmss

312 1327 390 1349 acc.
411 1313 498 1360 Bip.
557 1311 719 1358 Reliqui
743 1314 871 1359 egerit.
903 1314 1166 1350 Burmannus,
1199 1312 1369 1348 curiosus
1397 1311 1660 1347 insolentioris

312 1369 449 1409 verbi,
480 1367 647 1416 appellat
669 1368 915 1403 Gronovium
941 1368 981 1401 in
1007 1367 1112 1402 Obff.
1135 1377 1180 1408 2,
1207 1378 1242 1411 5.
1272 1382 1308 1416 p.
1336 1376 1424 1411 178.
1458 1367 1661 1402 docentem

314 1424 514 1473 exemplis,
537 1437 645 1472 agere
665 1437 820 1471 quoque
840 1423 973 1458 bellum
994 1423 1073 1458 dici
1095 1424 1138 1458 ab
1159 1425 1338 1472 antiquis,
1359 1423 1464 1471 (add.
1480 1423 1660 1460 Oudend.

314 1479 361 1516 'ad
383 1484 485 1516 Suet.
512 1481 610 1516 Caes.
636 1481 729 1524 45.)
762 1493 831 1514 nec
854 1479 1016 1514 attendit
1047 1479 1113 1523 (id
1149 1480 1255 1528 quod
1275 1491 1389 1527 negat
1412 1480 1554 1525 etiam)
1578 1479 1660 1515 bel·

311 1538 462 1575 lorum,
492 1550 611 1584 quae,
643 1536 770 1583 quoad
801 1536 859 1570 rei
888 1534 1066 1586 publicae
1097 1536 1260 1583 praeest,
1294 1536 1420 1570 adhue
1444 1547 1550 1583 gerat
1573 1537 1659 1571 Do-

312 1594 509 1631 mitianus,
533 1591 618 1626 fieri
637 1592 889 1629 mentionem,
923 1603 1002 1625 non
1024 1603 1158 1626 eorum
1181 1605 1276 1639 quae
1301 1594 1426 1640 egerit.
1459 1592 1662 1638 ‘Gesneruffi

311 1660 414 1685 recta
456 1648 648 1696 probans,
698 1646 844 1682 librum
875 1647 982 1681 suum
1017 1647 1186 1682 securius
1220 1648 1397 1696 inspexit.
1467 1647 1662 1683 Probabat

311 1706 458 1753 Regius
496 1704 618 1740 Codd.
659 1702 884 1751 scripturam
922 1704 1038 1750 gerit,
1093 1717 1173 1738 non
1211 1705 1314 1739 suam
1349 1704 1660 1740 emendationem

311 1761 537 1810 reponebat.
596 1759 652 1795 Cf.
676 1758 873 1794 Drakenb.
907 1758 952 1792 ad
971 1759 1062 1794 Liv.
1080 1761 1184 1807 Epit.
1210 1766 1271 1807 49.
1303 1774 1340 1808 p.
1367 1768 1457 1807 957.

399 1818 489 1851 deae
515 1818 679 1864 propius.
739 1815 871 1849 Turio.
907 1829 950 1848 ea
981 1818 1164 1863 propriis;
1196 1830 1215 1851 a
1248 1817 1316 1851 sec.
1347 1829 1397 1851 m.
1434 1830 1476 1850 eo
1497 1817 1662 1864 propius.

311 1874 416 1910 flor.
450 1873 498 1917 (a
524 1886 582 1921 pr.
611 1873 691 1915 m.)
728 1884 771 1905 ea
798 1885 834 1917 p.
868 1883 955 1905 cum
987 1870 1091 1904 Alm.
1305 1871 1501 1920 familiare
1531 1886 1662 1906 numen

311 1931 504 1966 Minerva.
537 1929 599 1963 Sic
621 1927 724 1962 Flor.
747 1926 853 1962 Balil.
888 1927 963 1962 Sed
982 1927 1114 1962 Turio.
1128 1926 1286 1975 familia
1305 1941 1456 1963 rennum
1477 1930 1664 1967 minerva5

371 2032 515 2067 donato
547 2030 711 2077 imperio.
771 2029 955 2069 „Donato
1019 2027 1082 2063 16.
1124 2046 1216 2070 ‚‚—
1238 2028 1302 2063 eui
1323 2029 1498 2077 geminae
1521 2027 1661 2065 florent
1685 2022 1687 2025 Α

309 2081 497 2136 ’,ῥηιῃενὶο
522 2085 705 2123 militari,
736 2085 954 2120 condonato
1013 2095 1253 2132 „vatumque
1283 2084 1504 2131 ducumque
1529 2085 1659 2119 Certa-

311 2157 425 2187 „tum
484 2141 762 2191 suspicionibus
813 2140 956 2181 fratris,
1014 2141 1114 2180 „tim
1130 2139 1280 2175 laurus:
1305 2139 1402 2175 olim
1423 2139 1530 2175 dolet
1544 2138 1660 2175 altera

312 2213 422 2242 „tum
436 2200 502 2237 suo
515 2200 557 2234 in
570 2198 801 2247 optimarum
817 2197 957 2231 artium
1015 2196 1159 2236 „vinci
1169 2201 1194 2215 ‘⁶

313 2256 461 2298 „studia
493 2255 638 2295 amori,
669 2255 705 2287 in
732 2267 845 2300 opera
866 2265 958 2300 poe·
1069 2250 1317 2300 praefidentes
1328 2248 1462 2298 studiis
1474 2252 1561 2287 deas
1581 2263 1660 2288 tam

313 2314 436 2353 „tica,
466 2311 505 2347 h.
535 2325 565 2347 e.
591 2310 636 2345 ad
657 2323 697 2345 ea
720 2307 957 2347 elaboranda,
1016 2321 1133 2355 prope
1165 2308 1353 2342 audientes
1385 2308 1661 2356 imperatorem

314 2383 360 2410 „a
382 2368 541 2416 strepitu
558 2379 687 2402 rerum
706 2364 959 2412 gerendarum
1017 2374 1119 2398 reete
1145 2364 1329 2399 Gesnerus
1353 2364 1472 2399 refert
1501 2365 1548 2399 ad
1569 2378 1660 2413 ago-

314 2424 533 2466 „secesserat
552 2422 844 2458 Domitianus.“
876 2420 962 2454 Ges·
1018 2432 1106 2453 nem
1128 2420 1324 2459 musicum,
1359 2434 1472 2468 quem
1495 2420 1662 2457 instituit

315 2494 396 2515 ner.
466 2479 707 2513 Illustrantur
740 2476 835 2511 haee
864 2474 961 2511 loeis
1018 2473 1085 2509 ille
1127 2486 1280 2510 auctore
1320 2478 1422 2511 Suet.
1462 2478 1580 2512 Dom.
1621 2483 1657 2520 4.

316 2536 446 2571 Taciti
475 2546 511 2571 et
533 2533 712 2570 Suetonii
734 2533 842 2580 supra
860 2545 880 2565 a
900 2545 961 2566 me
1020 2531 1078 2565 Cf.
1122 2533 1212 2566 Stat.
1260 2531 1366 2578 Sylv.
1409 2542 1453 2575 3,
1506 2539 1551 2575 5,
1593 2538 1660 2576 282

316 2592 455 2626 citatis.
497 2589 620 2627 Valde
644 2589 821 2637 geminus
841 2587 961 2634 Quin·
1019 2594 1068 2629 δι
1097 2607 1148 2614 --
1171 2596 1233 2629 53.
1267 2598 1303 2621 et
1332 2589 1445 2624 nostr.
1471 2600 1506 2634 9,
1533 2593 1567 2629 4,
1595 2601 1657 2623 11.

315 2646 476 2683 tihaneo
527 2645 710 2681 adulandi
762 2642 871 2679 color
912 2644 962 2678 est
1068 2641 1263 2690 familiare
1301 2658 1431 2678 numen
1466 2643 1660 2680 Minerva.

317 2703 419 2751 apud
452 2703 617 2739 Statium
648 2699 790 2737 Aehill.
826 2713 870 2740 ι,
897 2707 959 2742 15.
1018 2701 1064 2734 Se
1078 2699 1180 2733 enim
1195 2699 1396 2735 Minervae
1409 2698 1534 2734 filium
1545 2699 1660 2744 jacta-
