1779 3062
481 151 646 199 INST.
685 153 966 201 ORATOR.
1003 156 1126 201 LIB.
1163 155 1274 212 XII,
1311 170 1357 202 2.
1496 153 1594 212 525

237 296 367 331 vere
406 278 561 328 dicet.
652 283 794 331 Cum
826 280 893 330 sit
934 283 1109 332 omnis
1144 284 1404 349 generalis
1440 292 1599 350 quae·
1632 295 1678 336 ¹8

204 420 208 423 *
238 413 339 463 quid
370 412 667 450 hic'tribuitur
696 412 787 449 viro
820 414 950 456 bono,
1001 427 1038 453 et
1074 415 1147 453 soli
1177 418 1411 466 pronomini
1441 420 1503 467 qui
1534 431 1598 467 ap-

238 469 409 519 plicare,
441 480 487 506 ut
511 470 679 505 verbum
706 469 833 518 ipsum
863 472 1069 509 sententiae
1098 475 1355 523 repetendum
1385 475 1433 510 sit
1452 489 1500 510 ex
1522 474 1596 512 illo

239 527 339 562 dicet:
368 527 412 562 in
444 522 663 576 quaestione
689 527 940 575 praecedente
970 531 1107 578 posito,
1140 531 1245 578 quasi
1272 531 1325 567 ita
1353 529 1415 566 illi
1440 532 1596 581 respon-

240 583 396 620 deatur:
455 583 598 625 „dicet
625 583 977 631 qui‘dem'orator,
1032 587 1094 622 sed
1128 587 1185 622 ita
1216 587 1375 624 demum
1404 589 1529 629 dicet,
1567 589 1599 624 [i
1655 615 1659 618 Α

239 640 392 682 „fuerit
420 641 485 676 vir
516 640 658 682 bonus,
692 642 761 689 qui
785 646 881 676 etc.“
911 641 957 674 ln
984 641 1057 678 hac
1084 655 1212 679 autem
1252 645 1318 679 ille
1344 653 1426 682 ‘non
1456 644 1596 695 placet,

238 698 369 747 positu
398 697 528 733 saltem
559 697 845 734 amandandum
870 697 955 746 post
984 698 1099 734 bimus
1130 711 1167 735 et
1198 715 1246 736 ne
1276 701 1327 736 sic
1357 703 1518 750 quidem
1549 703 1599 738 sa-

237 750 289 790 ‘tis
320 754 481 790 clarum.
541 755 653 790 Hanc
688 754 962 790 difficultatem
992 768 1146 792 mecum
1177 758 1247 806 qui
1279 758 1456 800 senserit,
1516 759 1598 794 sen-

237 812 400 848 tentiam
431 812 626 860 integram
655 812 699 847 in
732 811 840 847 hisce
873 812 1073 859 requiret,
1131 812 1254 852 verbo
1287 815 1353 850 suo
1387 815 1599 863 principali

241 880 323 904 non
352 879 574 909 carentem}
602 882 721 917 eaque
752 868 972 916 potiemur,
1002 869 1031 903 si
1058 882 1141 917 pro¹
1162 869 1225 912 fed
1253 872 1359 920 (quod
1377 871 1479 919 sciet
1506 873 1598 917 sori-

238 927 431 974 pserimus
455 934 490 960 el:
512 939 545 973 q.
567 923 602 973 s
639 925 742 960 unde
772 924 948 973 legitima
978 924 1048 960 illa
1070 928 1244 961 nascetur
1276 927 1508 976 copularum
1533 941 1600 963 nec

239 995 345 1018 -et
369 983 569 1017 structura.
641 982 705 1016 Sic
736 982 1156 1032 pereeperit-—senciat
1186 983 1352 1019 absolvit
1382 982 1600 1031 subjectum

237 1041 267 1076 i.
302 1053 406 1081 eum,
438 1037 486 1074 de
519 1050 599 1085 quo
630 1047 779 1087 agatur,
809 1040 943 1075 virum
972 1041 1137 1082 bonum,
1171 1053 1289 1088 quem
1320 1041 1503 1089 deinceps
1526 1054 1599 1077 no-

232 1092 310 1133 ster
341 1097 446 1133 dicat
483 1108 588 1137 „nec
623 1094 824 1136 laborare,
867 1105 903 1131 et
935 1097 1100 1132 dicere“.
1176 1097 1218 1132 Si
1251 1098 1339 1146 quis
1375 1108 1506 1133 tamen
1526 1096 1601 1147 sed

230 1154 426 1190 ”maluerit
447 1148 619 1202 propter*
635 1148 810 1201 opposita
831 1152 1031 1193 laborandi
1055 1154 1196 1190 et'vere
1220 1154 1368 1189 dicendi
1387 1149 1529 1195 verba,
1563 1155 1599 1191 ei

235 1212 436 1248 succurret
465 1210 654 1257 scriptura
684 1209 883 1249 Gothum,
915 1212 1017 1247 unde
1049 1211 1144 1246 haec
1172 1218 1301 1246 eruat:
1337 1226 1401 1246 nec
1422 1213 1462 1246 in
1482 1217 1598 1260 agen·

237 1270 288 1305 do
321 1283 386 1304 nec
424 1270 462 1303 in
498 1266 702 1314 cogitando
744 1266 944 1303 laborabit.
1026 1267 1224 1303 oneratur
1255 1268 1339 1303 sane
1371 1268 1498 1304 tribus
1525 1268 1600 1318 sed

235 1316 334 1362 hiaec
365 1324 486 1361 nostri
515 1323 663 1358 oratio:
725 1323 787 1358 sed
818 1323 896 1359 hoc
930 1324 1029 1359 serre
1073 1324 1314 1365 did·icimus;
1374 1337 1446 1360 nec
1482 1325 1598 1374 quid·

238 1397 356 1432 quam
386 1380 551 1431 proficit
579 1380 712 1416 Turic-
738 1390 776 1415 et
805 1383 867 1428 qui
890 1383 1043 1417 virtutes
1069 1380 1259 1417 exhibens
1290 1395 1362 1430 pro
1386 1380 1456 1430 sed
1488 1396 1522 1432 q.
1558 1397 1594 1418 v.

234 1440 448 1476 Attendere
469 1447 597 1473 autem
619 1437 729 1472 decet
744 1438 945 1472 venustam
972 1437 1218 1473 locutionem
1248 1441 1392 1473 aurium
1425 1448 1530 1474 tenus
1559 1442 1597 1475 in

236 1498 339 1548 usum
370 1497 542 1544 linguae,
576 1492 646 1528 ubi
667 1493 950 1529 demonstratur
974 1494 1157 1529 transitus
1185 1493 1254 1530 ille
1284 1494 1515 1532 celerrimus
1544 1496 1598 1532 se-

213 1568 351 1593 .·verae
381 1554 427 1589 de
460 1550 642 1587 moribus
676 1560 714 1586 et
741 1551 887 1586 virtute
920 1551 1120 1586 doctrinae
1150 1551 1196 1586 ab
1227 1565 1318 1586 aure
1351 1551 1397 1586 ad
1432 1565 1497 1594 os,
1529 1566 1597 1601 pe·

235 1624 344 1649 ctore
375 1611 587 1656 animoque
630 1620 876 1656 nequaquam
910 1608 1130 1642 contactis.·
1177 1608 1252 1645 Vir
1279 1607 1405 1644 malus
1439 1609 1599 1646 dicendi

235 1655 428 1706 studiosus
467 1665 608 1713 arripit
645 1677 899 1712 quaecunque
935 1664 981 1699 de
1013 1663 1156 1711 justitia
1185 1664 1373 1705 audierit,
1426 1676 1470 1702 ut
1500 1679 1598 1702 mox

236 1726 451 1762 deblateret
479 1721 623 1758 eadem.
687 1722 773 1756 Nec
803 1721 888 1757 satis
915 1720 1000 1762 illi,
1034 1721 1104 1768 qui
1128 1721 1260 1769 lingua
1281 1722 1493 1758 scriberent
1518 1732 1595 1772 pro

236 1785 413 1830 linguae,
445 1789 633 1827 ceperunt
654 1776 754 1825 usum
780 1778 954 1825 linguae,
996 1790 1093 1824 quae
1115 1777 1191 1822 jam
1221 1779 1352 1826 coepit
1383 1781 1421 1813 in
1443 1778 1596 1828 quaestu

237 1839 310 1891 effe
342 1837 408 1883 (cf.
438 1851 472 1872 ι.
495 1838 584 1871 Pro.
610 1836 707 1881 15.),
741 1847 919 1882 quaeque
940 1833 1006 1868 hic
1028 1846 1119 1867 cum
1142 1833 1276 1883 aliquo
1309 1845 1511 1870 contemtu
1534 1837 1593 1871 di-

237 1899 363 1935 citur,
407 1893 520 1930 velut
552 1893 779 1926 mercenaria
806 1903 881 1926 vox
919 1900 990 1932 12,
1034 1902 1078 1929 1,
1109 1898 1174 1934 25.
1234 1891 1351 1941 „Qui
1380 1902 1508 1929 autem
1538 1895 1593 1930 ica

231 1954 396 2004 ,sentiat
425 1951 522 1985 sicut
551 1947 769 1996 loquitur“
797 1947 830 1983 is
863 1947 1021 1982 demum
1047 1946 1265 1983 audiendus
1290 1947 1338 1982 est
1373 1948 1419 1984 de
1442 1949 1593 1986 virtute

234 2012 392 2049 dicen&
426 2006 525 2042 dicit
555 2004 662 2041 enim
691 2018 775 2040 vere
805 2004 833 2039 i.
867 2004 1035 2041 senfibus
1066 2017 1113 2039 ex
1137 2004 1220 2052 ipso
1253 2004 1385 2040 auimo
1404 2007 1589 2054 promtis,

232 2068 382 2118 quique
412 2064 486 2100 sibi
517 2063 591 2111 ipsi
621 2061 744 2097 fidem
775 2061 918 2097 faciant
941 2060 1045 2110 apud
1077 2061 1297 2102 auditores;
1330 2061 1378 2098 cf.
1397 2067 1436 2108 4,
1460 2070 1497 2102 2,
1521 2070 1590 2109 38.

231 2123 410 2173 Superest
446 2131 490 2156 ut
518 2131 768 2159 moneamus,
828 2131 904 2154 non
944 2118 1048 2154 illud
1081 2129 1167 2154 ante
1200 2118 1348 2154 vocibus
1378 2131 1590 2157 commune

231 2183 305 2219 effe
334 2179 411 2216 toti
440 2177 585 2218 sensui,
640 2187 723 2211 non
754 2175 1020 2211 fflhaerescere
1057 2174 1128 2210 soli
1159 2175 1370 2225 participio
1402 2184 1493 2211 nota
1524 2187 1591 2214 aut

230 2236 446 2289 particulae
479 2243 648 2272 tanturm·
677 2245 795 2281 quare
816 2231 1123 2281 propagabimus
1155 2232 1403 2280 negationem
1433 2233 1480 2268 ad
1502 2246 1589 2270 ver-

229 2297 329 2332 bum
358 2294 484 2342 ipsum
519 2292 746 2338 perceperit,
779 2289 846 2325 cui
879 2290 1021 2325 deinde
1052 2289 1261 2338 respondet
1277 2286 1483 2337 sed—ita
1503 2289 1589 2339 sen·

232 2344 316 2389 tia't'.
378 2352 488 2385 Hanc
518 2360 590 2383 nos
617 2347 828 2382 structurae
855 2347 1054 2382 rationem
1080 2345 1267 2381 tollendis
1295 2345 1461 2395 aliquot,
1490 2359 1588 2395 quae

230 2407 333 2445 male
363 2407 458 2443 haec
485 2403 716 2439 distinebant
747 2414 784 2440 et
813 2404 1029 2453 sepiebant,
1082 2401 1254 2450 virgulis
1282 2401 1505 2451 planiorem
1534 2403 1588 2440 fe-

231 2466 370 2502 cimus.
404 2463 512 2508 [Vid.
542 2460 663 2503 Add.]

322 2529 385 2568 13.
451 2521 542 2556 Cum
562 2515 618 2567 sic
648 2519 780 2554 omnis.
844 2517 908 2555 Sic
940 2517 1076 2554 Turio.
1107 2530 1137 2552 c.
1168 2525 1292 2554 autem
1322 2530 1356 2553 0.
1391 2517 1520 2555 Guelf.
1555 2530 1587 2557 c.

291 2667 354 2706 18.
410 2655 593 2707 generalis
643 2650 806 2702 quaestio
823 2673 878 2681 —-
935 2652 1000 2688 his
1039 2655 1230 2702 potentior
1261 2651 1427 2702 accipias
1461 2666 1504 2690 ea
1531 2654 1587 2695 vi,

230 2719 329 2770 quod
351 2712 557 2765 universum
579 2708 640 2761 est.
706 2710 810 2766 (gave
833 2710 878 2748 in
937 2723 1014 2760 qua
1033 2711 1263 2763 usurpatum
1274 2710 1325 2747 eft
1340 2723 1402 2757 ιο,
1421 2724 1458 2756 1,
1474 2720 1588 2766 ²7th
