1779 3062
314 143 416 201 446

643 142 717 188 M.
752 132 887 187 ΕΑΒ.
924 125 1341 204 QUINTILIANI

315 270 468 328 cujus
504 276 788 316 extremam
825 283 975 315 oram
1006 264 1229 329 reiecisse
1266 283 1378 315 non
1417 264 1649 315 dedecet.

239 344 529 409 1410periri
551 355 726 393 autem
748 344 1033 392 humerum
1055 361 1175 392 cum
1196 353 1309 392 toto
1330 343 1518 408 jugulo
1538 359 1652 391 non

315 428 549 487 oportet,
598 421 801 485 alioqui
823 421 1042 470 amictus
1064 418 1153 468 fiet
1175 417 1450 484 angustus,
1488 430 1539 467 et
1567 419 1648 467 di-

312 499 592 562 gnitatem,
633 513 767 563 quae
791 495 940 546 estin
961 496 1242 545 latitudine
1266 496 1649 560 pectoris5'per-
1699 502 1701 505 ’

313 573 415 621 det.

498 574 781 623 Sinistrum
814 574 1087 623 brachium
1128 589 1191 621 eo
1217 588 1388 636 usque
1419 571 1650 622 allevan-

311 648 444 699 dum
478 648 576 708 est,
614 661 676 703 ut
708 648 854 716 quasi
880 651 1177 701 normalem
1204 648 1365 697 illum
1390 648 1650 713 angulum

401 768 496 803 141.
538 761 692 810 alioqui.
725 759 859 796 Ambr.
891 769 928 794 ε.

306 829 428 864 marg.
469 815 606 859 Baffi.;

306 876 430 908 Stoer.

970 760 1098 808 aliqui.
1142 757 1271 794 Guelf.
1315 752 1507 805 angustior
1558 769 1650 792 curn

661 815 799 866 placet.
830 819 966 851 amictu
992 817 1091 855 Jens.
1122 827 1210 850 cum
1243 814 1329 850 edd.
1363 814 1520 861 posterr.
1562 823 1650 849 ante

490 873 590 908 Mox
607 873 732 922 perdit:
750 872 882 909 Turic.
906 872 1011 909 Flor.
1029 872 1165 908 Ambr.
1188 880 1225 906 2.
1249 869 1376 906 Guelf.
1399 868 1518 905 Goth.
1546 869 1646 908 Jens.
1673 878 1682 927 Α.

304 931 393 974 (tac.
417 927 547 976 Gesn.)
580 929 710 976 Camp.
736 940 825 963 cum
852 929 935 964 edd.
959 940 1044 964 aute
1065 928 1156 964 Bad.
1186 924 1290 974 istum
1319 924 1448 961 Guelf.
1475 926 1650 974 angelum

301 983 407 1020 Flor-
426 985 562 1020 Ambr.
584 993 621 1021 2.
644 984 761 1033 supra
787 985 887 1033 quod
917 985 1035 1021 Goth.
1069 987 1159 1028 (tac.
1183 983 1313 1031 (iesu.)

300 1074 461 1109 demum
481 1073 649 1109 humero
671 1074 785 1121 injici
809 1073 878 1110 hic
899 1074 946 1109 si·

298 1144 371 1166 nus
394 1130 540 1174 debeat.
597 1130 742 1165 Haeret
762 1141 890 1165 autem
903 1131 945 1164 in

299 1186 437 1222 dextro
485 1184 717 1234 plerumque
767 1197 946 1221 veterum

296 1242 505 1277 statuarum
528 1241 696 1276 humero
715 1252 825 1288 togae
843 1253 943 1290 pars,

296 1297 455 1333 reducta
483 1295 551 1331 iila
582 1310 602 1330 a
630 1295 734 1331 00110
772 1309 842 1331 nec
871 1293 944 1333 nisi

294 1354 448 1389 summo
475 1352 555 1388 fere
595 1363 704 1400 tergo
738 1352 943 1402 applicita,

296 1422 416 1458 quam
445 1409 512 1444 hic
539 1423 559 1444 a
582 1407 709 1444 nostro
730 1409 944 1457 significari

294 1465 410 1515 Plane
433 1465 562 1501 credo.
622 1467 719 1501 Eam
739 1466 834 1505 sane,
855 1480 942 1502 cum

293 1534 469 1571 primum
496 1534 702 1557 amicimur
717 1533 805 1568 toga
819 1532 856 1557 et
880 1537 943 1558 nn-

294 1589 451 1626 tequam
492 1578 560 1612 sub
600 1578 741 1613 dextro
779 1578 823 1613 in
852 1579 943 1614 sini-

292 1633 411 1669 strum
425 1632 589 1668 humero
610 1647 727 1681 rugae
741 1632 831 1668 illae
851 1648 943 1676 con-4

291 1699 496 1737 geruntur,
531 1700 662 1725 exerto
683 1703 778 1724 mox
800 1690 939 1727 dextro

291 1744 455 1781 brachio
477 1745 755 1785 continendae,
785 1748 942 1795 imponi

290 1800 437 1836 necesse
471 1801 522 1835 est
551 1814 628 1835 una
656 1813 746 1836 cum
766 1813 872 1850 parte
893 1803 940 1838 si·

290 1857 419 1892 nistra.
440 1856 579 1904 Neque
602 1858 718 1897 enim,
745 1871 822 1906 quo
846 1869 942 1894 tem-

290 1926 389 1963 pore
409 1911 615 1947 brachium
643 1913 744 1949 veste
765 1915 939 1950 contine-

291 1970 421 2010 batur,
444 1967 556 2003 aliter
574 1969 689 2015 injici
708 1981 795 2018 toga
807 1972 938 2019 potuit

290 2038 411 2075 quam
457 2034 502 2059 ut
540 2025 684 2073 pariter
723 2027 936 2075 utrobique

291 2081 444 2117 collum
480 2080 650 2122 velaret3
691 2095 787 2129 quae
826 2097 935 2126 mox,

289 2137 478 2173 liberiore
512 2137 652 2186 agendi
688 2151 798 2174 more
833 2140 935 2176 obti-

291 2204 430 2234 mente,>
440 2204 483 2228 ut
503 2188 633 2228 minus
652 2194 697 2229 in
716 2207 855 2242 genere
868 2197 934 2231 ad-

291 2250 517 2291 ducebatur,
539 2250 594 2285 ita
618 2263 637 2284 a
659 2251 794 2286 dextro
814 2252 935 2286 maxi·-

288 2318 353 2341 :me
376 2305 480 2341 collo
500 2305 713 2343 recedebat.
747 2308 836 2354 Quo
860 2309 934 2343 mi-

288 2375 364 2397 :nus
410 2373 557 2402 tamen,
625 2375 715 2398 cum
754 2364 931 2400 Ferrario

288 2417 478 2466 aliisque,
519 2420 645 2454 sinum
683 2418 749 2454 hic
779 2417 931 2469 sinistro

287 2474 455 2509 humero
484 2475 743 2522 injiciendum
758 2477 932 2525 praecipi

286 2541 440 2578 putem,
474 2532 594 2567 obstat
640 2534 806 2580 aspectus
851 2532 930 2582 ipse

287 2596 470 2635 togarum
500 2588 544 2622 in
563 2588 691 2623 statuis
706 2614 717 2629 ‚
750 2589 818 2637 qui
840 2588 929 2623 dex-

286 2652 386 2680 tram
406 2645 519 2682 vestis
538 2643 720 2681 laciniam
748 2645 803 2682 ita
820 2644 864 2682 in
883 2645 929 2681 fi-

1001 1074 1160 1109 nistrum
1183 1075 1393 1109 humerum
1414 1072 1506 1109 duci
1525 1073 1646 1108 osten-

1003 1130 1074 1174 dit,
1089 1141 1134 1165 ut
1153 1129 1339 1166 sinistram
1359 1129 1540 1165 laciniam
1558 1130 1645 1166 sub-

1003 1195 1083 1227 eat,
1125 1199 1244 1233 eaque
1294 1194 1468 1231 tegatur,
1503 1199 1644 1234 nequa·

1003 1244 1138 1289 quam}
1158 1252 1285 1276 autem
1326 1240 1551 1287 imponatur
1591 1242 1644 1276 ei-

1003 1300 1113 1340 dem;
1153 1297 1262 1346 quod
1310 1295 1464 1333 fortasse
1512 1307 1646 1333 contra

1000 1356 1078 1391 fuit
1124 1356 1167 1389 in
1205 1352 1278 1387 illo
1310 1352 1568 1394 Graecorum,
1608 1365 1647 1390 et

998 1412 1171 1448 Platonis
1221 1407 1441 1458 imprimis,
1484 1408 1647 1449 ’ἐπιδέξιοι

1000 1464 1297 1512 ἀναβάλλεσθαι,
1357 1464 1403 1499 de
1442 1479 1522 1515 quo
1551 1466 1645 1501 vide

998 1524 1144 1559 Heind.
1175 1522 1221 1556 ad
1249 1521 1446 1556 Theaetet.
1475 1536 1515 1572 p.
1549 1527 1644 1566 40⁷0,

996 1581 1093 1616 item
1121 1579 1368 1625 Bottigerum
1398 1579 1445 1613 ad
1462 1579 1548 1614 vasa
1564 1578 1644 1613 Ha-

998 1635 1229 1671 miltoniana
1263 1644 1299 1673 2,
1335 1646 1374 1681 p.
1410 1640 1476 1678 55.
1537 1633 1644 1681 Quid

997 1693 1044 1727 sit
1069 1692 1217 1735 rejicere
1245 1698 1446 1724 extremam
1473 1704 1576 1726 oram
1589 1687 1644 1737 si·

998 1762 1078 1789 uus,
1101 1746 1202 1781 infra
1224 1745 1505 1792 disputabimus
1539 1745 1585 1781 ad
1607 1744 1640 1789 §-

1003 1809 1093 1849 144.
1152 1803 1293 1837 Fateor
1315 1812 1456 1842 autem,
1476 1802 1543 1838 hic
1562 1814 1641 1836 ma-

997 1860 1102 1894 xime
1141 1857 1245 1894 mihi
1284 1870 1422 1905 aquam
1460 1857 1640 1896 haerere,

997 1929 1086 1952 cum
1116 1915 1326 1951 circuitum
1360 1926 1516 1950 omnem
1545 1913 1639 1950 ami-

996 1983 1080 2008 ctus
1129 1970 1252 2006 oculis
1297 1970 1477 2018 persequi
1512 1970 1640 2006 adhuc

995 2028 1154 2078 quidem
1165 2039 1412 2075 nequaquam
1425 2026 1528 2063 mihi
1546 2039 1638 2062 con·

994 2084 1136 2132 tigerit.
1166 2081 1312 2118 Solatio
1333 2093 1461 2119 tamen
1484 2083 1534 2119 est
1552 2082 1638 2118 Ges-

991 2141 1079 2175 neri
1110 2140 1156 2175 de
1184 2139 1218 2173 se
1243 2138 1346 2173 idem
1373 2138 1525 2175 fatentis
1548 2137 1636 2174 [im-⁴

991 2195 1156 2245 plicitas.
1217 2193 1394 2230 Gallaeus
1412 2208 1634 2243 expungen-

993 2252 1052 2288 dis
1072 2265 1146 2302 pro
1174 2250 1291 2299 glossa
1314 2250 1446 2286 verbis
1470 2252 1635 2296 injicien—

991 2309 1058 2343 dus
1096 2309 1244 2343 humero
1284 2309 1382 2351 cuius
1415 2305 1632 2343 faciliorem

989 2365 1073 2400 sane
1086 2363 1316 2400 nanciscitur
1334 2362 1414 2398 loci
1424 2363 1630 2403 rationem,

989 2420 1050 2455 sed
1076 2422 1167 2462 suo,
1195 2420 1224 2455 i.
1259 2433 1292 2455 e.
1316 2420 1542 2458 temerario,
1569 2432 1630 2454 re-

987 2477 1133 2513 medio.

1049 2593 1140 2634 141.
1155 2589 1358 2624 normalem
1368 2606 1423 2614 —
1435 2572 1623 2635 angu'lum.

988 2644 1067 2695 Qui.
1094 2644 1144 2683 fit
1173 2658 1193 2682 e
1221 2644 1363 2683 lacerto
1392 2653 1430 2681 et
1450 2641 1626 2685 brachio.
