1779 3062
338 176 433 219 550
662 163 735 209 Μ.
770 163 905 208 FAB.
943 163 1359 225 QUIN'HLIANI
1392 132 1422 202 τ’

333 304 445 336 rem
478 286 733 337 hortatur.
810 286 1051 353 Pyrrhon
1084 287 1304 353 quidem
1331 305 1460 352 quas
1482 290 1540 338 in
1561 288 1666 339 hoc

335 380 495 430 opere
530 364 723 413 habere
750 375 919 429 partes
953 364 1154 430 potest?
1195 367 1283 414 cui
1313 365 1516 427 judices
1552 363 1667 423 effe,

333 440 475 505 apud
509 457 643 505 quos
673 442 833 489 verba
866 439 1042 500 faciat,
1097 451 1149 490 et
1180 459 1362 498 reum,
1416 460 1515 508 pro
1556 459 1667 507 quo

330 516 608 581 loquatur,
666 528 718 565 et
763 516 1024 576 senatum,
1082 519 1141 566 in
1183 535 1292 582 quo
1332 517 1398 566 sit
1440 517 1666 566 dicenda

255 601 302 639 25
331 591 599 652 sententia,
639 611 751 643 non
780 595 1016 659 liquebit.
1071 594 1412 642 Academiam
1445 593 1668 659 quidam

329 667 658 719 utilissimam
688 670 927 728 credunt,
966 669 1117 736 quod
1148 687 1263 718 mos
1295 671 1354 718 in
1385 679 1667 734 utramque

273 800 283 812 ¹
330 757 532 811 partem
582 745 860 796 disserendi
905 747 969 795 ad
1022 747 1448 795 exercitationem
1487 744 1667 795 foren-

328 821 465 871 sium
507 823 776 873 causarum
819 825 1058 889 proxime
1095 821 1315 870 accedat.
1393 821 1668 884 'Adjiciunt

327 899 450 948 loco
491 901 838 965 probationis,
879 899 1027 964 quod
1051 915 1110 947 ea
1133 896 1587 964 praestantissimos
1607 900 1667 947 in

329 976 636 1040 eloquentia
678 978 823 1025 viros
858 976 1097 1024 ediderit.
1188 977 1523 1039 Peripatetici
1560 973 1666 1023 stu-

329 1051 421 1101 dio
457 1070 673 1117 quoque
697 1051 747 1100 se
772 1052 1003 1117 quodam
1027 1053 1257 1101 oratorio
1280 1056 1480 1113 jactant.
1521 1052 1666 1100 Nam

327 1127 495 1177 theses
531 1129 704 1177 dicere
740 1129 1123 1178 exercitationis
1157 1129 1319 1193 gratia
1352 1127 1463 1178 fere
1491 1126 1564 1176 est
1599 1128 1663 1177 ab

323 1303 412 1340 Ald.
702 1303 883 1340 hortatur.
945 1305 1008 1340 Sic
1040 1305 1173 1353 Camp.
1234 1313 1378 1340 oreatus
1412 1305 1545 1341 Turic-
1607 1317 1664 1340 or·

322 1370 422 1396 eatur
461 1358 567 1395 Flor.
630 1361 824 1396 adortatus
863 1360 966 1397 Alm.
1028 1362 1192 1398 hortetur
1215 1361 1329 1399 rJens.
1369 1374 1402 1399 c.
1443 1362 1529 1397 edd.
1565 1361 1663 1410 post.

322 1428 410 1452 ante
439 1417 532 1452 Bad.
563 1418 778 1453 adhortetur
807 1417 964 1466 reliqui.
1214 1418 1400 1466 Pyrrhon.
1463 1419 1526 1453 Sic
1555 1417 1658 1454 Flor.

322 1473 442 1508 Goth.
473 1474 572 1510 Jens.
606 1477 693 1516 (tac.
726 1474 855 1518 Gesn.)
887 1487 916 1510 c.
950 1474 1052 1510 Voss.
1085 1483 1120 1510 2.
1153 1482 1192 1516 3.
1241 1483 1277 1507 et
1316 1474 1402 1509 edd.
1441 1474 1534 1523 post.
1575 1485 1662 1509 ante

321 1528 434 1564 Basil.
467 1530 705 1578 (quanquam
733 1529 912 1578 plerique
940 1540 1119 1577 corrupta
1149 1529 1303 1574 ferina).
1364 1530 1450 1566 Nos
1475 1532 1660 1567 Graecam

320 1585 489 1620 formam
518 1584 786 1633 praetulimus,
817 1586 864 1621 cf.
901 1600 936 1627 1,
971 1594 1007 1629 5,
1038 1585 1102 1620 60.
1144 1598 1205 1626 ιι,
1241 1594 1278 1628 3,
1316 1592 1407 1631 178.
1475 1588 1552 1622 Pro
1581 1586 1661 1622 hoc

322 1650 451 1676 tamen
481 1642 640 1676 nomine
672 1642 851 1676 Patronus
880 1641 1006 1678 Guelf.
1039 1654 1070 1676 c.
1104 1654 1223 1690 marg.
1246 1641 1359 1676 Bam.
1595 1643 1659 1678 ha-

321 1696 405 1732 bere
432 1705 568 1744 partes.
609 1697 672 1732 Sic
701 1698 833 1732 Turic.
863 1697 966 1733 Flor.
994 1696 1129 1733 Ambr.
1157 1708 1193 1733 2.
1223 1701 1282 1742 (et
1311 1697 1355 1732 hi
1386 1697 1544 1745 quidem
1577 1708 1655 1734 tres

319 1755 456 1801 partis)
487 1752 614 1787 Guelf.
641 1754 773 1801 Camp.
804 1754 935 1788 habere
967 1756 1004 1788 in
1032 1754 1099 1788 hoc
1128 1766 1238 1800 opere
1263 1763 1390 1800 partes
1416 1753 1536 1789 Goth.
1558 1754 1657 1792 Jens.

320 1811 411 1851 (tac.
443 1809 572 1856 Gesn.)
601 1819 633 1843 c.
672 1809 755 1843 edd.
788 1820 872 1844 ante
904 1809 1054 1858 Gryph.
1088 1811 1111 1844 ι’.
1142 1809 1176 1845 h.
1212 1821 1247 1844 o.
1278 1817 1403 1862 par-teg
1431 1809 1565 1845 habere
1594 1823 1656 1845 re·

319 1861 436 1912 liqui.
494 1880 613 1900 rerum
643 1877 714 1913 pro
745 1879 846 1900 reum
876 1866 1010 1902 Ambr.
1042 1875 1078 1900 2.

433 1928 497 1963 25.
528 1922 673 1969 quidem
703 1921 835 1956 Turio.
865 1921 969 1958 Flor.
999 1921 1096 1960 Jens.
1130 1925 1216 1966 (tac.
1253 1922 1383 1968 Geta.)
1422 1933 1455 1957 c.
1484 1919 1586 1959 Alm.
1618 1933 1657 1959 et

320 1975 405 2013 cdd.
436 1978 530 2025 post.
562 1988 646 2011 ante
676 1973 762 2011 Ald.
793 1978 842 2011 ad
868 1978 1047 2022 judicium
1081 1977 1161 2013 Ioco
1193 1979 1325 2013 Turio.
1358 1976 1463 2013 Flor.

491 2030 540 2081 est
578 2033 623 2069 ab
664 2035 718 2068 iis.
777 2035 839 2069 Sic
865 2033 999 2070 Ambr.
1032 2042 1068 2069 2.
1109 2034 1241 2083 Camp.
1271 2033 1389 2070 Goth.
1418 2035 1516 2072 Jens.
1550 2035 1650 2082 (tac.

374 2187 438 2222 25.
496 2175 953 2228 praestantiffimos—-vi-
1011 2179 1153 2228 cuique
1179 2187 1306 2213 autem
1328 2176 1369 2212 in
1392 2188 1561 2214 mentem
1583 2192 1649 2214 ve—

316 2249 389 2272 ros.
422 2235 644 2276 „Platonem
667 2236 794 2283 primo
816 2236 951 2283 ipsum,
1009 2235 1112 2276 niat,
1163 2246 1260 2283 quos
1291 2244 1329 2269 et
1360 2233 1543 2270 Gesnerus
1568 2230 1659 2270 me?
1689 2244 1694 2247 ·

314 2304 458 2341 „quem
480 2292 667 2328 audivisse
685 2292 805 2326 modo
827 2292 952 2327 dictus
1009 2301 1146 2332 morat,
1203 2287 1419 2324 Aristotelis
1450 2300 1487 2325 et
1519 2291 1647 2327 Theo-

314 2348 394 2390 „est
410 2347 709 2386 Demosthenes,
749 2358 831 2382 tum
863 2348 951 2384 Car·
1007 2347 1162 2396 plu-afli,
1181 2346 1278 2382 item
1290 2345 1531 2381 Theodectae
1550 2345 1647 2383 alio·

313 2404 525 2446 „neadem‚
564 2404 764 2451 ipsumque
796 2404 950 2439 Cicero·
1006 2416 1184 2451 rumque.
1234 2402 1308 2437 Sed
1328 2401 1643 2438 exercitationem

312 2466 471 2500 ‚‚nem.“
500 2460 697 2496 Gesncrus.
731 2460 788 2496 Cf.
815 2470 853 2496 et
887 2470 948 2499 12,
1007 2458 1170 2494 thesium
1217 2458 1465 2493 dicendarum
1506 2457 1641 2494 diserte

316 2530 349 2556 ι,
375 2524 439 2559 55.
1007 2515 1146 2550 tribuit
1164 2512 1361 2550 Aristoteli
1379 2513 1515 2549 Cicero
1537 2513 1644 2552 Orat.

356 2570 483 2619 studio
505 2593 561 2601 —
581 2574 759 2609 oratorio.
809 2571 834 2605 i.
877 2570 942 2606 ali·
1005 2583 1037 2605 c.
1064 2580 1124 2614 14.
1149 2582 1242 2607 extr.
1265 2569 1458 2605 indicante
1482 2569 1643 2605 Pseudo·

309 2630 404 2674 qnid
441 2629 625 2677 singulari
650 2630 716 2663 suo
753 2629 786 2662 se
829 2628 944 2672 hujus
1004 2627 1201 2663 annebo.
1231 2626 1322 2663 vide
1343 2635 1381 2662 et
1401 2633 1439 2669 5,
1478 2638 1512 2666 ι’.
1550 2630 1611 2668 14.

306 2685 397 2719 artis
429 2697 558 2722 amore
589 2683 817 2734 praestitisse.
850 2684 944 2719 Uni-
