1779 3062
462 105 629 158 PNST.
666 105 946 159 ORATOR.
982 111 1107 158 Lm.
1137 113 1250 170 ΧΗ,
1287 126 1365 160 ιο.
1459 113 1580 175 -639

221 236 268 288 si
307 238 554 289 tenuiora
591 239 722 288 haec
764 257 821 289 ac
855 239 1098 307 preffiora
1132 242 1317 290 Graeci
1357 241 1582 302 melius,

219 317 281 365 in
312 332 487 382 eoque
524 318 799 366 vincimur
829 317 971 378 solo,
1025 329 1078 368 et
1109 319 1235 368 ideo
1274 319 1335 368 in
1364 337 1582 370 comoe-

204 392 328 443 vdjis
359 412 473 444 non
505 395 911 456 contendimus,
951 396 1168 465 prorsus
1203 407 1384 446 tamen
1418 400 1579 448 omit-

220 471 384 522 tenda
417 490 538 539 pars
574 472 703 522 haec
739 476 1029 534 01·ationis;
1088 473 1180 524 sed.
1218 475 1478 541 exigenda
1514 487 1580 526 ut

221 553 426 616 optime
455 549 756 617 poffumus:
800 551 1077 616 poffumus
1111 564 1293 602 autem
1319 568 1503 603 rerum
1525 564 1579 603 et

218 627 387 678 modo
421 640 475 679 et
507 628 714 691 judicio
751 626 849 677 effe
886 628 1108 680 ssmiles:
1150 631 1446 681 verborum
1463 649 1580 698 gra·-

214 707 312 768 tia‚
353 723 516 772 quam
555 708 614 756 in
648 705 775 774 ipfis
800 724 914 757 non
943 707 1219 768 habemus,
1260 708 1582 759 extrinsecus

327 940 396 978 58.
450 932 494 982 se
527 935 700 969 tenuiora
732 932 860 969 Guelf.
923 946 965 969 eo
995 946 1068 983 quo
1100 933 1218 969 Goth.
1251 934 1341 980 (tac.
1375 936 1510 982 Gesn.)

386 1003 460 1025 non
500 991 710 1027 omittenda
741 1004 789 1026 ex
819 991 923 1026 Alm.
956 1001 993 1026 et
1023 991 1076 1026 ita
1118 991 1395 1036 (emendante,
1434 1005 1478 1029 ut
1507 993 1581 1030 fibi

212 1046 386 1088 videtur,
420 1047 594 1090 Merula)
615 1049 749 1085 Locat.
777 1050 876 1087 Ven.
900 1047 1014 1084 Baffl.
1037 1047 1189 1096 Gryph.
1222 1058 1258 1083 et
1283 1047 1330 1084 al.
1363 1062 1422 1098 ap.
1437 1052 1577 1087 Burm.

213 1104 289 1141 Sed
319 1103 424 1140 illud
455 1106 748 1146 attendendum,
781 1107 891 1154 quod
928 1105 1168 1141 Pithoeanus
1199 1103 1268 1140 ille
1294 1106 1395 1141 Dan.
1430 1109 1497 1152 (v.
1531 1108 1580 1143 ad

213 1162 254 1202 6,
285 1170 321 1203 2,
359 1165 444 1206 ιι.)
476 1161 543 1196 hic
570 1163 701 1199 suadet
728 1164 834 1198 nobis
863 1176 936 1212 pro
969 1176 1044 1198 non
1075 1162 1142 1209 (cf.
1180 1163 1329 1209 §.3120⁹
1371 1163 1526 1201 fortaffe
1557 1179 1579 1201 e

211 1220 280 1255 ms.
313 1218 360 1253 cf.
392 1230 475 1255 not.
510 1220 598 1254 crit.
629 1220 678 1256 ad
713 1233 775 1259 ιο,
812 1235 846 1261 ι,
886 1229 977 1262 124.
1263 1221 1379 1273 1Μοιιῑ
1408 1220 1578 1258 alterum

209 1275 398 1326 postumus
433 1289 509 1312 om.
542 1277 673 1314 Turio.
708 1291 739 1313 c.
772 1277 899 1314 Alm.:
932 1277 995 1311 sed
1025 1273 1204 1325 poffimus
1233 1276 1392 1312 affertur
1422 1291 1494 1327 pro
1523 1279 1578 1315 al·

210 1345 298 1370 tero
330 1333 480 1384 (priori
511 1334 674 1383 opinor)
707 1349 726 1369 e
757 1334 876 1374 Flor„
907 1347 981 1383 pro
1013 1333 1205 1369 ambobus
1237 1348 1255 1368 e
1276 1335 1382 1370 Voss.
1407 1345 1443 1371 2.
1484 1349 1579 1386 opus

202 1389 332 1441 sumus
365 1403 486 1427 autem
517 1390 647 1428 Guelf.
680 1405 712 1428 e.
743 1393 849 1430 Voss.
883 1401 921 1436 5.
1157 1404 1276 1426 rerum
1314 1392 1424 1428 modo
1464 1403 1500 1429 et
1537 1396 1578 1429 ἱη

209 1449 290 1494 jud.
325 1450 425 1487 Jens.
460 1459 498 1484 et
527 1449 622 1496 post.
662 1460 749 1486 ante
788 1449 881 1486 Bad.
932 1463 960 1484 ⁷.
992 1447 1104 1481 morlo
1136 1457 1172 1482 et
1198 1451 1225 1493 1'.
1260 1448 1357 1485 Obr.

212 1519 292 1541 om.
329 1507 464 1541 Turio.
496 1505 603 1542 Flor.
635 1519 667 1541 c.
699 1506 803 1542 Alm.
866 1521 939 1558 qua
965 1509 1004 1541 in
1035 1505 1156 1541 Goth.
1185 1509 1276 1550 (tac.
1309 1506 1440 1552 Gesn.)

1449 1454 1578 1499 gratia

923 1712 1048 1760 ipsum
1081 1712 1377 1749 condimentum
1417 1715 1485 1752 hic
1515 1718 1577 1752 vi·

924 1769 1062 1803 deatur
1081 1769 1161 1804 dici
1173 1770 1449 1806 condiendum.
1474 1775 1578 1820 Qua-

922 1838 964 1860 re
998 1825 1106 1860 varie
1147 1836 1315 1862 tentatus
1351 1828 1401 1863 est
1437 1828 1574 1867 locus:

269 1722 336 1760 38.
364 1715 518 1764 prorsus·
545 1725 683 1750 tamen.
743 1714 864 1750 Parti-

210 1773 298 1809 cula
319 1782 444 1807 tamen
466 1773 510 1806 ad
531 1772 780 1819 negationem
803 1786 864 1807 re·

209 1829 380 1865 ferenda.
414 1829 558 1869 ,‚Nam‚
578 1829 607 1863 si
627 1829 766 1864 Graeci
782 1842 862 1864 me-

207 1886 301 1928 lius,
331 1899 412 1921 non
447 1897 577 1921 tamen
608 1886 766 1934 prorsus
792 1898 863 1922 uo-

208 1944 273 1982 bis
294 1943 578 1980 omitte11d<.›-
592 1950 629 1977 ,⁶⁵

920 1882 985 1917 sed
1004 1880 1158 1916 frustra:
1192 1896 1280 1917 nam
1299 1885 1504 1921 certiffima
1526 1888 1578 1923 est

919 1937 1002 1974 loci
1019 1937 1244 1987 explicatio,
1266 1940 1309 1975 in
1332 1955 1450 1990 quam
1473 1944 1577 1994 digi-

865 2015 873 2021 κ
922 2006 1007 2032 tum
1029 1995 1134 2030 mihi
1153 1996 1324 2034 intendit
1351 1999 1579 2039 Boeekhius

264 2058 461 2101 perborum
481 2059 607 2106 gratia
621 2076 675 2084 »-
688 2057 863 2093 condien-

206 2116 260 2152 da
310 2112 374 2164 eft.
434 2116 570 2151 Sensus
625 2113 861 2153 manifestus.

208 2173 356 2214 Gratia,
388 2185 487 2221 quae
510 2171 644 2208 verbis
667 2172 759 2221 ipsis
779 2184 861 2208 non

207 2231 328 2271 inest,
361 2230 620 2270 extrinsecus,
654 2230 682 2265 i.
710 2229 863 2265 actione

177 2287 468 2337 ,potiffimum,
500 2285 583 2322 illis
616 2285 863 2323 concilianda

208 2344 289 2379 [ive
321 2343 600 2392 compensanda
633 2344 695 2380 est.
772 2344 863 2379 Hoc

208 2413 326 2450 quam
367 2412 453 2449 apte
495 2401 737 2449 exprimatur
774 2413 860 2435 con-

208 2456 484 2499 diendiverb0‚
515 2458 648 2507 sponte
668 2469 796 2508 patet;
822 2469 861 2493 et

205 2514 335 2564 ipsum
362 2515 440 2562 jam
473 2515 549 2562 Qu.
576 2516 687 2565 supra
722 2529 785 2557 ιι,
820 2523 859 2558 5,

211 2578 304 2616 ¹82·
321 2571 369 2607 de
389 2571 541 2608 actione
562 2572 682 2609 verba
696 2573 859 2620 juvante

205 2629 317 2664 usum
339 2641 384 2664 eo
397 2628 588 2666 vidimus.
645 2631 859 2666 Haeserunt

204 2696 334 2723 tamen
355 2698 490 2723 omues
512 2686 578 2722 hic
598 2687 642 2724 in
662 2700 722 2731 eo,
748 2686 856 2737 quod

919 2053 1235 2101 meus,g1atiam
1268 2053 1334 2089 hic
1352 2056 1425 2092 fibi
1444 2058 1577 2096 videri

922 2110 1054 2146 dicens
1075 2109 1147 2145 effe
1167 2110 1270 2146 illud
1293 2114 1394 2160 quod
1413 2114 1576 2162 efficitur

921 2168 1145 2203 condiendo.
1221 2169 1442 2207 Verissime.
1511 2173 1576 2208 Est

922 2224 1029 2260 enim
1060 2224 1184 2272 gratia
1207 2239 1334 2274 neque
1355 2228 1480 2271 cibus,
1508 2244 1575 2266 ne-

906 2295 998 2331 ·que
1022 2281 1331 2324 condimentum,
1364 2285 1424 2320 sed
1446 2287 1572 2336 sapor.

918 2340 1007 2379 Jam
1027 2339 1127 2374 cibos
1149 2339 1310 2387 quidem
1335 2344 1486 2379 condire
1513 2345 1572 2380 di·

920 2397 1025 2432 citur
1046 2406 1219 2445 coquus:
1280 2398 1345 2434 sed
1377 2401 1464 2448 quis
1490 2414 1573 2438 non

918 2453 1018 2489 ferat
1045 2453 1210 2489 eundem
1237 2455 1353 2491 etiam
1376 2457 1572 2495 dicentem

906 2523 1021 2559 „ego
1063 2510 1140 2547 tibi
1177 2510 1298 2548 hodie
1333 2514 1454 2561 hujus
1491 2515 1572 2552 cibi

914 2568 1127 2609 „condiam
1141 2568 1314 2616 saporem
1332 2584 1487 2609 novum
1507 2573 1570 2622 ju-

905 2625 1282 2667 -„cundiffimum“?
