1779 3062
159 165 260 223 436
479 163 556 210 M.
592 165 726 211 ΕΑΒ.
764 161 1180 227 QUINTILIANI.

163 292 221 340 in
258 289 568 355 graviffimas
593 290 902 357 frequenter
923 293 1120 357 legum,
1154 289 1357 358 semper
1378 307 1510 345 vero,

166 368 333 416 malae
360 366 732 427 conscientiae,
773 387 967 435 poenas
1006 387 1032 417 a
1063 368 1224 417 semet
1254 369 1377 434 ipsis
1409 371 1511 418 im-

122 470 146 504 4
169 442 385 510 proviso
408 462 588 494 rerum
613 449 761 496 exitu
780 447 1086 496 induantur.
1168 446 1327 514 Quod
1354 445 1395 494 si
1417 463 1512 494 110-

169 523 373 571 minem
394 522 584 571 malum
608 522 721 582 effe,
760 520 1089 595 nisifizdtzmz
1118 525 1368 580 eundem,
1400 539 1514 572 11011

171 598 338 648 modo
362 597 686 664 sapientibus
718 601 938 658 dicitur,
970 600 1060 647 sed.
1093 600 1259 664 vulgo
1297 615 1518 664 quoque

171 674 379 742 semper
404 675 476 723 est
497 678 785 727 creditum:
826 689 962 725 certe
997 694 1109 725 11011
1141 674 1239 724 fiet
1273 692 1517 739 unquam

172 752 362 802 stultus
385 764 574 802 orator.
652 754 802 804 Adde
825 753 974 819 quod.
1005 770 1072 801 ne
1096 751 1268 802 studio
1295 752 1518 817 quidem

175 832 350 895 operis
370 831 719 897 pulcherrimi
742 849 923 880 vacare
944 847 1108 887 mens,
1130 828 1240 877 rnili
1263 829 1519 878 omnibus

174 908 322 956 vitiis
345 908 536 964 libera,
575 908 767 974 potest:
810 910 1048 974 primum
1076 907 1225 970 quod
1242 908 1302 954 in
1328 906 1519 955 eodem

175 994 388 1050 pectore
430 985 643 1035 nullum
679 985 751 1034 est
785 983 1132 1035 honestorum
1170 985 1523 1050 turpiumque

177 1060 530 1119 consortium,
572 1074 622 1111 et
662 1064 888 1128 cogitare
923 1062 1121 1126 optima
1150 1058 1309 1108 simul
1338 1077 1396 1107 ac
1432 1058 1526 1107 de-

175 1141 390 1185 terrima
407 1155 518 1186 11011
540 1143 704 1203 magis
728 1139 799 1187 est
827 1140 988 1187 unius
1003 1137 1182 1194 animi,
1202 1153 1363 1200 quam
1386 1141 1526 1198 ejus-

134 1237 156 1270 5
181 1214 302 1263 dem
327 1215 562 1263 hominis
584 1217 790 1264 bonum
822 1212 918 1262 effe
941 1223 995 1260 ac
1020 1214 1244 1261 malum:
1287 1223 1403 1261 tum
1431 1214 1525 1262 illa

180 1306 398 1356 quoque
421 1307 483 1337 ex
507 1290 681 1348 causa,
721 1292 868 1356 quod
894 1301 1123 1338 mentem
1151 1300 1320 1345 tantae
1341 1291 1420 1337 rei
1441 1291 1527 1338 in-

179 1378 393 1424 tentam,
432 1384 614 1417 vacare
639 1369 892 1418 Omnibus
914 1367 1043 1424 aliis,
1083 1368 1243 1415 etiam
1266 1367 1419 1431 culpa
1445 1383 1527 1414 ca·-

179 1445 437 1502 renfibus,
481 1447 621 1495 curis
649 1455 870 1513 oportet.
952 1447 1027 1491 Ita
1053 1443 1269 1493 demum
1294 1445 1436 1491 enim
1460 1444 1527 1491 li-

179 1521 332 1580 bera,
383 1538 440 1569 ac
475 1533 608 1581 tota,
657 1523 809 1572 nulla
844 1520 1188 1587 distringente
1225 1531 1384 1589 atque
1421 1521 1527 1570 alio

183 1699 254 1748 qui
285 1700 373 1734 011111
401 1699 565 1746 reliquis
597 1702 730 1736 malint
763 1715 810 1737 ex
844 1701 962 1749 ipsius
995 1701 1236 1746 conjectura:
1272 1698 1318 1735 cf.
1347 1713 1380 1738 1,
1402 1706 1440 1742 5,
1464 1699 1530 1747 δεῖ.

182 1757 421 1804 prudentiam
452 1759 553 1799 cnjus
584 1761 620 1792 in
649 1759 781 1793 Turic.
814 1758 915 1792 Flor.
953 1758 1085 1804 Camp.
1117 1771 1154 1804 p.
1189 1759 1232 1791 iis
1265 1758 1403 1790 cumin
1424 1757 1530 1794 Voss‘,

189 1825 223 1846 1.
269 1828 304 1860 p.
349 1827 427 1847 cum
465 1815 561 1851 Jens.
606 1827 693 1848 cnm
735 1814 820 1850 edd.
860 1825 945 1849 ante
988 1812 1073 1848 Ald.
1115 1814 1300 1848 Nostrum
1331 1813 1464 1848 Ambr.
1497 1825 1534 1850 2.

185 1868 313 1904 Guelf.
347 1882 434 1904 cum
467 1869 586 1906 Goth.
621 1870 721 1905 Voff.
753 1883 786 1906 2.
831 1871 926 1907 Obr.
965 1884 1002 1917 p.
1039 1872 1101 1917 qui
1133 1872 1169 1904 in
1203 1870 1288 1905 Ald.
1326 1883 1414 1905 cum
1447 1869 1535 1906 edd.

185 1935 272 1959 ante
302 1928 422 1960 Stoer.
455 1941 492 1973 p.
526 1930 569 1962 iis
599 1929 660 1975 qui
687 1929 723 1961 in
750 1927 906 1975 reliqui.
932 1926 1149 1961 inducantur
1178 1926 1330 1976 Gryph.
1354 1939 1442 1961 cum
1463 1938 1536 1975 po·

186 1980 288 2016 sterr.
320 1993 406 2017 ante
440 1983 535 2019 Obr.
570 1984 738 2032 pellimc.

276 2046 310 2082 4.
347 2037 590 2086 sapientibus.
623 2041 684 2074 Sic
712 2041 845 2075 Turio.
877 2039 982 2074 flor.
1016 2053 1103 2074 011111
1136 2038 1235 2074 Α1111.
1267 2054 1289 2073 a
1310 2038 1344 2087 s.
1375 2039 1534 2087 reliqui.

188 2095 297 2129 Adde
338 2108 414 2130 om.
459 2097 591 2131 Turic.
630 2097 732 2131 Γὼγ.
766 2111 855 2132 cum
887 2095 988 2131 Alm.
1033 2096 1078 2129 cf.
1118 2107 1180 2134 10,
1220 2108 1250 2135 1,
1286 2105 1351 2138 55.
1403 2092 1534 2142 studia

190 2152 323 2187 Turic.
364 2154 467 2188 Flor.
507 2153 774 2201 pulcherrimae
814 2153 914 2188 Flor.
963 2152 1061 2200 qnod
1096 2150 1132 2197 si
1173 2153 1209 2184 in
1250 2151 1383 2186 Turic.
1426 2151 1530 2187 Flor-

190 2208 325 2257 Camp.
356 2223 445 2245 cum
477 2211 578 2245 Alm.
616 2209 749 2244 bonum
781 2207 826 2256 esa
860 2224 902 2243 ac
930 2208 1062 2243 Tui-ic.
1086 2206 1190 2242 Flor.
1227 2205 1296 2256 effe
1327 2208 1463 2243 bonum
1490 2220 1534 2244 ac

190 2264 324 2313 Camp.

278 2329 314 2365 5.
363 2322 530 2358 omnibus
558 2324 669 2357 etiam
700 2323 807 2370 culpa
837 2322 922 2357 aliis
950 2321 1157 2357 carentibus
1187 2321 1303 2357 aliam
1334 2323 1448 2357 etiam
1479 2335 1537 2357 cu-

252 2486 287 2523 4.
311 2479 543 2529 sapientibus
564 2480 707 2515 dicitur.
747 2478 836 2516 Vel-
896 2479 1099 2527 cnpientis.
1161 2480 1262 2515 Nam
1284 2481 1389 2528 quod
1417 2468 1539 2516 1110ἆο

194 2547 237 2572 ut
259 2538 333 2571 toti
362 2537 576 2572 Socraticae
599 2537 747 2572 domui.
897 2536 944 2570 est
975 2536 1060 2570 aliis
1086 2555 1140 2561 --
1166 2539 1269 2577 curis,
1295 2537 1539 2583 Quintiliano

254 2601 288 2635 5.
327 2593 504 2626 nulla—
527 2593 677 2627 ducente
721 2591 837 2641 causa.
898 2592 1212 2628 condonandum.
1279 2593 1362 2628 Nec
1402 2591 1541 2642 procul

197 2649 290 2684 Non
326 2649 501 2697 profecto
535 2649 717 2697 displicet
749 2647 840 2684 Rol-
899 2647 1019 2698 causa.

198 2703 272 2740 11111
310 2707 552 2753 conjectura,
584 2720 669 2742 cura
702 2704 843 2755 reponi.
