1779 3062
367 151 532 195 INST.
580 149 861 194 ORATOR.
908 150 1032 196 LIB.
1080 151 1152 206 X,
1203 163 1246 196 1.
1422 159 1484 208 57
1523 173 1532 184 -

118 295 280 345 puus.
374 281 535 326 Hunc
584 285 635 323 et
680 275 972 326 admiratus
1002 279 1232 327 maxime
1263 275 1362 336 est,
1424 287 1486 327 ut
1509 285 1562 335 69

119 355 269 420 saepe
296 353 534 411 testatur,
575 363 626 400 et
648 351 872 411 secutus,
914 372 1220 419 quanquam
1242 358 1301 403 in
1326 371 1487 422 opere

123 429 350 494 diverso,
375 430 694 480 Menander:
718 431 813 495 qui
834 431 921 478 vel
948 449 1106 489 unus,
1129 450 1251 482 meo
1265 431 1487 498 quidem

120 509 354 573 judicio,
407 508 700 573 diligenter
730 507 927 564 lectus,
981 507 1047 556 ad.
1082 521 1301 574 cuncta,
1350 526 1486 575 quae

120 588 505 653 praecipimus,
557 582 827 632 efficienda
863 582 1108 634 sufficiat:
1160 589 1231 634 ita
1267 603 1487 635 omnem

122 665 261 713 vitae
304 663 590 727 imaginem
634 659 892 726 expreffit3
965 672 1108 711 tanta
1153 664 1212 711 in
1241 681 1303 713 eo
1335 667 1488 713 inve-

121 740 310 790 niendi
361 741 537 805 copia,
596 749 647 787 et
685 739 977 803 eloquendi
1009 738 1257 799 faculta53
1306 742 1376 789 ita
1414 741 1522 807 est*

124 817 374 867 omnibus
408 817 591 874 rebus,
652 814 919 881 personis,
973 814 1246 867 affectibus
1284 836 1488 869 accom-

120 893 381 946 modatus.
460 895 577 942 Nec
611 893 750 941 nihil
781 892 1021 958 prtffecto
1056 894 1339 955 viderunt,
1392 897 1488 960 qui
1512 916 1564 951 70

121 973 414 1030 orationes,
454 987 590 1036 quae
632 967 855 1043 Charisii
896 973 1118 1021 nomine
1153 972 1421 1033 eduntur,
1460 992 1489 1022 a

211 1082 274 1130 69.
305 1085 524 1131 praecipuus
542 1103 598 1110 —
620 1085 791 1118 maxime.
852 1084 984 1119 Turic.
1006 1085 1200 1132 praecipus
1220 1093 1259 1120 et
1281 1085 1489 1120 admiratus

123 1143 278 1176 miratus
303 1155 348 1175 m.
382 1155 400 1175 a
422 1141 490 1175 sec.
513 1154 564 1175 m.
597 1142 815 1187 praecipuus
837 1150 873 1176 el:
897 1141 1140 1176 admirandus
1165 1156 1211 1177 m.
1243 1153 1281 1177 et
1306 1143 1353 1177 fic
1371 1141 1488 1177 Bodl.

124 1210 214 1232 cum
247 1197 344 1235 Jens.
383 1208 419 1232 et
452 1197 539 1234 edd.
575 1196 735 1245 posterr.
767 1209 852 1232 ante
881 1197 991 1234 Bam.
1051 1198 1125 1233 Sed
1153 1197 1258 1234 Flor.
1289 1213 1325 1245 p.
1357 1209 1393 1234 et
1422 1200 1490 1234 ad-

123 1254 312 1289 mirandus
339 1252 530 1302 nzzseratus
561 1268 608 1288 m.
657 1267 677 1287 a
711 1254 779 1288 sec.
809 1267 860 1288 in.
908 1268 946 1302 p.
982 1268 1012 1289 e.
1044 1255 1251 1289 admiratus
1282 1270 1329 1292 m.
1374 1267 1410 1292 et
1440 1258 1490 1291 fic

125 1311 258 1358 Camp.
318 1311 540 1347 Nobiscum
575 1310 725 1344 faciunt
748 1309 877 1345 Guelf.
912 1322 949 1345 et
978 1310 1098 1345 Goth.
1130 1311 1200 1345 nisi
1233 1313 1339 1358 quod
1372 1313 1490 1348 omit-

124 1377 215 1401 tunt
237 1377 286 1403 ec.
513 1363 678 1414 testatur.
738 1366 870 1401 Turic.
904 1366 1008 1403 Flor.
1042 1366 1137 1411 (hic
1169 1381 1188 1400 a
1214 1381 1271 1415 pr.
1295 1375 1375 1414 m.)
1407 1383 1489 1418 pre-

114 1419 254 1471 statur.
483 1433 519 1458 et
543 1421 699 1471 secutus.
759 1422 892 1460 Turic.
927 1424 1031 1459 Flor-
1067 1426 1116 1466 (ει
1147 1424 1215 1459 sec.
1249 1437 1300 1461 m.
1334 1427 1489 1475 uterq.)

125 1480 259 1527 Camp.
288 1480 461 1515 inserunt
484 1493 565 1513 eum
586 1492 673 1513 cum
700 1479 818 1514 Goth.
842 1481 945 1516 Voff.
970 1491 1005 1516 2.
1037 1490 1073 1514 et
1097 1480 1180 1514 edd.
1203 1492 1289 1515 ante
1308 1483 1416 1518 Bafil.

213 1534 423 1585 efficienda.
496 1537 604 1582 Quos
643 1535 766 1570 Codd.
806 1536 999 1572 Gibsonus
1042 1533 1261 1584 effingenda
1295 1539 1384 1575 dare
1424 1540 1492 1580 ait,

123 1605 251 1640 neque
292 1593 370 1640 ipse
412 1592 632 1633 indicavit,
674 1605 799 1639 neque
837 1593 924 1628 vidi
954 1591 1081 1633 ullos,
1134 1594 1244 1628 MSS.
1282 1595 1490 1643 dnntaxat;

123 1662 212 1685 :nam
231 1647 316 1684 edd.
338 1648 422 1684 sane
447 1649 538 1684 dant
560 1662 579 1683 a
598 1647 706 1684 Bafil.
731 1660 815 1685 ante
839 1649 942 1686 Gibs.
967 1649 1013 1685 cf.
1037 1656 1081 1693 5,
1109 1658 1171 1691 12,
1196 1661 1263 1686 21.
1303 1653 1491 1689 Placuisse

123 1706 202 1742 hoc
224 1706 396 1742 Gibsono
424 1719 495 1741 nec
521 1705 648 1741 miror
679 1718 749 1740 nec
772 1706 913 1755 probo,

213 1774 278 1806 70.
310 1763 486 1803 eduntur,
522 1778 557 1798 a.
620 1764 755 1802 Turic.
779 1763 883 1800 Flor.
917 1762 1014 1812 (hic
1035 1777 1053 1798 a
1076 1777 1136 1814 pr.
1160 1766 1241 1810 m.)
1272 1768 1492 1805 adductura.

124 1821 187 1856 Ex
210 1819 312 1855 Alm.
334 1820 577 1855 adducuntur.

125 1911 246 1957 hujus
273 1910 413 1958 tragici
434 1911 617 1959 sapientia
639 1923 676 1948 et
698 1911 777 1948 elo·
836 1909 987 1948 θείωσιν
1019 1909 1051 1948 οἵ
1080 1909 1293 1957 τεθνηκότες
1315 1911 1490 1959 Αἷσθησιυ

128 1968 287 2016 quentia
318 1967 360 2001 in
390 1966 536 2015 vulgus
571 1980 687 2009 nota;
744 1981 781 2005 et
838 1966 939 2017 εἶχον
974 1968 1112 2018 ἄνδρες,
1169 1967 1209 2012 ὣς
1243 1968 1353 2013 φασίν
1387 1987 1491 2014 τινες,

127 2024 281 2072 copiose
320 2022 532 2059 illustravit
564 2025 780 2063 Valckena-
837 2023 1082 2074 Ἀπηγξάμην
1116 2023 1179 2067 ἒν,
1209 2024 1288 2062 ὥστ’
1315 2026 1400 2063 ἰδεῖν
1420 2028 1493 2063 Εὐ-

125 2081 208 2116 rius
231 2081 272 2116 in
290 2080 485 2116 Dian-ibe.
840 2082 989 2131 ριπίδην.
1023 2084 1188 2129 (Cierio.
1218 2099 1257 2134 p.
1293 2086 1387 2129 564.
1428 2087 1491 2124 Ja-

186 2137 250 2185 69.
298 2139 405 2172 Hunc
448 2157 503 2165 —
548 2139 778 2175 Il‘Ienander.
841 2140 942 2176 cobs.
979 2141 1025 2175 ad
1063 2141 1229 2177 Anthol·
1265 2152 1318 2178 to.
1352 2143 1414 2183 II,
1457 2155 1493 2180 1.

126 2194 368 2230 Imitationis
387 2194 550 2244 vestigia
573 2206 610 2230 et
630 2196 701 2245 ipsi
719 2197 781 2231 de·
837 2210 875 2246 p.
912 2204 1002 2241 187.
1019 2200 1036 2242 )

125 2250 431 2302 prehendimus,
484 2253 530 2288 de
571 2266 645 2300 qua
674 2253 780 2301 saepe
895 2255 997 2289 vitae
1053 2257 1255 2304 imaginem
1311 2253 1492 2306 exprfft.

127 2306 578 2351 monetValekenm-ius;
599 2309 646 2344 cf.
668 2310 779 2346 fabr.
838 2310 1046 2348 Notiffima
1096 2325 1177 2347 vox
1221 2312 1493 2360 Aristophanis

127 2364 231 2401 Bibl.
263 2366 329 2400 Gr.
366 2365 475 2415 Harl.
507 2367 559 2400 II.
613 2380 652 2415 p.
687 2366 780 2410 456.
839 2362 1009 2414 Effe-'st
1031 2366 1220 2417 Μένανδρε
1242 2368 1299 2402 καὶ
1322 2367 1399 2411 βίε,
1428 2366 1492 2404 πό-

129 2421 210 2457 Ubi
261 2420 561 2457 admirationem
611 2423 780 2464 testetur,
839 2437 938 2471 τερος
969 2422 1023 2474 ἄρ’
1054 2425 1153 2469 ὑμῶν
1187 2421 1335 2474 πότερον
1363 2423 1492 2471 ἐμιμή-

128 2477 342 2525 fragmenta
382 2478 498 2514 nobis
535 2479 669 2515 relicta
704 2492 784 2514 non
843 2493 957 2521 σατο;
1001 2493 1038 2517 et
1069 2481 1229 2516 Manilii
1258 2483 1333 2526 (5,
1366 2485 1492 2529 470.)

133 2534 347 2569 ostendunt.
419 2534 492 2569 Sed
539 2535 784 2572 Philemonis
840 2538 1086 2577 „Menander
1116 2539 1195 2585 Qui
1222 2539 1345 2574 vitam
1371 2539 1492 2575 osten-

134 2590 184 2626 est
205 2591 246 2626 in
268 2603 350 2625 eam
373 2590 598 2627 sententiam
619 2592 721 2627 illud
743 2593 785 2628 in
841 2593 927 2634 „dit
951 2594 1066 2630 vitae.
1081 2600 1104 2615 “

131 2646 375 2695 Anthologia
445 2649 785 2698 Epigrammatum
902 2661 968 2694 70.
1002 2650 1158 2702 Charisii
1176 2654 1337 2693 nornine.
1378 2653 1497 2702 Fragf

132 2704 247 2741 nobis
279 2705 492 2741 servatum:
520 2702 568 2741 Ei
597 2707 675 2749 ταῖς
696 2703 786 2753 οἷλη-
841 2717 973 2743 menta
1013 2708 1094 2756 ejus
1139 2708 1292 2760 aliquot
1327 2709 1497 2748 servavit
