1779 3062
406 131 571 177 INST.
612 131 893 177 ORATOR.
932 133 1055 180 ΜΒ.
1091 131 1162 188 x,
1202 129 1247 174 6.
1411 135 1508 185 189

147 280 272 314 rum
329 260 714 310 Metrodorum
770 258 1040 325 Scepsium
1103 270 1154 308 et
1213 256 1511 323 Empylum

147 338 444 398 Rhodium,
469 337 885 402 nostrorumque
908 336 1255 386 Hortensium
1275 333 1511 392 tradidit,

237 471 434 522 Scepsium.
467 473 602 509 Turic.
632 471 738 508 Flor.
770 470 854 516 (hie
877 484 895 505 a
919 470 987 506 sec.
1011 484 1064 505 m.
1096 467 1293 517 nostrum)
1322 467 1511 517 Scersium.

151 532 286 580 Camp.
329 531 528 579 Scepcium.
569 529 674 567 Voff.
701 542 734 564 1.
776 527 1004 577 Escepsium.
1046 528 1212 570 Vosr.5.
1255 528 1370 561 Bern.
1400 524 1512 574 Esce—

151 591 285 638 ptium.
336 589 434 626 Jens.
486 585 690 636 Ephesium
739 598 829 620 cum
872 584 958 621 edd.
989 584 1148 634 posterr.
1178 594 1263 618 ante
1296 582 1384 617 Ald.
1435 582 1514 616 Hic

154 647 334 695 Septium.
372 643 474 681 Vall.
515 645 699 693 Sceptium
739 655 827 678 cum
864 641 951 677 edd.
986 640 1072 676 rell.
1112 651 1197 676 ante
1235 640 1394 687 Capper.
1431 650 1514 673 exc.

152 702 266 738 Basil.
295 700 439 737 Nostro
462 701 639 736 addicere
661 700 844 735 videntur
865 696 996 735 Guelf‚
1023 698 1142 734 Goth.
1165 696 1270 731 Infra
1296 709 1312 730 1
1328 710 1363 735 1,
1383 705 1421 735 2,
1446 694 1512 729 26.

155 759 290 795 Turio.
324 757 452 795 Guelf.
486 756 604 794 Goth.
645 760 734 801 (tac.
772 757 901 801 Geso.)
934 756 1067 804 Camp.
1100 755 1267 802 Sceptius
1308 764 1396 787 cum
1427 749 1518 785 Ald.

156 816 231 851 Sed
250 814 348 854 Jens.
383 816 471 859 (tac.
496 813 626 859 Gesn.)
657 814 774 849 Tarv.
799 814 971 863 Septius:
1004 812 1063 848 ibi
1097 811 1263 847 nostram
1294 807 1420 843 asserit
1444 809 1519 841 Re-

155 873 256 921 gius,
279 882 317 907 et
339 870 388 905 est
406 871 483 917 jam
505 872 548 907 in
567 871 701 906 Locat.
927 869 1151 919 Empylum.
1178 868 1241 902 Sic
1265 864 1399 901 Turio.
1413 862 1521 897 Flor-

158 930 249 973 (nisi
278 927 384 975 quod
415 926 636 964 minuscula
670 928 723 973 E)
758 938 847 961 cum
879 926 982 963 Vass.
1014 928 1129 961 Bern.
1170 923 1357 971 empilium
1389 918 1524 955 Guelf-

157 985 352 1035 Empilum
381 985 486 1023 Voss.
512 1000 546 1021 1.
578 984 789 1032 Empillum
823 984 977 1028 Vomg.
1009 982 1246 1032 Emphylum
1277 977 1397 1015 Goth.
1431 988 1524 1011 cum

157 1055 278 1090 marg.
318 1041 410 1076 Bad.
441 1041 658 1090 Emphilum
688 1040 794 1078 Vols.
821 1048 858 1075 2.
889 1053 978 1075 cum
1007 1052 1128 1088 marg.
1160 1036 1258 1075 Vall.
1302 1034 1520 1082 Euripilum

160 1101 293 1148 Camp.
329 1098 565 1147 Emphillum
592 1099 691 1136 Jens.
724 1098 844 1135 Tarv.
877 1097 1094 1145 Eriphilum
1142 1097 1237 1132 Loc.
1275 1094 1371 1130 Ven.
1405 1090 1520 1125 Ruso.

160 1156 322 1205 Reliqui
342 1155 584 1205 Eriphylam.
648 1156 766 1190 Hunc
793 1167 873 1189 non
897 1155 997 1203 apud
1025 1155 1257 1190 Ciceronem
1280 1148 1417 1187 solum,
1449 1146 1521 1194 qui

162 1215 244 1261 ejus
273 1225 426 1248 memor
456 1213 604 1248 dicitur
632 1226 649 1247 a
683 1211 814 1246 nostro
847 1212 889 1245 in
912 1211 1105 1261 vulgatis,
1155 1209 1217 1244 sed
1251 1206 1355 1256 apud
1385 1215 1522 1240 omnes

164 1270 328 1306 omnino
355 1269 558 1317 scriptores
581 1269 717 1304 frustra
740 1269 875 1316 quaeri
896 1268 1078 1303 testantur
1099 1266 1292 1305 VV.DD.
1314 1261 1422 1311 quod
1440 1273 1523 1295 ΒΘΗ

165 1327 331 1363 debebat
376 1326 636 1374 praetermitti
676 1325 721 1360 ab
773 1324 922 1360 editore
964 1323 1233 1360 Bibliothecae
1275 1317 1525 1355 Fabricianae

163 1383 256 1423 Vol.
280 1383 316 1419 6.
351 1396 388 1431 p.
420 1392 508 1430 129.
566 1384 738 1431 ¹Apparet
758 1391 887 1416 autem
914 1380 1066 1430 aliquid
1096 1381 1226 1415 ausum
1250 1379 1383 1424 Camp.
1404 1373 1529 1409 refin-

165 1441 294 1490 gendo
318 1439 478 1474 nomine
502 1438 549 1473 ad
576 1454 641 1480 11,
676 1451 711 1479 2,
751 1446 813 1482 ¹5·
844 1439 887 1472 in
916 1451 994 1486 quo
1014 1439 1095 1486 ipso
1126 1436 1283 1475 vitioso,
1313 1432 1454 1479 exigua
1478 1429 1530 1464 est

165 1497 364 1534 librorum
398 1509 580 1531 meorum
613 1496 791 1532 varietas.
852 1494 926 1530 Sed
957 1494 1025 1529 ille
1052 1493 1268 1529 Lariffaeus
1300 1489 1369 1529 est,
1399 1486 1530 1522 noster

166 1554 361 1590 Rhodius.
422 1553 592 1592 Nomen,
627 1551 739 1600 quale
768 1551 894 1600 posui,
922 1551 989 1587 vel
1021 1549 1169 1599 reliqui
1196 1548 1330 1597 potius
1353 1557 1401 1580 ex
1421 1554 1532 1578 vetu-

167 1611 349 1651 stiffimis‚
385 1610 452 1645 etsi
483 1608 576 1645 alias
610 1609 808 1657 ignotum,
840 1619 1083 1643 memoratur
1115 1618 1243 1641 tamen
1274 1619 1292 1639 a
1318 1599 1530 1638 Plutarcho

166 1669 210 1704 in
229 1670 352 1703 Bruto
378 1667 548 1711 (initio),
583 1666 804 1713 diciturque
828 1665 881 1700 ita
903 1664 1062 1699 audiiffe
1085 1663 1221 1698 rhetor
1243 1660 1401 1710 quidam
1423 1656 1536 1691 fami-

168 1724 277 1761 liaris
301 1725 428 1764 Bruti,
459 1723 504 1758 ab
541 1722 624 1772 ipso
657 1722 867 1770 aliquoties
898 1722 940 1757 in
973 1720 1145 1771 epistolis
1163 1717 1392 1768 appellatus,
1423 1714 1536 1759 cujus

169 1782 333 1831 supersit
360 1782 525 1829 exiguus
554 1779 713 1827 quidem
736 1792 806 1813 nec
827 1778 1135 1814 contemnendus
1160 1777 1205 1810 de
1233 1772 1400 1811 Caesaris
1423 1770 1538 1805 caede

171 1837 355 1877 libellus,
390 1837 596 1885 inscriptus
620 1838 777 1871 Brutus.
839 1835 965 1870 Patria
988 1833 1159 1869 rhetoris
1183 1845 1201 1866 a
1223 1828 1435 1866 Plutarcho
1454 1839 1538 1861 non

171 1895 370 1945 proditur.
434 1893 507 1929 Sed
541 1892 706 1928 debebat
738 1892 819 1938 ejus
849 1905 994 1927 nomen
1024 1889 1143 1937 adjici
1175 1887 1351 1935 catalogo
1382 1882 1447 1918 illi
1467 1884 1538 1917 Fa-

173 1952 364 1989 briciano.
425 1949 687 1986 Schneiderus
718 1949 802 1983 saue
830 1948 910 1998 (ap.
941 1946 1091 1985 Wezel.
1124 1945 1170 1981 ad
1203 1945 1284 1981 Cic.
1304 1942 1414 1978 Brut.
1447 1941 1538 1988 88.)

177 2008 429 2045 Charmadam
451 2020 498 2042 ex
519 2006 600 2045 Cic.
629 2006 675 2041 de
701 2005 771 2040 Or.
796 2016 832 2047 2,
867 2011 935 2050 88.
969 2016 1005 2040 et
1027 2003 1149 2039 altero
1169 2001 1291 2037 nostri
1319 2013 1384 2038 11,
1409 2008 1447 2036 2,
1469 1997 1539 2033 26.

151 2065 278 2106 ,loco,
309 2063 593 2099 restituendum
625 2062 692 2098 hic
720 2075 793 2110 pro
832 2061 905 2097 illo
939 2059 1137 2110 Eriphylo
1170 2058 1316 2098 censet;
1343 2054 1405 2090 sed
1436 2052 1542 2088 mihi

174 2122 252 2158 hoc
274 2132 354 2156 non
374 2120 589 2169 persuadet,
621 2132 710 2155 cum
733 2130 896 2168 propter
928 2119 1117 2154 ductuum
1151 2115 1424 2152 diversitatem,
1454 2121 1542 2145 tum

174 2188 338 2229 propter
358 2178 544 2227 patriam3
579 2176 815 2213 Charmadas
836 2175 939 2212 enim
962 2173 1208 2211 Atheniensis
1229 2171 1399 2208 videtur,
1423 2180 1542 2215 quan-

176 2249 293 2285 quam
326 2234 544 2283 expreffum
573 2233 651 2270 hoc
682 2233 784 2282 apud
813 2234 1012 2269 neminem
1053 2230 1231 2266 invenio.
1289 2223 1539 2274 Quintiliano

175 2292 348 2340 aliquem
394 2290 460 2325 hic
506 2303 678 2326 errorem
717 2290 912 2340 imputare
946 2289 1089 2337 religio
1130 2285 1234 2321 mihi
1265 2281 1426 2332 quidem
1458 2292 1541 2315 non

175 2348 308 2385 fuerit.
367 2349 518 2385 Verum
540 2346 745 2383 hominem
769 2347 952 2396 aliquem,
984 2343 1148 2393 Empyli
1174 2341 1347 2379 nomine,
1369 2337 1440 2386 qui
1458 2350 1540 2372 me-

177 2405 303 2441 moria
333 2404 531 2452 imprimis
566 2403 756 2452 polleret,
788 2406 893 2440 inter
921 2415 1072 2442 veteres
1111 2399 1347 2436 celebratum
1375 2394 1540 2430 omnino

177 2474 318 2510 negare
340 2473 421 2496 non
444 2461 631 2502 [astinem
664 2473 753 2496 cum
775 2460 842 2498 vel
878 2461 1090 2497 Brutianus
1121 2456 1189 2492 ille
1219 2453 1335 2504 poffit
1355 2449 1539 2498 intelligi.

177 2517 251 2553 Ille
276 2517 372 2553 alter
398 2530 463 2558 11,
496 2527 532 2557 2,
570 2525 630 2561 15.
659 2516 888 2568 Eurypylus
911 2514 1151 2564 Larzffaeus,
1181 2523 1226 2547 ut
1242 2509 1425 2560 protinus
1448 2519 1540 2542 con-

176 2574 334 2610 feffione
356 2573 428 2609 hac
448 2574 690 2622 ignorantiae
711 2574 912 2624 defungar,
938 2574 1053 2610 etiam
1073 2571 1218 2610 minus,
1245 2566 1334 2617 quis
1356 2575 1395 2602 et
1415 2562 1541 2615 qualis

173 2686 296 2739 psium
322 2697 358 2725 et
378 2687 589 2738 Empylum
611 2688 814 2726 Rhodium.
846 2687 893 2724 cf.
924 2696 1007 2724 not.
1032 2687 1118 2724 crit.
