1779 3062
358 183 524 230 INST.
563 182 843 229 ORATOR.
879 185 1000 228 LIB.
1038 183 1138 239 XI,-
1180 194 1225 238 3.
1361 190 1460 246 lui

33 328 307 363 1021manus
339 310 515 357 lenior
545 310 812 374 promittit
833 321 884 358 et
909 308 1211 369 affentatur,
1251 310 1462 360 citatior

119 392 377 443 hortatur,
411 386 627 434 interim
648 386 837 434 laudat.
920 387 1007 436 Est
1035 399 1087 436 et
1107 388 1200 436 ille
1224 388 1463 452 urgentis

120 467 412 516 orationem
432 461 603 528 gestus
623 464 858 527 vulgaris
878 466 1057 530 magis,
1077 482 1239 529 quam
1259 482 1322 512 ex
1338 475 1464 522 arte,

120 544 217 609 qui
239 540 506 591 contrahit
536 539 739 589 alterno
759 541 1024 604 celerique
1044 553 1200 591 motu.
1221 551 1273 590 et
1296 543 1464 608 expli-

119 631 198 668 cat
224 635 457 667 manum.
522 615 609 665 Est
629 628 680 664 et
705 617 796 666 illa
820 634 944 665 cava
968 630 1018 666 et
1046 636 1185 676 rara,
1226 629 1278 666 et
1306 618 1541 683 supra103

117 697 333 746 humeri
363 693 701 744 altitudinem
730 695 862 743 elata
893 711 1016 742 cum
1043 694 1280 760 quodam
1309 705 1464 745 motu

120 777 272 823 velut
303 774 563 822 hortatrix
590 789 793 820 manus.
873 772 915 819 A
948 773 1240 837 peregrinis
1272 770 1465 821 scholis

121 862 295 900 tamen
314 866 483 919 prope
505 859 711 916 recepta
733 849 977 906 tremula,
1006 846 1208 898 scenica
1237 847 1323 897 eft.
1367 850 1466 897 Di-

119 1007 265 1032 natum.
508 994 639 1029 lenior.
672 995 804 1042 Camp.
826 993 924 1032 Jenf.
947 994 1036 1037 (tac.
1056 993 1187 1038 Gesn.)
1207 994 1322 1029 Tarv.
1349 993 1467 1029 levior

120 1066 208 1088 cum
229 1051 333 1089 Voss.
355 1060 393 1094 3.
426 1064 445 1085 a
468 1063 526 1098 pr.
557 1063 610 1086 ni.
643 1049 871 1099 affentantm·
897 1049 1032 1085 Ambr.
1055 1061 1090 1086 2.
1127 1049 1220 1094 (nisi
1241 1049 1347 1097 quod
1368 1048 1470 1097 ads.)

119 1122 207 1144 cum
228 1108 336 1146 .Voss.
360 1117 397 1151 5.
431 1108 605 1142 laudatur
625 1108 759 1143 Turio.
786 1105 887 1159 (qui
919 1117 956 1142 et
986 1107 1184 1153 hortator)
1214 1106 1317 1141 Flor.
1370 1108 1470 1141 lVon

118 1180 252 1213 urgens
282 1164 410 1200 Guelf.
443 1165 577 1212 Camp.
605 1163 724 1200 Goth.
746 1165 844 1203 Jens.
867 1166 956 1207 (tac.
978 1163 1106 1206 Gesn.)
1131 1176 1221 1198 cum
1242 1163 1345 1199 Voff.
1367 1174 1403 1198 2.
1432 1174 1470 1198 et

120 1223 206 1258 edd.
236 1232 321 1257 ante
353 1224 477 1257 Stoer.
513 1233 592 1268 quo
622 1221 740 1256 rediit
768 1221 1021 1268 κριτικώτατος
1047 1219 1116 1255 ille
1146 1220 1271 1255 noster
1305 1220 1468 1268 Capper.

122 1279 248 1314 Modo
280 1279 416 1325 Camp.
439 1289 475 1311 et
504 1276 629 1312 solum
655 1277 731 1311 [ine
754 1275 814 1325 ψ.
846 1277 951 1311 Flor.
974 1279 1162 1324 urguentis
1191 1277 1254 1319 (ut
1283 1286 1319 1311 et
1345 1276 1376 1319 §.
1401 1282 1467 1323 94.

121 1336 258 1372 Ambr.
281 1345 317 1370 2.
343 1334 504 1381 urguet).
551 1335 652 1368 lWox
674 1333 769 1369 Obr.
800 1337 907 1376 (non
929 1333 1041 1368 Leid.
1063 1345 1244 1380 quoque,
1276 1343 1320 1367 ut
1340 1343 1470 1368 narrat

119 1391 302 1440 Capper.)
325 1393 519 1430 orationis,
543 1388 665 1429 malm
698 1390 761 1424 sed
793 1391 902 1438 pejus
932 1389 1034 1424 Gibf.
1070 1386 1202 1436 gestas.
1242 1388 1348 1426 Voss.
1377 1402 1409 1425 1.
1432 1397 1470 1432 5.

118 1449 278 1496 vulgari.
309 1448 442 1483 Turio.
471 1446 575 1482 Flos.
608 1447 741 1493 Camp.
774 1447 882 1480 celeri
907 1446 984 1480 sine
1018 1445 1216 1484 iminica,
1250 1458 1341 1479 cum
1363 1444 1469 1481 Alm.

121 1505 247 1541 nescio
271 1518 317 1539 an
338 1516 453 1539 recte.
504 1503 628 1537 Μοᾶο
652 1503 878 1536 contrahitur
900 1503 1010 1536 Rusc.
1031 1501 1156 1541 folus,
1188 1501 1250 1535 sed
1270 1514 1339 1548 per
1365 1515 1470 1536 com·

120 1561 334 1610 pendium,
371 1573 452 1594 non
482 1560 617 1594 Locat.
650 1570 695 1592 ut
724 1559 843 1593 refert
872 1560 1008 1593 Burm.
1061 1558 1173 1592 Idem
1205 1571 1315 1592 error
1336 1559 1471 1593 Burm-

120 1619 153 1662 §.
184 1623 271 1660 ¹²4·
305 1616 479 1665 adversus
510 1615 718 1650 tribuentis
740 1614 1042 1653 Locatellianae‚
1070 1614 1180 1662 quod
1213 1613 1383 1662 sphalma
1419 1614 1470 1649 est

120 1674 239 1711 solius
262 1675 372 1709 Ruso.

211 1774 303 1808 103.
333 1778 433 1800 rara.
464 1762 592 1798 Guelf.
614 1763 713 1800 Jens.
736 1763 824 1807 (tac.
840 1763 969 1806 Gesn.)
992 1773 1074 1798 rata
1095 1776 1183 1798 cum
1204 1763 1290 1798 edd.
1312 1762 1474 1810 posterr.

121 1834 206 1859 ante
218 1822 310 1857 Bad.
326 1833 405 1856 exe.
417 1821 533 1855 Tarv-
556 1819 625 1867 qui
636 1820 763 1853 mima
774 1820 871 1858 Jens.
887 1819 1103 1855 defectione
1117 1833 1268 1856 verum.
1284 1820 1363 1854 lata
1375 1819 1476 1856 Ohr.

122 1881 223 1915 Mox
244 1880 382 1913 elatam
402 1875 530 1911 Guelf.
552 1877 718 1910 ornatrix
737 1877 855 1911 Goth.
875 1875 942 1921 (cf.
968 1885 1004 1917 5,
1027 1883 1062 1919 3,
1084 1881 1148 1918 54.
1174 1887 1209 1910 et
1231 1883 1268 1919 8,
1295 1884 1332 1918 5,
1364 1888 1379 1908 1
1394 1877 1449 1918 ι.)

253 1944 386 1970 tamen.
418 1932 481 1967 Sic
496 1931 628 1967 Turio.
641 1930 744 1968 Flor.
759 1932 892 1968 Ambr.
906 1941 941 1968 2.
958 1931 1086 1967 Guelf.
1103 1945 1191 1967 cum
1208 1932 1306 1966 Alm.
1321 1931 1426 1969 Voss.
1438 1942 1476 1967 2.

126 1992 246 2029 Goth.
271 2002 307 2026 et
323 2003 445 2037 marg.
470 1987 581 2023 Basil.
606 1997 682 2023 tum
703 1990 836 2037 Camp.
866 1988 1025 2037 Reliqui
1041 1989 1134 2033 jam.
1161 1989 1264 2024 Flor.
1283 1990 1319 2033 (a
1332 1989 1476 2036 pium.)

126 2058 287 2098 receptat
304 2047 456 2082 remula.
489 2045 622 2079 Ambr.
642 2055 677 2081 2.
698 2046 793 2081 item
819 2046 959 2081 remula
978 2059 1065 2080 eum
1087 2045 1194 2084 Voss‘.
1220 2058 1275 2086 1.;
1306 2055 1477 2092 apparet,

128 2119 245 2155 quam
272 2114 352 2140 arte
375 2103 469 2138 haec
501 2102 667 2138 coierint
695 2103 738 2138 in
766 2113 860 2139 vett.
892 2102 1018 2139 libris,
1051 2102 1182 2138 Turio.
1205 2102 1310 2137 Flor.
1337 2102 1479 2149 digitis.

125 2227 282 2265 revulso
315 2227 393 2263 hoc
433 2240 452 2261 a
491 2241 602 2262 manu
633 2227 776 2263 leniore
895 2236 987 2271 103.
1018 2240 1121 2262 rara.
1151 2226 1221 2267 „id
1254 2226 1303 2261 est
1330 2225 1480 2266 divisis,

127 2285 327 2324 adverbio,
380 2297 462 2320 non
495 2284 678 2332 equidem
710 2298 776 2319 ve·
832 2285 971 2327 „sedin
984 2282 1479 2328 concavitatem“(vocabu-

128 2352 322 2383 reor,.ut
357 2340 532 2388 intelligi
573 2354 615 2375 ea
649 2340 775 2390 polllt.
832 2342 917 2377 lum
955 2341 1029 2377 sibi
1067 2340 1231 2385 habeat)
1271 2338 1479 2380 „incurvis

130 2395 304 2447 Singulis
334 2398 436 2433 enim
471 2397 688 2444 digitorum
711 2411 776 2445 ge·
833 2399 1042 2447 „digitis.“
1074 2396 1230 2432 Badius.

128 2455 247 2491 stibus
268 2453 534 2502 percense-ndis
546 2453 611 2488 hic
625 2454 777 2502 aliquid
886 2457 920 2491 A
960 2451 1380 2503 peregrinis—scenica
1413 2446 1479 2499 est·-

131 2511 178 2547 de
211 2511 333 2546 totius
363 2523 499 2545 manus
535 2522 648 2547 motu
680 2511 777 2557 adji-
834 2514 967 2552 cavet,
980 2525 1027 2546 ne
1050 2509 1242 2545 hortatrix
1263 2508 1344 2549 illa,
1365 2520 1482 2557 quam

131 2569 244 2607 citur,
277 2566 344 2603 vel
363 2567 554 2603 inseritur.
613 2568 776 2604 Interim
833 2569 986 2619 probat,
1005 2579 1141 2602 manus
1160 2577 1369 2602 tremorem
1384 2577 1482 2613 quo-

132 2625 320 2673 quoniam
366 2623 469 2659 nihil
518 2623 643 2660 adhue
681 2625 776 2659 certi
837 2640 912 2675 que
945 2626 1103 2660 affumat
1135 2623 1180 2659 ab
1227 2622 1392 2658 oratoris
1428 2620 1484 2655 di-

129 2680 197 2716 hic
222 2682 398 2728 agnosco,
425 2680 584 2716 Gesneri
608 2680 778 2717 circulos
840 2683 984 2717 onitate
1008 2679 1179 2716 alienum
1207 2691 1244 2715 et
1264 2681 1390 2715 [cenae
1412 2676 1485 2712 soli

838 2710 860 2730 ξ)

132 2738 289 2775 turbu-<³
315 2737 442 2773 nolui..
543 2768 545 2770 ,
671 2765 676 2773 .
701 2786 705 2789 Ὗ
840 2739 1028 2776 debitum,
1086 2737 1286 2774 Diremtio
1304 2771 1308 2776 ,
1325 2736 1421 2771 haec
1464 2747 1486 2768 a.
