1779 3062
293 120 389 180 124
609 120 685 166 M.
721 122 856 168 ΕΑΒ.
894 125 1313 185 QUINTILIANI

288 258 508 315 propter
543 238 849 298 e‘xactiffimo
870 249 1072 312 judicio
1107 253 1241 299 circa
1272 251 1409 299 hanc
1433 261 1636 317 partem

289 326 592 375 studiorum
615 327 958 376 examinanda
978 327 1004 375 s
1005 339 1101 377 unt
1126 330 1320 381 omnia.
1378 330 1635 386 Primum,

288 419 425 468 quos
461 404 748 451 imitemur.
788 421 910 452 nam
942 403 1064 453 [unt
1096 405 1336 470 plurimi,
1376 407 1472 468 qui
1496 404 1636 453 fimi-

287 479 573 529 litudinem
620 479 816 545 peffimi
856 484 1113 544 cujusque
1171 492 1223 529 et
1266 480 1635 546 corruptiffimi

289 558 689 622 concupierunt.
767 562 912 606 Tum
947 559 1007 606 in
1046 557 1190 624 ipsis,
1248 575 1382 622 quos
1417 558 1636 622 elegeri-

286 651 426 691 mus,
457 634 591 698 quid
615 634 690 692 fit,
729 634 795 682 ad.
830 634 980 700 quod
1012 653 1110 684 nos
1137 633 1473 683 efficiendum
1493 651 1636 683 com-

215 724 263 760 15
287 727 546 776 paremus.
608 713 751 759 Nam
771 714 827 759 in
852 712 1054 776 magnis
1083 728 1300 777 quoque
1329 711 1637 760 auctoribus

285 787 533 837 incidunt
559 789 734 853 aliqua
758 787 971 846 vitiosa,
1004 799 1055 836 et
1090 808 1117 837 a
1147 787 1314 839 doctis
1337 789 1476 836 inter
1496 786 1637 853 ipsos

285 866 445 913 etiam
482 876 675 915 mutuo
712 864 1037 930 reprehensa.
1091 877 1248 931 atque
1284 867 1488 915 utinam
1527 875 1637 912 tam

285 943 424 990 bona
459 943 727 992 imitantes
764 943 1000 990 dicerent
1040 945 1257 1001 melius,
1308 959 1469 1006 qaam
1501 942 1637 990 mala

284 1022 436 1086 pejus
469 1018 667 1068 dicunt.
747 1021 864 1067 Nec
898 1035 1026 1067 vero
1066 1018 1247 1068 saltem
1284 1020 1374 1078 iis,
1440 1019 1636 1083 quibus

286 1094 353 1143 ad.
385 1096 630 1144 evitanda
665 1096 796 1144 vitia
836 1095 1024 1157 judicii
1070 1094 1186 1146 satis
1213 1095 1345 1154 fuit,
1417 1094 1634 1145 sufficiat

282 1173 571 1237 imaginem
603 1174 818 1221 virtutis
847 1171 1118 1237 effingere,
1158 1184 1209 1221 et
1240 1172 1430 1231 solam,
1469 1183 1530 1222 ut
1565 1171 1632 1220 fic
1647 1180 1726 1230 926

373 1311 434 1348 14.
458 1302 668 1352 studiorum
690 1305 948 1340 examinanda.
971 1304 1104 1340 Turie-
1125 1305 1230 1341 Flor.
1256 1306 1430 1342 inserunt
1446 1301 1523 1340 alia
1546 1318 1636 1341 cum

281 1360 383 1395 Alm.
429 1362 491 1396 sed
524 1361 620 1397 Obr.
673 1362 750 1397 illa.
985 1375 1076 1410 quos
1111 1364 1303 1398 imitemur.
1358 1363 1490 1398 Turio.
1529 1361 1634 1399 Flor-

283 1432 317 1465 q.
340 1410 377 1452 af
405 1418 470 1461 (cf.
499 1430 559 1458 10,
598 1431 629 1458 1,
667 1420 778 1463 125.)
811 1419 1050 1453 imitandum.-
1086 1432 1132 1453 ex
1152 1417 1254 1454 Alm.
1285 1419 1404 1455 modo
1435 1420 1637 1469 q.im1'ten-

282 1475 380 1509 dum.
443 1473 514 1510 Ille
537 1488 556 1507 a
579 1475 645 1509 sec.
670 1488 721 1509 m.
755 1489 787 1522 q.
809 1476 859 1509 ad
879 1475 1116 1514 imitandum,
1147 1475 1211 1510 hic
1233 1476 1415 1510 nostrum.

368 1532 638 1578 concupierunt.
673 1531 736 1565 Sic
756 1530 858 1566 Flos.
885 1544 972 1565 cum
997 1532 1115 1566 Goth.
1142 1542 1178 1566 et
1200 1532 1283 1579 edd.¹
1309 1542 1394 1566 ante
1418 1531 1525 1568 Bafil.
1553 1544 1634 1569 exc.

283 1589 418 1635 Camp.
491 1588 565 1621 Sed
606 1587 738 1622 Turio.
792 1601 867 1621 non
913 1589 1115 1634 cupierunt.
1174 1587 1335 1635 Reliqui
1375 1590 1636 1635 concupierint.

281 1644 329 1679 cf.
359 1654 394 1687 4,
435 1653 470 1687 3,
509 1643 570 1678 16.
736 1644 840 1679 Tum.
871 1644 931 1679 Sic
954 1643 1086 1678 Turio.
1108 1643 1211 1679 Flor.
1238 1643 1366 1679 Guelf.
1390 1646 1521 1693 Camp.
1546 1657 1637 1680 cum

280 1700 384 1735 Alm.
408 1699 570 1746 Reliqui
600 1700 756 1735 Deinde.
893 1700 960 1748 sit,
985 1701 1034 1734 ad
1064 1701 1173 1748 quod.
1207 1700 1337 1735 Turio.
1371 1700 1474 1736 Flor.
1506 1700 1636 1738 Guelf-

282 1757 414 1804 Camp.
441 1756 627 1792 omittunt
659 1757 708 1791 ad
740 1770 828 1792 cum
853 1756 970 1792 Goth.
996 1757 1101 1795 Voff,
1130 1767 1164 1791 2.
1196 1756 1299 1793 Vall.
1321 1756 1494 1792 colbert.
1528 1757 1635 1795 Voff.

286 1827 321 1848 1.
343 1822 380 1855 5.
412 1813 509 1851 Jens.
545 1812 661 1846 Tarv.
896 1826 963 1848 nos
997 1810 1241 1861 efficiendum.
1274 1813 1336 1847 Sic
1368 1814 1501 1848 Turio.
1531 1812 1638 1848 Flor-

280 1868 412 1905 Guelf.
438 1870 570 1916 Camp.
604 1881 692 1903 cum
715 1871 813 1907 Jcns.
848 1881 884 1905 et
914 1870 998 1906 edd.
1035 1879 1119 1904 ante
1143 1869 1292 1918 Gryph.
1328 1883 1407 1904 exc.
1431 1870 1525 1905 Bad.
1555 1866 1637 1917 ff‘

283 1927 454 1960 ciendum
484 1925 590 1960 nobis
636 1926 754 1961 Goth.
788 1925 886 1963 Vall.
920 1927 1021 1963 Voff.
1055 1936 1089 1961 2.
1136 1926 1248 1962 Colb.
1285 1926 1472 1973 probante
1503 1926 1638 1966 Badio,

285 1982 348 2016 sed
378 1996 590 2030 comparare
613 1984 661 2017 fic
682 1983 762 2017 dici
781 1996 862 2018 non
884 1983 1057 2018 docente.
1120 1982 1279 2030 Reliqui
1302 1979 1535 2030 ffeiendum
1558 1995 1637 2019 nos.

380 2047 442 2082 15.
476 2041 512 2073 in
535 2041 690 2085 magnis.
724 2039 851 2074 Guelf.
886 2040 1035 2074 omittit
1068 2041 1116 2073 in.
1150 2041 1294 2074 Contra
1318 2040 1450 2087 Camp.
1479 2052 1638 2088 quoque.

373 2097 568 2130 imitantes.
601 2094 701 2131 flor.
726 2099 764 2140 (a
786 2110 844 2143 pr.
868 2097 939 2140 m.)
972 2095 1184 2130 imitandos.
1367 2096 1481 2142 pejus.
1504 2095 1639 2131 Turic-

282 2154 386 2201 pius,
421 2165 441 2186 a
461 2153 529 2186 see.
553 2164 604 2186 m.
637 2154 759 2198 prim.
793 2151 896 2187 Flor.
932 2151 970 2196 (a
992 2165 1048 2199 pr.
1071 2152 1143 2193 m.)
1174 2153 1261 2196 ejus.
1498 2151 1639 2190 dicunt.

285 2209 418 2244 Tui-ic.
443 2208 548 2243 Flor.
581 2208 707 2244 Guelf.
729 2209 861 2257 Camp.
896 2209 1023 2243 dicant
1055 2220 1143 2243 cum
1164 2207 1271 2244 Voss.
1300 2222 1334 2242 1.
1367 2218 1404 2242 et
1434 2207 1519 2243 edd.
1551 2218 1639 2243 ante

286 2265 436 2314 Gryph.
466 2277 547 2300 exe.
574 2263 667 2300 Bad.
894 2266 1083 2300 evitanda.
1118 2265 1250 2313 Camp.
1282 2264 1508 2300 evitandum.

371 2322 502 2365 judicii
525 2319 632 2370 sacis.
665 2321 797 2355 Turio.
828 2319 932 2357 Flor.
975 2324 1019 2366 (a
1045 2334 1103 2370 pr.
1135 2333 1186 2355 m.
1219 2318 1413 2369 uterque)
1450 2320 1640 2365 judicatis.

286 2378 360 2413 Ille
392 2391 411 2412 a
444 2379 512 2414 [ec.
541 2391 593 2412 m.
629 2378 830 2422 judicatur.
1075 2376 1146 2425 sic.
1188 2377 1321 2413 Turio.
1364 2376 1467 2412 Flor.
1510 2376 1639 2412 Guelf.

285 2505 452 2541 quaeque
503 2503 576 2539 pro
638 2503 774 2539 eaque:
828 2490 935 2538 quod
992 2489 1286 2540 reprehensorum
1336 2489 1556 2538 exemplum
1602 2495 1641 2534 8,

287 2548 529 2596 aliquantum
553 2547 683 2582 turbat
703 2547 934 2583 orationem.
994 2555 1031 2589 5,
1068 2556 1135 2589 δι.

349 2612 409 2647 15.
447 2606 547 2639 Nam
573 2606 610 2639 in
642 2606 786 2650 magnis
808 2622 863 2631 —-
882 2606 935 2639 vi·
1051 2604 1129 2638 Nec
1149 2602 1365 2652 —salterm
1424 2603 1486 2638 De
1505 2600 1643 2651 saltem.

288 2659 396 2709 tiosa.
435 2661 482 2695 cf.
511 2673 583 2700 10,
623 2675 665 2699 1,
700 2668 764 2703 24.
811 2669 935 2695 mutuo
993 2659 1040 2696 cf.
1072 2666 1109 2705 8,
1143 2666 1179 2704 4,
1213 2667 1278 2704 25.
