1779 3062
239 161 335 216 556
485 160 504 194 1
546 158 622 205 M.
659 160 794 205 ΕΑΒ.
832 158 1254 222 QUINTILIANI

233 288 518 335 immatura
550 282 733 342 frons,
772 295 825 332 et
855 285 1117 350 quicquid
1142 285 1216 334 est
1240 285 1380 335 illud
1395 283 1587 335 adhuc-

233 364 482 411 acerbum
515 359 830 426 proferatur.
909 363 1051 410 Nam
1089 362 1217 411 inde
1254 373 1306 411 et
1343 373 1580 412 contem-

234 448 320 487 'tus
355 439 533 504 operis
567 436 873 495 innascitur,
894 432 963 486 'et
996 437 1342 489 fundamenta
1378 440 1584 500 jaciun-

235 526 325 564 tur
362 512 752 578 impudentiae‚
802 525 877 572 et,
918 515 1067 580 quod
1113 516 1186 564 est
1218 517 1424 580 ubique
1459 531 1580 580 per-

189 611 212 647 5
235 588 662 649 niciofiffimum‚
703 592 978 656 praevenit
1011 593 1152 641 vires
1184 591 1401 642 fiducia.
1460 591 1581 640 Nec

234 668 416 718 rursus
441 664 802 721 differendum
824 667 896 716 est
919 669 1232 718 tirocinium
1251 671 1311 717 in
1341 667 1582 718 senectu-

233 757 356 795 tem.
437 746 580 794 Nam
610 744 852 810 quotidie
874 756 1049 795 metus
1078 744 1272 803 crescit,
1300 742 1582 809 majusque

232 822 299 872 fit
331 822 554 888 semper,
595 821 745 887 quod
771 820 951 871 ausuri
982 820 1195 872 sumus:
1235 833 1304 881 et,
1329 821 1461 871 dum
1488 820 1582 869 de·-

234 901 538 956 liberamus‚
574 898 787 965 quando
821 899 1192 966 incipiendum
1223 898 1304 957 fit,
1342 898 1581 964 incipere

233 982 339 1040 jam
380 976 558 1026 serum
603 975 689 1024 est.
784 980 959 1046 Quare
993 976 1233 1027 fructum
1276 975 1581 1025 studiorum

233 1054 461 1123 viridem
501 1064 553 1103 et
579 1052 754 1103 adhuc
783 1053 999 1104 dulcem
1025 1056 1204 1121 promi
1238 1053 1403 1112 decet,
1443 1052 1580 1102 dum

233 1258 463 1311 sciipturam
485 1255 564 1290 sine
594 1253 708 1290 libris
738 1255 814 1300 jam
846 1254 1139 1304 commendavit
1156 1256 1402 1291 Burmannus
1427 1254 1579 1305 persua-

232 1316 291 1350 sus
321 1314 373 1348 iis
401 1325 498 1360 quae
533 1310 711 1359 Cuperus
739 1311 782 1345 in
813 1310 918 1347 Obss'.
954 1317 999 1355 4,
1034 1319 1071 1355 5.
1115 1299 1162 1347 de
1199 1312 1279 1348 his
1291 1311 1423 1348 verbis
1454 1311 1582 1347 obser·

231 1381 361 1411 va1·;at
426 1368 575 1404 tametsi
610 1368 699 1403 usus
737 1367 780 1402 in
803 1366 937 1415 fronte
968 1368 1025 1403 ibi
1055 1381 1136 1403 non
1167 1369 1352 1417 tangitur.
1420 1368 1494 1417 Sed
1526 1367 1580 1402 fa
1588 1411 1592 1415 Α

232 1427 307 1463 cile
334 1437 491 1477 apparet
516 1424 731 1473 particulae
765 1424 821 1458 dis
852 1424 1077 1462 translatum
1109 1425 1186 1461 huc
1213 1427 1357 1461 sensum
1383 1425 1456 1461 effe
1472 1418 1585 1474 poss‘o

232 1484 398 1520 nullum.
464 1479 514 1530 eft
546 1481 758 1531 ubicumque
785 1481 919 1533 Turic.
956 1482 1089 1531 Camp.
1119 1495 1151 1518 c.
1184 1482 1286 1517 Alm.

349 1595 386 1629 5.
421 1583 648 1631 differendus
677 1582 812 1617 Ambr.
844 1593 880 1618 2.
905 1569 1094 1631 senectute
1124 1583 1227 1628 Flor.
1255 1585 1389 1633 Camp.
1446 1584 1581 1628 majus-

233 1656 300 1693 que
322 1641 379 1692 sit
408 1639 527 1676 Goth.
592 1640 691 1674 Mox
719 1638 885 1674 alterum
917 1637 968 1687 est
998 1640 1082 1690 post
1102 1639 1228 1689 serum
1258 1641 1437 1677 omittere
1463 1640 1582 1684 refer·

939 1798 983 1833 ni
1003 1797 1128 1837 fallor,
1159 1796 1342 1832 relictum
1364 1797 1424 1839 est,
1456 1808 1502 1835 ut
1527 1797 1583 1835 le-

940 1868 1075 1904 gamus
1093 1868 1157 1889 nec
1181 1855 1363 1902 quicquid.

995 1909 1203 1959 innascitur,
1227 1911 1350 1946 intell.
1372 1911 1504 1947 animo
1524 1913 1586 1958 ju·

939 1967 1075 2003 venili.
1124 1967 1240 2014 Quod
1263 1967 1377 2015 longe
1398 1968 1584 2016 praestan·
1610 1966 1614 1977 “

233 1815 253 1836 a
273 1799 403 1836 nostro
417 1797 506 1833 loco
521 1795 795 1831 alienissimum
810 1796 880 1838 est;

233 1867 301 1892 aut
334 1866 423 1890 cum
457 1853 663 1889 consilium
692 1852 792 1888 illud
815 1867 881 1889 ne-

235 1913 413 1962 gativum
443 1911 518 1945 sive
547 1910 676 1945 cautio
700 1910 882 1956 pendet&

233 1969 358 2004 verbo
392 1966 458 2002 vel
485 1968 658 2002 sermone
685 1967 804 2002 sensus
829 1966 881 2002 af-

235 2025 441 2064 firm-ativi,
469 2023 530 2058 sed
562 2021 737 2058 nondum
775 2023 882 2059 abso-

239 2083 324 2121 luti,
355 2081 395 2115 h.
423 2090 461 2116 e.
492 2080 690 2126 objectum
721 2079 883 2128 aliquod

238 2137 508 2177 desiderantis,
548 2135 677 2184 qualia
710 2136 794 2172 [unt
817 2135 882 2184 fa-

238 2209 326 2235 cere,
357 2206 510 2243 operam
529 2193 630 2234 dare,
656 2205 785 2227 munus
806 2194 882 2238 ejus
936 2221 939 2226 ,

237 2250 300 2300 est,
329 2248 529 2299 postulare,
561 2259 600 2283 ut
620 2263 753 2288 ne—,·
781 2263 878 2298 quae

239 2308 369 2345 omnia
402 2307 518 2353 hujus
557 2305 638 2341 loci
670 2319 751 2342 non
782 2307 877 2341 [unt.

239 2367 367 2412 Quare
402 2364 552 2398 servato
580 2362 652 2399 illo
683 2373 723 2397 ut:
754 2375 881 2409 neque,

220 2417 378 2456 .'vocula
401 2429 437 2455 el:
458 2420 594 2468 utique
613 2419 795 2455 mutando
819 2418 876 2451 est.

238 2478 379 2525 Neque
408 2487 535 2511 tamen
565 2478 646 2524 ejus
668 2475 756 2510 loco
778 2475 881 2510 [atis-

222 2533 332 2568 ·facit
352 2543 439 2568 aut.-
468 2546 548 2567 non
575 2533 678 2569 enim
706 2540 770 2567 aut
791 2530 881 2565 alte·

239 2601 327 2623 rum
350 2599 415 2624 aut
435 2587 600 2625 alterum
627 2589 880 2624 metuendum

220 2662 223 2664 ·
242 2643 303 2686 est,
334 2646 362 2679 fi
381 2646 510 2680 modus
529 2660 609 2682 non
629 2653 789 2685 tenetur,
822 2644 881 2679 sed

225 2711 481 2750 *unumque-t
518 2703 707 2739 *Unicum
737 2701 881 2750 itaque,

938 2025 1016 2060 tius
1054 2024 1190 2059 inutili
1224 2022 1416 2060 Obrechti
1456 2025 1585 2070 conje-

936 2092 1066 2120 ctura,
1097 2094 1212 2129 quam
1246 2081 1372 2137 textui
1399 2081 1582 2120 immisit,

937 2135 1109 2186 nascitur.

994 2203 1030 2237 5.
1058 2192 1222 2240 fructum
1233 2214 1289 2221 —-
1298 2207 1321 2228 v
1314 2193 1453 2227 iridem
1469 2202 1504 2227 et
1515 2193 1581 2228 ad-

937 2250 1004 2284 huc
1016 2249 1177 2285 dulcem.
1242 2249 1413 2285 Multum
1440 2249 1580 2285 haereo

937 2306 979 2340 in
1017 2307 1086 2341 hac
1119 2303 1383 2355 appositorum
1418 2307 1582 2353 conjun-

939 2363 1080 2398 ctione.
1144 2364 1232 2398 Hoc
1260 2374 1386 2398 tamen
1409 2362 1457 2399 ei:
1482 2374 1583 2398 voce

940 2419 1057 2453 adhuc
1088 2430 1191 2454 recte
1223 2419 1408 2467 colligere
1431 2419 1585 2458 videor,

941 2476 1120 2522 cogitaffe
1160 2477 1331 2511 nostrum
1376 2476 1422 2513 de
1456 2475 1584 2524 fructu

928 2534 1022 2566 vicis
1043 2532 1109 2576 (cf.
1136 2539 1172 2576 3,
1205 2542 1253 2575 5,Ἰ
1272 2537 1349 2577 ss.');
1380 2529 1442 2568 fed
1463 2544 1584 2567 rema-

939 2599 1004 2622 net
1023 2588 1237 2630 dubitatios
1255 2590 1479 2637 potueritne
1508 2601 1584 2622 mu·

930 2642 1042 2692 stum,
1062 2645 1168 2692 quod
1190 2646 1310 2680 viride
1329 2645 1482 2680 fortaffe
1501 2656 1584 2679 non

939 2702 1067 2749 inepte
1089 2701 1243 2742 dicitur,
1268 2701 1496 2750 [olofructus
1514 2712 1583 2736 110-
