1779 3062
254 178 347 223 ωδ
573 165 649 212 Μ.
684 166 818 212 FAB.
858 168 1277 230 QUINTILIANI

163 314 240 352 124
253 313 377 344 eum
397 292 604 351 sentire,
638 310 774 358 quae
813 293 955 343 dicit.
1036 294 1246 361 Scripsit
1266 312 1377 343 non
1410 309 1601 360 parum

250 373 422 422 multa
460 371 724 419 Cornelius
749 367 942 443 Celsus,
986 374 1189 422 Sextios
1226 371 1450 429 secutus,
1487 387 1602 419 non

252 448 361 498 fine
384 449 534 497 cultu.
555 465 611 496 ac
634 449 822 497 nitore.
887 450 1112 498 Plancus
1132 451 1190 498 in
1211 449 1400 498 Stoicis
1419 464 1601 496 rerum

312 588 401 625 124.
451 582 605 617 Sextios.
657 581 719 617 Sic
749 582 881 618 Turic.
918 583 1022 619 Flor.
1057 581 1182 619 Guelf.
1217 583 1348 630 Camp.
1380 593 1468 616 cum
1503 580 1601 616 cod.

253 638 516 686 antiquissimo
548 637 726 673 Danielis
758 637 825 685 (cf.
859 639 906 680 6,
948 651 995 680 2,
1040 641 1123 687 11.)
1164 639 1251 674 teste
1285 637 1452 674 Nicolao
1476 637 1600 672 Fabro

253 695 278 730 l.
302 700 332 730 c.
367 695 486 731 Goth.
521 695 626 731 Voff.
649 704 684 729 2.
718 696 830 731 Bern.
869 707 906 731 et
933 696 1017 731 edd.
1047 707 1132 731 ante
1169 694 1257 730 Ald.
1294 696 1438 729 Sextius
1467 693 1602 730 Turio.

253 766 271 786 τι
304 753 372 787 sec.
409 765 461 787 m.
538 753 598 785 Ex
625 751 726 786 Alm.
767 752 925 787 affertur
962 754 1104 787 Sex-tac.
1166 751 1253 786 Ald.
1295 751 1388 786 Bad.
1425 750 1601 797 Scepti05.

252 809 284 842 Ε
317 808 421 844 ΥΟῘΓ-
452 822 484 843 1·
526 808 704 854 Sceptior.
729 809 776 841 Ἐ
806 809 911 845 Voff.
945 818 981 851 3.
1003 808 1173 857 scectios.
1217 807 1377 856 Reliqui
1404 807 1603 853 Scepticos,

254 878 351 913 quae
370 864 528 899 videtur
551 863 754 898 Philandri
777 865 1008 910 conjecture,
1040 865 1176 900 frustra
1195 863 1376 899 illustrata
1401 877 1418 897 a
1439 861 1604 897 Pseudo-

252 922 450 960 Turuebo,
470 921 627 968 ipsoque
650 935 774 968 nuper
796 922 974 956 Gesuem.
1000 923 1279 960 Burmannum,
1307 920 1376 968 qui
1397 918 1604 954 Schottum

252 977 466 1026 inspexerat
488 978 534 1011 ad
555 979 733 1011 Senecam
757 980 868 1018 Pam,
888 978 1014 1012 sordes
1036 977 1231 1025 reliquisse
1252 977 1446 1024 imprimis
1467 974 1605 1009 miror.

339 1033 505 1068 Plancus.
568 1033 702 1068 Tulic.
735 1032 838 1068 flor.
870 1030 1046 1082 plaustus.
1102 1034 1178 1068 Hic
1207 1033 1365 1081 quidem
1404 1047 1422 1066 a
1451 1033 1517 1066 [ec.
1550 1044 1604 1065 rn.

254 1091 421 1129 Plautus,
458 1100 496 1124 et
527 1091 572 1123 fic
595 1088 722 1124 Guelf.
745 1090 844 1127 Jens.
879 1103 967 1125 cum
992 1092 1102 1125 Rern.
1136 1101 1173 1125 et
1195 1089 1279 1125 edd.
1304 1101 1390 1125 ante
1416 1087 1502 1123 Ald.
1536 1087 1604 1134 qui

254 1158 382 1183 tamen
412 1159 481 1194 per
516 1144 685 1193 sphalma
707 1146 872 1182 Plancus.
935 1147 1017 1192 Qua
1047 1159 1141 1181 vero
1174 1147 1399 1182 auctoritate
1430 1158 1506 1184 eos,
1536 1144 1608 1191 qui

253 1204 427 1238 nostrum
469 1202 559 1236 dant
597 1203 783 1248 (quorum
825 1203 910 1237 sunt
942 1202 1061 1237 Goth.
1096 1202 1141 1237 cf.
1175 1213 1212 1242 2,
1260 1213 1330 1246 14,
1363 1213 1400 1240 2.
1440 1201 1607 1247 camp),

254 1259 429 1306 castigate
456 1270 599 1292 nomen
629 1256 813 1291 exhibere
845 1258 990 1293 dixerit
1021 1259 1188 1306 Regius,
1237 1259 1418 1306 equidem
1450 1257 1607 1305 ignoro,

253 1315 380 1356 nullo,
411 1314 517 1363 quod
538 1313 670 1352 fciam,
714 1326 877 1361 usquam
907 1325 1123 1350 memorato
1157 1317 1307 1350 StOIcae
1338 1312 1611 1363 philosophiae

317 1423 408 1459 124.

252 1473 564 1511 Almelovenunr
600 1472 716 1506 multa
766 1472 904 1507 volen-

254 1543 333 1567 tem
385 1529 523 1564 tollere
579 1538 681 1562 recte
736 1529 906 1563 revincit

252 1590 512 1625 Burmannus,
547 1584 751 1619 amandans
786 1583 905 1618 lccto·

253 1657 336 1679 rem
364 1642 407 1677 ad
435 1642 470 1682 6,
491 1652 527 1680 2,
552 1649 587 1683 3.
621 1640 691 1675 ubi
717 1640 904 1687 exemplis

255 1697 523 1736 Ciceronianis
575 1696 748 1731 defendit
796 1697 905 1732 usum

253 1756 440 1793 nostrum.

464 1429 539 1450 non
588 1429 721 1463 parum
775 1416 902 1452 multa.

314 1869 503 1905 Cornelius
527 1866 661 1917 Celsus‘,
688 1869 832 1904 Sextios
846 1867 906 1917 se-

255 1936 368 1964 cutus.
403 1927 522 1965 „Duo
538 1945 586 1952 —
599 1926 759 1961 fuerunt
771 1926 905 1960 Sextii.

256 1985 331 2031 ‚,Q.
368 1981 554 2018 videlicet
595 1982 747 2017 Sextius
787 1992 906 2030 pater,

255 2042 354 2089 „qui
386 2053 404 2073 a
437 2038 530 2073 divo
553 2037 661 2076 Julio
682 2037 801 2072 latum
833 2038 907 2073 cla·

256 2110 379 2139 „vum
410 2095 481 2130 fibi
506 2094 681 2129 oblatum
706 2095 906 2134 recusavit,

257 2165 324 2195 „et
365 2153 446 2199 ejus
487 2150 620 2190 filius,
653 2151 698 2185 de
741 2164 820 2199 quo
862 2153 905 2187 B.

256 2210 552 2255 „Hieronymus
575 2212 674 2242 anno
697 2220 775 2255 quo
792 2207 907 2242 Chri-

257 2267 384 2308 „stum
408 2275 541 2300 natum
564 2263 701 2303 tradit,
733 2263 827 2297 haec
848 2277 907 2297 re·

258 2323 380 2363 „fertz
443 2321 590 2356 Sextius
637 2320 909 2368 Pythagoricus

258 2377 525 2427 „philosophus
548 2374 786 2425 nascitur.-
818 2378 909 2411 Sex·

259 2437 457 2477 „tior-um,
490 2444 642 2481 praeter
661 2434 842 2467 Senecam
867 2433 911 2467 in

261 2489 472 2539 „Epistolis
525 2500 562 2525 et
613 2488 726 2524 libris
769 2489 814 2524 de
852 2489 910 2523 ira

261 2549 418 2595 „saepe,
474 2557 512 2581 et
543 2559 624 2594 cap.
665 2544 735 2580 ult.
772 2544 843 2581 lib.
875 2555 912 2588 7.

261 2602 527 2645 „naturalium
546 2601 823 2650 quaestiomun,
835 2615 916 2636 me-

259 2661 404 2701 „minit
455 2660 528 2705 Qu.
573 2672 604 2694 c.
643 2672 676 2694 1.
719 2657 790 2693 lib.
826 2663 917 2693 10.“

262 2715 453 2753 Nicolaus
497 2714 640 2757 Faber,
697 2714 745 2750 ad.
785 2716 916 2751 senec.

960 1428 1057 1466 patr.
1104 1418 1294 1452 controv.
1341 1417 1365 1452 l.
1401 1425 1438 1452 2.
1487 1414 1609 1464 praef.

961 1488 998 1522 p.
1025 1482 1088 1519 93.
1111 1474 1188 1517 (ed.
1209 1475 1321 1508 Paris.
1353 1474 1472 1516 1613.
1506 1472 1612 1516 fol.)

961 1531 1061 1566 Vide
1103 1541 1139 1564 et
1178 1532 1218 1565 F.
1251 1532 1295 1565 A.
1327 1528 1520 1564 VVolfium
1563 1527 1612 1562 ad

963 1589 1120 1622 Sueton.
1158 1585 1298 1621 Illustr.
1332 1587 1502 1621 Gramm.
1545 1591 1606 1629 18.

964 1654 1002 1678 ct
1038 1642 1207 1677 Fabricii
1248 1641 1350 1678 Bibl.
1395 1643 1528 1677 Graec.
1565 1641 1612 1676 ab

963 1697 1121 1734 Harlete
1144 1710 1293 1734 auctam
1317 1698 1406 1736 Vol.
1420 1700 1448 1733 I.
1463 1712 1500 1746 p.
1515 1705 1608 1743 870.

963 1757 1064 1803 seqq.
1111 1754 1180 1789 Ille
1206 1757 1367 1790 Senecae
1390 1755 1432 1790 in
1454 1754 1611 1803 quaesit.

964 1811 1145 1848 natm-all.
1168 1811 1277 1847 locus
1300 1812 1366 1846 hic
1389 1812 1457 1846 est:
1489 1813 1612 1852 „Sex-

962 1870 1137 1910 ,‚tiorum
1169 1881 1270 1904 nova
1301 1879 1337 1903 et
1357 1868 1524 1903 Romani
1548 1880 1613 1902 ro-

963 1926 1099 1966 ,‚boris
1129 1926 1222 1960 secta
1259 1926 1362 1959 iuter
1394 1924 1508 1959 initia
1535 1925 1612 1964 sua,

966 1996 1082 2023 „cum
1110 1994 1250 2029 magno
1290 1982 1442 2030 impetu
1471 1982 1613 2029 coepis-

967 2040 1065 2079 „l'et‚
1117 2038 1284 2073 extincta
1334 2038 1424 2073 est.“
1480 2037 1526 2072 cf.
1576 2048 1616 2073 et

965 2094 1161 2130 Plutarch.
1194 2095 1392 2145 Quomodo
1411 2092 1557 2142 sencias
1579 2104 1615 2129 ca

964 2151 1146 2199 proficere
1193 2164 1231 2199 p.
1272 2160 1337 2194 77.
1415 2151 1520 2185 Loca
1565 2151 1615 2185 de

966 2209 1100 2243 Sextio
1123 2206 1293 2255 plurima
1312 2207 1411 2255 apud
1431 2205 1616 2242 Senecam

966 2264 1143 2300 invenies
1176 2265 1218 2299 in
1248 2263 1381 2298 Indice
1413 2262 1471 2298 ed.
1499 2265 1615 2300 Paris.

972 2321 1094 2363 1615.
1133 2319 1217 2356 1⁷01.
1287 2321 1442 2355 Horum
1493 2321 1616 2369 igitur

966 2376 1293 2425 philosophorum
1317 2377 1462 2416 sectam,
1476 2376 1617 2424 Pytha-

968 2446 1084 2481 gorae
1127 2432 1337 2473 aemulam,
1371 2432 1520 2481 scriptis
1552 2445 1616 2468 ex-

967 2490 1138 2538 primere
1169 2501 1327 2525 conatus
1357 2490 1406 2525 est
1437 2490 1492 2528 is,
1548 2488 1618 2537 qui.

974 2546 1102 2580 omnis
1143 2547 1221 2582 fere
1267 2547 1464 2581 doctrinae
1514 2558 1620 2580 com-

972 2604 1183 2638 mentarios
1230 2602 1436 2637 adornavit
1477 2601 1621 2638 Celsus.

975 2658 1023 2693 cf.
1043 2667 1086 2697 2,
1125 2667 1185 2702 15,
1217 2668 1282 2695 22.

1034 2715 1204 2752 Plancus.
1246 2716 1293 2752 cf.
1317 2726 1399 2752 not.
1422 2715 1506 2751 crit.
