1820 3062
280 199 343 255 56
580 198 656 244 M.
704 196 839 243 FAB.
892 197 1304 258 QUINTILIANI

209 344 260 384 ¹¹¹2
286 324 718 391 experimentum.
770 321 869 371 Sed.
892 338 1002 370 non
1023 321 1290 387 quidquid
1311 319 1374 368 ad
1396 321 1626 385 aliquam
1637 335 1715 376 890

283 412 484 470 partem
512 398 754 446 scientiae
783 400 1036 465 pertinet,
1076 400 1320 463 protinus
1347 396 1411 444 ad
1433 396 1628 445 facien-

285 479 406 527 dam
441 478 595 524 etiam
625 474 841 542 φράσιν,
871 475 935 523 de
960 492 1062 539 qua
1086 476 1387 539 loquimur,
1428 489 1629 520 accom-

285 553 576 605 modatum.
657 553 850 599 Verum
885 562 1162 614 antequam
1204 551 1268 598 cle
1303 548 1517 613 lingulis
1548 549 1629 597 lo-

288 647 444 695 quar,
497 644 660 695 pauca
697 628 754 674 in
790 626 1098 676 universum
1136 627 1200 674 de
1232 627 1478 674 varietate
1513 625 1629 689 opi-

215 723 266 762 45
291 708 520 756 nionum
565 703 785 752 dicenda
830 703 962 752 [unt.
1054 705 1193 751 Nam
1242 701 1455 767 quidam
1486 700 1626 749 solos

287 794 490 832 veteres
522 779 772 845 legendos
806 790 1014 844 putant,
1053 796 1227 843 neque
1260 781 1316 826 in
1350 778 1476 825 ullis
1514 777 1629 824 aliis

288 857 385 908 effe
428 857 719 906 naturalem
758 857 1139 920 eloquentiam,
1198 865 1248 902 et
1293 855 1458 903 robur
1498 853 1631 901 viris

288 934 539 1000 dignum,
579 933 918 981 arbitrantur:
961 933 1090 980 alios
1121 949 1300 979 recens
1340 927 1632 978 haeclasci-

287 1013 402 1068 via,
463 1009 811 1073 deliciaeque,
869 1019 920 1056 et
964 1009 1141 1058 omnia
1183 1007 1247 1055 ad
1301 1008 1632 1070 voluptatem

287 1086 652 1134 multitudinis
695 1086 966 1150 imperitae
998 1083 1305 1149 composita,
1359 1083 1630 1130 delectant.
1660 1144 1668 1151 .

216 1179 267 1219 44
291 1162 533 1230 Ipsorum
580 1162 764 1219 etiam,
824 1162 920 1224 qui
958 1172 1162 1209 rectum
1212 1159 1424 1208 dicendi
1462 1175 1631 1224 genus

382 1320 444 1356 42.
469 1311 647 1361 scientiae
680 1315 852 1361 pertinet.
912 1311 1018 1350 Vols.
1044 1322 1079 1346 2.
1105 1311 1311 1360 sententiae
1329 1325 1367 1359 p.
1427 1311 1542 1346 Goth.
1575 1307 1634 1344 nil

292 1370 399 1407 aliud
427 1368 496 1403 nifi
519 1369 666 1404 omittit
684 1371 844 1416 pertinet
864 1368 939 1413 (cf.
961 1371 993 1414 ᾖ.
1019 1375 1083 1411 ίμ.
1105 1368 1198 1402 item
1221 1372 1316 1410 74).
1488 1363 1635 1414 φράσιν.

292 1424 433 1462 Multis
465 1424 592 1459 modis
615 1425 842 1472 inquinatur
864 1425 940 1459 hoe
961 1423 1197 1459 vocabulum
1217 1423 1259 1456 in
1278 1422 1413 1465 libris,
1444 1436 1568 1470 neque
1592 1421 1636 1457 in

293 1482 391 1518 meis
439 1491 524 1515 ante
565 1481 680 1516 Tarv.
724 1481 996 1532 incorruptum
1047 1486 1213 1528 apparet.
1288 1480 1466 1527 Suspicor
1506 1490 1636 1514 autem

295 1538 408 1574 fuiss'e
429 1535 508 1582 fac-
540 1545 586 1572 et.
618 1537 667 1571 ad
696 1539 760 1583 Φς).
802 1550 888 1570 cum
917 1536 958 1570 in
987 1537 1119 1570 Turio.
1157 1537 1199 1569 slt
1219 1532 1410 1584 “dfarffln’
1440 1548 1459 1568 a
1490 1535 1556 1569 sec.
1581 1547 1634 1567 m.

296 1591 482 1642 affarefin.
703 1593 1027 1626 accommodatum.
1091 1591 1233 1625 Verum.
1296 1590 1358 1624 Sic
1379 1590 1511 1626 Turio.
1530 1590 1636 1625 Flor-

298 1648 426 1685 Guelf.
458 1648 590 1695 Camp.
623 1659 709 1681 cum
733 1647 849 1682 Goth.
872 1647 974 1684 Voff.
999 1658 1034 1682 2.
1061 1657 1098 1681 et
1119 1647 1202 1681 edd.
1223 1657 1307 1681 ante
1330 1646 1437 1682 Bafil.
1478 1645 1637 1693 Reliqui

296 1705 468 1739 inserunt
496 1700 555 1749 est.
773 1703 914 1749 loquar.
976 1703 1071 1738 Obr.
1106 1703 1254 1737 omittit
1282 1701 1413 1742 nullo,
1450 1713 1636 1749 quantum

298 1760 436 1800 video,
467 1769 620 1793 auctore
659 1759 773 1802 (nam
805 1759 1069 1798 iterationem,
1110 1758 1307 1805 loquimur,
1350 1752 1503 1807 loquar,
1538 1758 1637 1793 ferre

299 1815 559 1857 didicimus);
590 1814 651 1849 [ed
678 1826 715 1849 et
734 1828 828 1849 mox
848 1817 880 1860 ᾗ.
904 1822 968 1858 45.
998 1815 1231 1850 arbitrantur.

388 1900 451 1937 45.
481 1892 642 1941 lascivia.
701 1893 832 1926 Turio.
866 1895 912 1936 (a
941 1906 999 1940 pr.
1030 1893 1109 1935 m.)
1139 1892 1195 1926 las
1225 1894 1322 1941 quia.
1382 1892 1482 1928 Flor.
1517 1893 1553 1937 (a
1577 1904 1636 1941 pr.

300 1951 378 1993 m.)
405 1953 491 1998 quia
510 1948 576 1993 (cf.
597 1948 642 1982 ad
664 1961 836 1996 prooem.
859 1948 949 1984 Vol.
975 1958 1010 1990 5.
1042 1962 1077 1996 p.
1102 1951 1210 1991 1V.).
1400 1950 1636 1999 deliciaeque.

302 2007 434 2041 Tm‘ic.
453 2006 555 2040 Flor.
587 2005 788 2052 deliciaque
817 2018 904 2039 cum
929 2004 1044 2039 Goth.
1071 2005 1173 2041 Voss.
1202 2015 1236 2040 2.
1267 2004 1367 2041 Vall.
1389 2016 1426 2040 et
1446 2005 1528 2040 edd.
1551 2015 1638 2040 ante

302 2061 411 2098 Bam.
432 2075 512 2097 exc.
530 2061 660 2108 Camp.
685 2060 857 2095 consulto
884 2061 996 2095 etiam
1022 2062 1197 2108 positum,
1218 2062 1423 2109 suspicante
1446 2061 1578 2096 Badio.

391 2137 454 2173 44.
495 2127 668 2176 Ipsorum.
728 2128 856 2162 Turio.
888 2127 990 2162 Flor.
1025 2126 1102 2176 ipso
1137 2141 1223 2161 cum
1253 2127 1353 2163 Alm.
1415 2128 1487 2163 Sed
1509 2128 1635 2165 Guelf.

303 2186 436 2235 Camp.
466 2184 567 2234 ipsos
597 2196 685 2218 cum
716 2182 832 2219 Goth.
865 2184 968 2222 Voss.
999 2193 1035 2219 2.
1078 2195 1112 2218 et
1138 2184 1221 2219 edd.
1248 2195 1332 2218 ante
1352 2183 1438 2219 Ald.
1478 2183 1638 2233 Reliqui

364 2324 427 2361 42.
458 2311 605 2363 φράσιν.
645 2321 690 2358 3,
718 2327 732 2349 1
750 2340 761 2354 ,
799 2329 833 2351 1.
880 2314 946 2350 hic
1058 2321 1124 2362 45.
1156 2329 1275 2350 recens
1296 2317 1382 2351 haec
1401 2317 1560 2366 lascivia.
1589 2317 1639 2356 cf.

306 2377 341 2420 ᾗ.
356 2381 419 2417 37.
443 2372 666 2406 add.Senec.
690 2383 836 2419 pannp.
855 2378 945 2417 193.
1004 2382 1038 2411 2,
1064 2380 1098 2414 5,
1123 2381 1184 2406 22.
1214 2373 1363 2406 delicias
1382 2375 1472 2408 vide
1497 2387 1529 2413 1,
1551 2380 1586 2417 3,
1602 2386 1638 2421 9.

307 2429 378 2464 ubi
399 2427 611 2476 opponitur
630 2427 714 2462 [exi.
765 2429 860 2462 Item
884 2428 944 2464 Jo.
1003 2428 1201 2475 Improbat
1234 2438 1359 2462 autem
1399 2431 1471 2476 Qu.
1505 2440 1542 2465 et
1571 2432 1639 2477 qui

309 2484 497 2530 Chrysost.
531 2491 565 2525 4.
599 2481 678 2530 περὶ
706 2480 889 2530 ἱερωσύνης
911 2493 948 2517 et
1003 2484 1049 2518 ad
1087 2496 1201 2517 unam
1245 2494 1402 2519 aetatem
1434 2487 1509 2522 sive
1541 2486 1639 2520 anti-

309 2539 553 2574 Schaeferum
574 2537 616 2572 in
638 2538 945 2584 indicesubjecto
1003 2540 1181 2587 quierem
1231 2540 1305 2574 five
1357 2552 1548 2576 recentem
1602 2542 1637 2577 se

307 2594 445 2630 libello
466 2593 646 2639 Dionysii
668 2595 714 2629 de
734 2596 871 2643 Comp.
891 2613 944 2620 -
1001 2596 1228 2642 astringunt,
1282 2607 1317 2630 et
1357 2610 1453 2644 quos
1490 2598 1641 2632 nonnifi

307 2651 370 2686 De
394 2648 569 2697 faciendo
598 2649 676 2686 vid.
703 2663 764 2691 ιο,
790 2659 826 2694 5,
849 2659 886 2694 5.
1000 2664 1121 2685 unum
1143 2664 1188 2685 ex
1210 2651 1332 2686 tribus
1356 2652 1509 2687 dicendi
1523 2666 1638 2700 gene-

998 2707 1106 2742 ribus
1145 2707 1208 2751 (cf.
1231 2718 1268 2747 2,
1295 2718 1356 2752 17,
1381 2709 1437 2753 3.)
1463 2707 1636 2748 delectat.
