1779 3062
385 157 550 204 1Ns‘r.
601 157 882 203 ORATOR.
927 159 1051 204 Lm.
1097 159 1169 218 x,
1209 172 1254 205 ι.
1453 171 1517 222 79

163 286 297 335 ratio
322 283 582 344 dissentio,
619 286 716 350 qui
735 286 994 335 Lucilium
1006 285 1183 355 fluere
1203 290 1525 350 lutulentum,

164 372 246 425 et,
303 358 408 436 effe
446 362 671 428 aliquid,
731 364 874 427 quod
907 364 1087 413 tollere
1113 360 1298 437 poffzs,
1357 379 1521 434 putat.

160 438 303 488 Nam
333 440 567 489 eruditio
601 440 659 487 in
692 456 755 488 eo
787 441 945 498 mira,
991 452 1041 489 et
1082 443 1321 503 libertas,
1361 456 1522 511 atque

158 516 287 564 inde
326 518 626 574 acerbitas,
665 527 716 564 et
759 517 970 566 abunde
1006 517 1138 568 salis.
1232 522 1416 570 Multo
1448 523 1521 572 est

161 592 350 643 terfior
384 611 440 641 ac
464 611 631 659 purus
655 595 822 658 magis
847 596 1134 654 Horatius,
1172 607 1223 644 et
1245 598 1311 646 ad
1333 611 1522 649 notan-

66 696 148 733 910
161 669 259 720 dos
285 672 570 720 hominum
595 688 770 720 mores
791 673 1125 738 praecipuus.
1203 676 1447 724 Multum
1471 688 1524 726 et
1596 707 1625 758 ,ξ

160 765 316 799 verae
361 749 589 814 gloriae,
652 750 898 814 quamvis
940 768 1053 799 uno
1083 751 1251 809 libro,
1309 750 1522 824 Perstus
1602 749 1606 755 ⁴

248 903 312 940 94.
344 893 575 930 lutulentum.
610 893 738 929 Guelf.
764 894 968 930 luculenter
992 907 1079 930 curn
1101 896 1207 932 Voff.
1237 909 1270 932 1.
1295 897 1520 934 luculentum

156 950 262 988 Voff.
288 959 324 993 5.
357 950 525 998 fufpicor
543 961 589 991 2,
621 963 711 985 nam
733 953 780 986 fic
803 951 922 988 Goth.
954 951 1053 996 (tac.
1078 953 1216 997 Gesn.)
1250 954 1383 1003 Camp.
1445 957 1523 990 Sed

156 1008 254 1045 Jens.
291 1010 390 1051 (tac.
414 1002 530 1050 eod.)
564 1007 763 1042 lutulenter
792 1021 879 1043 cum
910 1008 995 1044 edd.
1019 1020 1105 1044 ante
1126 1009 1214 1044 Ald.
1419 1012 1521 1047 Nam

157 1064 328 1099 eruditio.
389 1064 453 1099 Sic
475 1063 608 1099 Turio.
631 1063 737 1099 Flor.
761 1065 893 1113 Camp.
919 1078 1008 1101 eum
1033 1066 1151 1102 Goth.
1172 1066 1278 1103 Voff.
1301 1078 1336 1102 2.
1371 1079 1407 1103 et
1431 1069 1518 1105 edd.

158 1131 245 1155 ante
280 1118 390 1155 Bafil.
458 1119 619 1168 Reliqui
650 1120 823 1157 inserunt
855 1131 903 1156 ec.
1157 1123 1315 1160 abunde.
1384 1125 1518 1164 Turic.

157 1176 261 1213 Flor.
294 1176 389 1222 (hic
425 1177 585 1225 quidem
616 1191 634 1212 a
655 1190 714 1226 pr.
740 1191 792 1213 m.
817 1189 854 1213 et
875 1178 989 1222 hab.)
1019 1179 1151 1228 Camp.
1175 1180 1407 1217 abundantia
1429 1195 1518 1217 cum

157 1233 260 1269 Alm.
285 1233 331 1268 cf.
357 1239 400 1276 4,
429 1241 472 1277 5,
500 1241 561 1276 15.
787 1235 922 1270 Multo
944 1232 1005 1283 efi-
1066 1237 1198 1272 Turio.
1221 1238 1377 1274 multum
1398 1247 1434 1274 et
1455 1237 1519 1287 est.

157 1288 262 1325 Flor.
288 1290 419 1338 Camp.
454 1290 606 1324 multum
628 1292 740 1326 etiam
765 1288 825 1338 est.
874 1291 1001 1327 Guelf.
1029 1293 1203 1327 Multum
1225 1290 1274 1340 est
1303 1308 1391 1330 cum
1414 1294 1518 1333 Ahn.

156 1345 263 1383 Voss.
297 1355 332 1389 5.
371 1358 406 1381 et
437 1346 522 1381 edd.
557 1358 642 1382 ante
679 1347 761 1383 Ald.
824 1347 897 1382 Sed
930 1348 1049 1384 Goth.
1080 1348 1196 1384 multo
1220 1352 1333 1385 etiam
1354 1349 1404 1399 est
1428 1365 1518 1387 cum

157 1402 265 1440 VoII'.
289 1413 324 1437 2.
385 1392 572 1438 Nostrurn
602 1414 639 1438 et
659 1403 700 1438 in
723 1405 826 1441 Voss.
855 1418 888 1439 1.
913 1415 957 1440 ut
978 1399 1137 1453 quidem
1157 1405 1328 1446 videtur,
1350 1410 1414 1443 etfi
1435 1419 1518 1444 tur-

158 1457 273 1494 bante
298 1458 448 1507 aliquid
469 1460 708 1496 Burmanno.
757 1461 906 1494 Mirum
928 1461 1119 1509 profecto,
1145 1463 1250 1509 quod
1274 1464 1519 1502 vetustiffimi

157 1515 254 1550 libri
286 1515 431 1550 abunde
460 1528 540 1551 non
565 1517 678 1555 dant,
712 1517 819 1565 quod
842 1517 905 1551 sua
926 1518 1085 1565 quidem
1110 1518 1144 1553 se
1167 1521 1412 1556 commendat
1430 1521 1518 1556 lati-

157 1572 289 1608 nitate.
321 1573 381 1606 An
401 1572 477 1607 fuit
499 1572 713 1613 „acerbitas
738 1585 775 1608 et
799 1573 1042 1615 abundantia,
1061 1573 1154 1622 salis
1175 1576 1327 1610 multum
1349 1580 1519 1614 etian2‘⁵?

159 1628 233 1663 Sed
265 1630 319 1670 ei,
353 1629 422 1676 qui
453 1628 530 1664 hoc
557 1629 755 1677 probarit,
786 1630 1006 1665 docendum
1037 1631 1179 1672 fuerit,
1217 1633 1311 1679 quid
1339 1635 1381 1668 fit
1401 1635 1518 1670 abun-

155 1684 286 1720 dantia
316 1686 364 1720 fic
393 1699 464 1734 per
484 1686 518 1721 fe
542 1686 683 1733 pofita,
719 1686 857 1722 deinde
878 1687 1116 1722 defendenda
1138 1688 1329 1724 affectatio
1352 1691 1516 1727 structu-

152 1753 217 1776 rae
248 1743 290 1776 in
319 1740 469 1778 ultimis
503 1742 582 1777 istis
606 1741 702 1790 salis
724 1744 879 1778 multum
904 1745 1027 1778 etiam.
1092 1745 1209 1791 Quod
1232 1758 1327 1783 mox
1347 1749 1518 1785 recurrit

154 1798 318 1837 multum,
342 1798 384 1832 in
411 1799 541 1834 noftro
563 1812 644 1834 non
663 1812 898 1848 magnopere
919 1812 1056 1835 moror
1086 1801 1151 1845 (cf.
1175 1805 1208 1848 ᾖ.
1234 1801 1344 1851 42.);
1377 1815 1415 1839 et
1435 1818 1515 1840 am·

152 1853 343 1902 plificatio
372 1855 439 1889 ista
468 1857 727 1903 comparativi
744 1857 886 1896 „multo
912 1858 1074 1892 te1·fi0r“
1097 1858 1232 1897 nimia,
1254 1858 1389 1900 fateor,
1413 1849 1516 1897 mihi

152 1909 311 1945 videtur
339 1910 382 1945 in
415 1911 687 1958 Quintiliano,
718 1924 798 1947 non
829 1925 973 1961 magno
1008 1914 1166 1961 quidem
1201 1916 1361 1950 Horatii
1392 1917 1515 1952 admi-

157 1960 300 2001 ratore.
544 1968 595 2003 ad
629 1969 819 2004 notandos
850 1969 1043 2005 hominum
1073 1984 1202 2006 mores.
1270 1972 1405 2007 Turio.
1439 1988 1516 2009 non

154 2022 262 2059 labor
282 2024 360 2069 ejus
380 2038 508 2060 amore
532 2037 621 2061 cum
642 2024 746 2062 Alm.
808 2026 882 2062 Sed
901 2025 1007 2062 Flor.
1027 2025 1102 2075 (cf.
1128 2028 1174 2064 ad
1197 2031 1231 2076 §.
1256 2032 1350 2077 39.)
1382 2030 1515 2067 Guelf-

213 2153 277 2196 94.
299 2149 469 2184 Multum
483 2159 519 2185 et
528 2164 636 2187 verae
646 2151 802 2199 gloriae.
864 2151 1126 2188 tenebrae'vix
1136 2164 1314 2201 poterant
1326 2153 1516 2192 delectare

152 2205 247 2242 Non
280 2219 360 2241 uno
387 2207 509 2242 modo
540 2209 662 2257 accipi
681 2209 805 2257 potest
862 2209 1050 2250 nostrum,
1072 2222 1141 2244 cur
1165 2221 1266 2245 tanta
1287 2210 1400 2246 laude
1422 2226 1515 2261 pro-

153 2262 380 2307 conjunctio
414 2272 473 2304 et,
505 2275 548 2299 ut
577 2265 643 2300 vel
667 2265 802 2311 adjun-
861 2266 1059 2313 sequatur,
1089 2267 1265 2301 nondum
1289 2267 1376 2303 satis
1398 2268 1514 2305 intel·

151 2329 217 2366 gat
255 2319 374 2354 modo
414 2322 584 2356 Perfium‘
621 2323 800 2361 HoratiQ
859 2320 957 2369 ligo.
1025 2322 1164 2370 Neque
1197 2324 1299 2358 enim
1330 2337 1435 2360 nune
1466 2326 1513 2361 de

149 2374 228 2414 vel,
258 2374 300 2409 id
328 2377 434 2422 quod
455 2377 644 2425 praefero,
676 2378 802 2414 valeat
859 2378 942 2426 ipso
964 2391 1126 2427 quaero,
1159 2392 1299 2415 verum
1322 2380 1368 2416 de
1391 2382 1513 2428 Quin-

151 2439 189 2466 σε
237 2432 382 2478 quidem
404 2458 413 2471 ‚
474 2432 545 2468 hae
591 2434 799 2470 sententia:
861 2433 999 2470 tiliano
1026 2448 1114 2470 eum
1136 2435 1345 2481 judicante.
1402 2438 1512 2474 Idem

148 2487 332 2528 „multum
372 2488 520 2536 gloriae
560 2500 596 2525 et
640 2492 800 2539 quidem
859 2491 966 2538 quod
999 2491 1127 2527 noster
1160 2493 1206 2527 de
1239 2494 1365 2528 Perfio
1398 2494 1513 2532 sentit

146 2557 285 2583 „verae
315 2543 474 2591 gloriae.
491 2552 514 2566 “
575 2547 638 2582 Est
671 2558 825 2583 autem'
856 2546 1050 2583 Martialis
1098 2547 1189 2583 loco
1230 2549 1431 2586 notiffimo
1473 2559 1510 2596 4,

146 2600 374 2645 conjunctio
398 2602 440 2636 in
465 2602 657 2644 omnibus,
677 2618 796 2652 quan·
855 2614 926 2650 29,
964 2614 1000 2647 7.
1025 2611 1061 2648 3.
1122 2606 1310 2653 „Saepius
1332 2606 1375 2642 in
1400 2606 1510 2644 libro

145 2665 227 2690 tum
248 2657 378 2696 video,
411 2656 537 2694 libris.
564 2678 635 2711 —x
651 2663 791 2697 meruit.
848 2671 1115 2701 „memoratur
1185 2664 1330 2697 Perfius
1400 2677 1507 2706 uno,

143 2711 190 2747 cf.
211 2713 258 2747 ad
273 2715 305 2761 ᾗ.
324 2722 457 2758 72.—
477 2717 658 2757 Perfium,
682 2719 791 2764 cujus
846 2717 1004 2764 „Quam
1033 2715 1133 2753 levis
1164 2718 1208 2754 in
1243 2729 1322 2756 tota
1354 2719 1507 2757 Marsus
