<?xml version="1.0" encoding="UTF-8"?>
<!DOCTYPE html PUBLIC "-//W3C//DTD XHTML 1.0 Transitional//EN"
    "http://www.w3.org/TR/xhtml1/DTD/xhtml1-transitional.dtd">
<html xmlns="http://www.w3.org/1999/xhtml" xml:lang="en" lang="en">
 <head>
  <title>
</title>
<meta http-equiv="Content-Type" content="text/html;charset=utf-8" />
  <meta name='ocr-system' content='tesseract 3.04.00' />
  <meta name='ocr-capabilities' content='ocr_page ocr_carea ocr_par ocr_line ocrx_word'/>
</head>
<body>
  <div class='ocr_page' id='page_1' title='image "./deinstitutioneor04quinuoft_0730.png"; bbox 0 0 1779 3062; ppageno 0'>
   <div class='ocr_carea' id='block_1_1' title="bbox 323 175 1350 240">
    <p class='ocr_par' dir='ltr' id='par_1_1' title="bbox 323 175 1350 240">
     <span class='ocr_line' id='line_1_1' title="bbox 323 175 1350 240; baseline 0.006 -18"><span class='ocrx_word' id='word_1_1' title='bbox 323 183 421 235; x_wconf 64' lang='lat'>704</span> <span class='ocrx_word' id='word_1_2' title='bbox 584 198 587 202; x_wconf 91' lang='lat'><em>-</em></span> <span class='ocrx_word' id='word_1_3' title='bbox 648 175 1350 240; x_wconf 78' lang='lat' dir='ltr'><strong>M.FA13.QU1NT1L1AN1</strong></span> 
     </span>
    </p>
   </div>
   <div class='ocr_carea' id='block_1_2' title="bbox 321 298 1669 526">
    <p class='ocr_par' dir='ltr' id='par_1_2' title="bbox 321 298 1669 526">
     <span class='ocr_line' id='line_1_2' title="bbox 323 298 1669 370; baseline 0.008 -22"><span class='ocrx_word' id='word_1_4' title='bbox 323 298 577 366; x_wconf 79' lang='lat' dir='ltr'>consequi</span> <span class='ocrx_word' id='word_1_5' title='bbox 603 318 717 352; x_wconf 88' lang='lat' dir='ltr'>non</span> <span class='ocrx_word' id='word_1_6' title='bbox 739 301 925 370; x_wconf 82' lang='lat' dir='ltr'>potest,</span> <span class='ocrx_word' id='word_1_7' title='bbox 947 304 1118 365; x_wconf 63' lang='lat' dir='ltr'>Aiacis</span> <span class='ocrx_word' id='word_1_8' title='bbox 1143 315 1234 354; x_wconf 75' lang='lat' dir='ltr'>aut</span> <span class='ocrx_word' id='word_1_9' title='bbox 1258 307 1535 359; x_wconf 81' lang='lat' dir='ltr'>DiomediS</span> <span class='ocrx_word' id='word_1_10' title='bbox 1555 310 1669 359; x_wconf 86' lang='lat' dir='ltr'>lau-</span> 
     </span>
     <span class='ocr_line' id='line_1_3' title="bbox 322 377 1668 447; baseline 0.006 -21"><span class='ocrx_word' id='word_1_11' title='bbox 322 377 449 427; x_wconf 84' lang='lat' dir='ltr'>dem</span> <span class='ocrx_word' id='word_1_12' title='bbox 476 377 862 445; x_wconf 68' lang='lat' dir='ltr'>aspernabitur:</span> <span class='ocrx_word' id='word_1_13' title='bbox 942 397 1120 445; x_wconf 84' lang='lat' dir='ltr'>neque</span> <span class='ocrx_word' id='word_1_14' title='bbox 1158 383 1255 447; x_wconf 85' lang='lat' dir='ltr'>qui</span> <span class='ocrx_word' id='word_1_15' title='bbox 1287 387 1510 434; x_wconf 86' lang='lat' dir='ltr'>Homeri</span> <span class='ocrx_word' id='word_1_16' title='bbox 1538 404 1668 445; x_wconf 79' lang='lat' dir='ltr'>non,</span> 
     </span>
     <span class='ocr_line' id='line_1_4' title="bbox 321 456 1668 526; baseline 0.007 -23"><span class='ocrx_word' id='word_1_17' title='bbox 321 456 553 520; x_wconf 74' lang='lat' dir='ltr'>Tyrtaei.</span> <span class='ocrx_word' id='word_1_18' title='bbox 644 458 790 525; x_wconf 81' lang='lat' dir='ltr'>Quin</span> <span class='ocrx_word' id='word_1_19' title='bbox 826 457 994 506; x_wconf 89' lang='lat' dir='ltr'>immo</span> <span class='ocrx_word' id='word_1_20' title='bbox 1033 457 1075 505; x_wconf 84' lang='grc'>[1</span> <span class='ocrx_word' id='word_1_21' title='bbox 1115 458 1254 507; x_wconf 84' lang='lat' dir='ltr'>hanc</span> <span class='ocrx_word' id='word_1_22' title='bbox 1293 462 1668 526; x_wconf 81' lang='lat' dir='ltr'><strong>cogitationem</strong></span> 
     </span>
    </p>
   </div>
   <div class='ocr_carea' id='block_1_3' title="bbox 240 530 1747 676">
    <p class='ocr_par' dir='ltr' id='par_1_3' title="bbox 240 530 1747 676">
     <span class='ocr_line' id='line_1_5' title="bbox 318 530 1747 593; baseline 0.006 -13"><span class='ocrx_word' id='word_1_23' title='bbox 318 530 569 583; x_wconf 83' lang='lat' dir='ltr'>homines</span> <span class='ocrx_word' id='word_1_24' title='bbox 614 530 936 593; x_wconf 72' lang='lat' dir='ltr'>habuissent,</span> <span class='ocrx_word' id='word_1_25' title='bbox 990 545 1053 584; x_wconf 84' lang='lat' dir='ltr'>ut</span> <span class='ocrx_word' id='word_1_26' title='bbox 1091 553 1251 586; x_wconf 88' lang='lat' dir='ltr'>nemo</span> <span class='ocrx_word' id='word_1_27' title='bbox 1293 536 1345 585; x_wconf 77' lang='lat' dir='ltr'>se</span> <span class='ocrx_word' id='word_1_28' title='bbox 1387 539 1670 589; x_wconf 84' lang='lat' dir='ltr'>meliorem</span> <span class='ocrx_word' id='word_1_29' title='bbox 1739 564 1747 583; x_wconf 67' lang='grc' dir='ltr'>ε</span> 
     </span>
     <span class='ocr_line' id='line_1_6' title="bbox 240 607 1669 676; baseline 0.006 -19"><span class='ocrx_word' id='word_1_30' title='bbox 240 629 255 661; x_wconf 71' lang='grc' dir='ltr'><strong><em>χ</em></strong></span> <span class='ocrx_word' id='word_1_31' title='bbox 319 607 439 658; x_wconf 86' lang='lat' dir='ltr'>fore</span> <span class='ocrx_word' id='word_1_32' title='bbox 466 626 548 668; x_wconf 83' lang='lat' dir='ltr'>eo,</span> <span class='ocrx_word' id='word_1_33' title='bbox 587 612 685 675; x_wconf 90' lang='lat' dir='ltr'>qui</span> <span class='ocrx_word' id='word_1_34' title='bbox 714 612 952 676; x_wconf 82' lang='lat' dir='ltr'>optimus</span> <span class='ocrx_word' id='word_1_35' title='bbox 981 610 1172 671; x_wconf 73' lang='lat' dir='ltr'>sufflet,</span> <span class='ocrx_word' id='word_1_36' title='bbox 1213 613 1580 665; x_wconf 80' lang='lat' dir='ltr'><strong>arbitraretur:</strong></span> <span class='ocrx_word' id='word_1_37' title='bbox 1607 616 1669 665; x_wconf 83' lang='lat' dir='ltr'>hi</span> 
     </span>
    </p>
   </div>
   <div class='ocr_carea' id='block_1_4' title="bbox 314 684 1668 905">
    <p class='ocr_par' dir='ltr' id='par_1_4' title="bbox 314 684 1668 905">
     <span class='ocr_line' id='line_1_7' title="bbox 317 684 1666 758; baseline 0.004 -24"><span class='ocrx_word' id='word_1_38' title='bbox 317 684 445 751; x_wconf 81' lang='lat' dir='ltr'>ipfi,</span> <span class='ocrx_word' id='word_1_39' title='bbox 487 687 584 751; x_wconf 84' lang='lat' dir='ltr'>qui</span> <span class='ocrx_word' id='word_1_40' title='bbox 616 685 737 737; x_wconf 81' lang='lat' dir='ltr'>sunt</span> <span class='ocrx_word' id='word_1_41' title='bbox 766 689 992 753; x_wconf 76' lang='lat' dir='ltr'>optimi,v</span> <span class='ocrx_word' id='word_1_42' title='bbox 1022 706 1135 739; x_wconf 88' lang='grc'>11011</span> <span class='ocrx_word' id='word_1_43' title='bbox 1172 688 1413 751; x_wconf 81' lang='lat' dir='ltr'>fuiffent3</span> <span class='ocrx_word' id='word_1_44' title='bbox 1488 709 1666 758; x_wconf 86' lang='lat' dir='ltr'>neque</span> 
     </span>
     <span class='ocr_line' id='line_1_8' title="bbox 314 762 1668 837; baseline 0.004 -25"><span class='ocrx_word' id='word_1_45' title='bbox 314 762 436 828; x_wconf 76' lang='lat' dir='ltr'>post</span> <span class='ocrx_word' id='word_1_46' title='bbox 458 766 774 813; x_wconf 82' lang='lat' dir='ltr'>Lucretium</span> <span class='ocrx_word' id='word_1_47' title='bbox 796 782 852 812; x_wconf 86' lang='lat' dir='ltr'>ac</span> <span class='ocrx_word' id='word_1_48' title='bbox 877 768 1124 815; x_wconf 80' lang='lat' dir='ltr'>Macrum</span> <span class='ocrx_word' id='word_1_49' title='bbox 1137 768 1410 833; x_wconf 78' lang='lat' dir='ltr'>Virgilius,</span> <span class='ocrx_word' id='word_1_50' title='bbox 1429 786 1528 818; x_wconf 87' lang='lat' dir='ltr'>nec</span> <span class='ocrx_word' id='word_1_51' title='bbox 1548 769 1668 837; x_wconf 84' lang='lat' dir='ltr'>post</span> 
     </span>
     <span class='ocr_line' id='line_1_9' title="bbox 317 838 1664 905; baseline 0.004 -15"><span class='ocrx_word' id='word_1_52' title='bbox 317 838 558 891; x_wconf 83' lang='lat' dir='ltr'>Craffum</span> <span class='ocrx_word' id='word_1_53' title='bbox 596 852 648 890; x_wconf 82' lang='lat' dir='ltr'>et</span> <span class='ocrx_word' id='word_1_54' title='bbox 677 840 1021 894; x_wconf 81' lang='lat' dir='ltr'>Hortenfium</span> <span class='ocrx_word' id='word_1_55' title='bbox 1053 845 1271 905; x_wconf 84' lang='lat' dir='ltr'>Cicero,</span> <span class='ocrx_word' id='word_1_56' title='bbox 1315 843 1407 895; x_wconf 83' lang='lat' dir='ltr'>sed</span> <span class='ocrx_word' id='word_1_57' title='bbox 1441 863 1539 897; x_wconf 86' lang='lat' dir='ltr'>nec</span> <span class='ocrx_word' id='word_1_58' title='bbox 1571 843 1664 892; x_wconf 80' lang='lat' dir='ltr'>alii</span> 
     </span>
    </p>
   </div>
   <div class='ocr_carea' id='block_1_5' title="bbox 306 1032 1664 1871">
    <p class='ocr_par' dir='ltr' id='par_1_5' title="bbox 306 1032 1664 1871">
     <span class='ocr_line' id='line_1_10' title="bbox 317 1032 1662 1085; baseline -0.001 -15"><span class='ocrx_word' id='word_1_59' title='bbox 317 1033 415 1070; x_wconf 84' lang='lat' dir='ltr'>Ven.</span> <span class='ocrx_word' id='word_1_60' title='bbox 446 1032 536 1074; x_wconf 76' lang='lat' dir='ltr'>Ald.</span> <span class='ocrx_word' id='word_1_61' title='bbox 729 1049 732 1052; x_wconf 85' lang='grc'><strong>’</strong></span> <span class='ocrx_word' id='word_1_62' title='bbox 769 1048 844 1071; x_wconf 86' lang='lat' dir='ltr'>non</span> <span class='ocrx_word' id='word_1_63' title='bbox 872 1034 986 1085; x_wconf 74' lang='lat' dir='ltr'>poffi&#39;t</span> <span class='ocrx_word' id='word_1_64' title='bbox 1015 1034 1149 1085; x_wconf 84' lang='lat' dir='ltr'><strong>Camp.</strong></span> <span class='ocrx_word' id='word_1_65' title='bbox 1380 1046 1498 1082; x_wconf 81' lang='lat' dir='ltr'>neque</span> <span class='ocrx_word' id='word_1_66' title='bbox 1517 1035 1582 1081; x_wconf 81' lang='lat' dir='ltr'>qui</span> <span class='ocrx_word' id='word_1_67' title='bbox 1599 1033 1662 1069; x_wconf 85' lang='grc' dir='ltr'><em>Ῐιο-</em></span> 
     </span>
     <span class='ocr_line' id='line_1_11' title="bbox 313 1087 1662 1141; baseline 0.001 -17"><span class='ocrx_word' id='word_1_68' title='bbox 313 1091 409 1126; x_wconf 82' lang='lat' dir='ltr'>meri</span> <span class='ocrx_word' id='word_1_69' title='bbox 447 1102 524 1129; x_wconf 81' lang='grc' dir='ltr'>ηοη</span> <span class='ocrx_word' id='word_1_70' title='bbox 554 1087 712 1137; x_wconf 79' lang='lat' dir='ltr'>fuerunt</span> <span class='ocrx_word' id='word_1_71' title='bbox 748 1093 839 1141; x_wconf 81' lang='lat' dir='ltr'>quin</span> <span class='ocrx_word' id='word_1_72' title='bbox 875 1093 1010 1130; x_wconf 73' lang='lat' dir='ltr'>Tul-ie.</span> <span class='ocrx_word' id='word_1_73' title='bbox 1041 1092 1147 1128; x_wconf 85' lang='lat' dir='ltr'>Flor.</span> <span class='ocrx_word' id='word_1_74' title='bbox 1179 1092 1307 1128; x_wconf 85' lang='lat' dir='ltr'>Guelf.</span> <span class='ocrx_word' id='word_1_75' title='bbox 1344 1088 1463 1125; x_wconf 86' lang='lat' dir='ltr'>Goth.</span> <span class='ocrx_word' id='word_1_76' title='bbox 1492 1101 1524 1125; x_wconf 82' lang='lat' dir='ltr'>c.</span> <span class='ocrx_word' id='word_1_77' title='bbox 1557 1088 1662 1126; x_wconf 85' lang='lat' dir='ltr'>Alm.</span> 
     </span>
     <span class='ocr_line' id='line_1_12' title="bbox 315 1145 1661 1197; baseline -0.001 -13"><span class='ocrx_word' id='word_1_78' title='bbox 315 1145 419 1184; x_wconf 79' lang='lat' dir='ltr'>Voff.</span> <span class='ocrx_word' id='word_1_79' title='bbox 453 1155 490 1181; x_wconf 89' lang='lat'>2.</span> <span class='ocrx_word' id='word_1_80' title='bbox 528 1146 633 1181; x_wconf 85' lang='lat' dir='ltr'>unde</span> <span class='ocrx_word' id='word_1_81' title='bbox 661 1160 734 1195; x_wconf 79' lang='lat' dir='ltr'>per</span> <span class='ocrx_word' id='word_1_82' title='bbox 761 1161 922 1190; x_wconf 82' lang='lat' dir='ltr'>meram,</span> <span class='ocrx_word' id='word_1_83' title='bbox 953 1160 997 1184; x_wconf 88' lang='lat' dir='ltr'>ut</span> <span class='ocrx_word' id='word_1_84' title='bbox 1028 1160 1205 1197; x_wconf 74' lang='lat' dir='ltr'>apparet,</span> <span class='ocrx_word' id='word_1_85' title='bbox 1234 1145 1497 1191; x_wconf 77' lang='lat' dir='ltr'>conjecturam</span> <span class='ocrx_word' id='word_1_86' title='bbox 1526 1145 1661 1194; x_wconf 83' lang='lat' dir='ltr'>Camp.</span> 
     </span>
     <span class='ocr_line' id='line_1_13' title="bbox 314 1200 1662 1254; baseline 0.002 -17"><span class='ocrx_word' id='word_1_87' title='bbox 314 1216 434 1250; x_wconf 75' lang='lat' dir='ltr'>neque</span> <span class='ocrx_word' id='word_1_88' title='bbox 473 1200 630 1249; x_wconf 83' lang='lat' dir='ltr'><em>Hesiodi</em></span> <span class='ocrx_word' id='word_1_89' title='bbox 669 1213 706 1238; x_wconf 82' lang='lat' dir='ltr'>et</span> <span class='ocrx_word' id='word_1_90' title='bbox 752 1203 938 1239; x_wconf 73' lang='lat' dir='ltr'><em>Theocriti</em></span> <span class='ocrx_word' id='word_1_91' title='bbox 975 1206 1041 1254; x_wconf 84' lang='lat' dir='ltr'>qui</span> <span class='ocrx_word' id='word_1_92' title='bbox 1079 1206 1230 1240; x_wconf 57' lang='lat' dir='ltr'>Homeri</span> <span class='ocrx_word' id='word_1_93' title='bbox 1268 1215 1344 1236; x_wconf 76' lang='grc' dir='ltr'>71οη</span> <span class='ocrx_word' id='word_1_94' title='bbox 1369 1200 1527 1248; x_wconf 69' lang='lat' dir='ltr'>fuerint·</span> <span class='ocrx_word' id='word_1_95' title='bbox 1572 1204 1662 1249; x_wconf 71' lang='lat' dir='ltr'>quin</span> 
     </span>
     <span class='ocr_line' id='line_1_14' title="bbox 314 1257 1661 1307; baseline -0.001 -14"><span class='ocrx_word' id='word_1_96' title='bbox 314 1272 405 1294; x_wconf 81' lang='lat' dir='ltr'>cum</span> <span class='ocrx_word' id='word_1_97' title='bbox 435 1258 524 1296; x_wconf 80' lang='lat' dir='ltr'>Ald.</span> <span class='ocrx_word' id='word_1_98' title='bbox 559 1269 596 1294; x_wconf 86' lang='lat' dir='ltr'>et</span> <span class='ocrx_word' id='word_1_99' title='bbox 627 1257 717 1306; x_wconf 81' lang='lat' dir='ltr'>aliq.</span> <span class='ocrx_word' id='word_1_100' title='bbox 748 1272 806 1307; x_wconf 85' lang='lat' dir='ltr'>ap.</span> <span class='ocrx_word' id='word_1_101' title='bbox 838 1262 975 1296; x_wconf 87' lang='lat' dir='ltr'>Burm.</span> <span class='ocrx_word' id='word_1_102' title='bbox 1034 1261 1175 1299; x_wconf 85' lang='lat' dir='ltr'>Veram</span> <span class='ocrx_word' id='word_1_103' title='bbox 1199 1257 1426 1306; x_wconf 79' lang='lat' dir='ltr'>[cripturam</span> <span class='ocrx_word' id='word_1_104' title='bbox 1456 1257 1554 1295; x_wconf 81' lang='lat' dir='ltr'>Jens.</span> <span class='ocrx_word' id='word_1_105' title='bbox 1580 1258 1661 1306; x_wconf 80' lang='lat' dir='ltr'>pri-</span> 
     </span>
     <span class='ocr_line' id='line_1_15' title="bbox 314 1312 1664 1365; baseline 0.001 -17"><span class='ocrx_word' id='word_1_106' title='bbox 314 1325 401 1348; x_wconf 78' lang='lat' dir='ltr'>mus</span> <span class='ocrx_word' id='word_1_107' title='bbox 433 1314 604 1354; x_wconf 76' lang='lat' dir='ltr'>exhibet,</span> <span class='ocrx_word' id='word_1_108' title='bbox 635 1315 709 1350; x_wconf 82' lang='lat' dir='ltr'>nisi</span> <span class='ocrx_word' id='word_1_109' title='bbox 741 1316 848 1363; x_wconf 87' lang='lat' dir='ltr'>quod</span> <span class='ocrx_word' id='word_1_110' title='bbox 883 1318 1040 1365; x_wconf 66' lang='lat' dir='ltr'>Ty1·rei;</span> <span class='ocrx_word' id='word_1_111' title='bbox 1069 1327 1199 1352; x_wconf 78' lang='lat' dir='ltr'>veram</span> <span class='ocrx_word' id='word_1_112' title='bbox 1219 1324 1349 1349; x_wconf 85' lang='lat' dir='ltr'>autem</span> <span class='ocrx_word' id='word_1_113' title='bbox 1375 1312 1664 1350; x_wconf 84' lang='lat' dir='ltr'>distinctionem</span> 
     </span>
     <span class='ocr_line' id='line_1_16' title="bbox 313 1368 1663 1421; baseline 0.001 -18"><span class='ocrx_word' id='word_1_114' title='bbox 313 1368 429 1404; x_wconf 74' lang='lat' dir='ltr'><strong>Bad.:</strong></span> <span class='ocrx_word' id='word_1_115' title='bbox 462 1379 508 1404; x_wconf 87' lang='lat' dir='ltr'>ut</span> <span class='ocrx_word' id='word_1_116' title='bbox 536 1371 693 1407; x_wconf 83' lang='lat' dir='ltr'>mireris</span> <span class='ocrx_word' id='word_1_117' title='bbox 724 1373 992 1408; x_wconf 84' lang='lat' dir='ltr'>Burmannum</span> <span class='ocrx_word' id='word_1_118' title='bbox 1023 1374 1092 1408; x_wconf 74' lang='lat' dir='ltr'>alia</span> <span class='ocrx_word' id='word_1_119' title='bbox 1123 1381 1347 1408; x_wconf 82' lang='lat' dir='ltr'>tentantem.</span> <span class='ocrx_word' id='word_1_120' title='bbox 1515 1373 1578 1421; x_wconf 83' lang='lat' dir='ltr'>qui</span> <span class='ocrx_word' id='word_1_121' title='bbox 1608 1372 1663 1406; x_wconf 83' lang='lat' dir='ltr'>ni-</span> 
     </span>
     <span class='ocr_line' id='line_1_17' title="bbox 312 1423 1661 1477; baseline 0.003 -17"><span class='ocrx_word' id='word_1_122' title='bbox 312 1427 389 1460; x_wconf 85' lang='lat' dir='ltr'>mio</span> <span class='ocrx_word' id='word_1_123' title='bbox 422 1423 550 1461; x_wconf 81' lang='lat' dir='ltr'>Guelf.</span> <span class='ocrx_word' id='word_1_124' title='bbox 634 1428 820 1464; x_wconf 80' lang='lat' dir='ltr'>hominem</span> <span class='ocrx_word' id='word_1_125' title='bbox 850 1429 954 1466; x_wconf 86' lang='lat' dir='ltr'>Flor.</span> <span class='ocrx_word' id='word_1_126' title='bbox 1030 1441 1145 1476; x_wconf 81' lang='lat' dir='ltr'>eoque</span> <span class='ocrx_word' id='word_1_127' title='bbox 1176 1427 1310 1464; x_wconf 86' lang='lat' dir='ltr'>Turic.</span> <span class='ocrx_word' id='word_1_128' title='bbox 1380 1425 1496 1477; x_wconf 67' lang='lat' dir='ltr'>fuiffe</span> <span class='ocrx_word' id='word_1_129' title='bbox 1525 1427 1661 1465; x_wconf 76' lang='lat' dir='ltr'>Turio.</span> 
     </span>
     <span class='ocr_line' id='line_1_18' title="bbox 312 1480 1662 1535; baseline 0.001 -18"><span class='ocrx_word' id='word_1_130' title='bbox 312 1481 420 1521; x_wconf 87' lang='lat' dir='ltr'>Flor.</span> <span class='ocrx_word' id='word_1_131' title='bbox 452 1480 582 1519; x_wconf 82' lang='lat' dir='ltr'>Guelf.</span> <span class='ocrx_word' id='word_1_132' title='bbox 818 1488 856 1521; x_wconf 83' lang='lat' dir='ltr'>hi</span> <span class='ocrx_word' id='word_1_133' title='bbox 890 1485 974 1535; x_wconf 86' lang='lat' dir='ltr'>ipsi.</span> <span class='ocrx_word' id='word_1_134' title='bbox 1013 1484 1077 1519; x_wconf 82' lang='lat' dir='ltr'>Sic</span> <span class='ocrx_word' id='word_1_135' title='bbox 1108 1484 1241 1519; x_wconf 82' lang='lat' dir='ltr'>Turic.</span> <span class='ocrx_word' id='word_1_136' title='bbox 1277 1482 1407 1520; x_wconf 82' lang='lat' dir='ltr'>Guelf.</span> <span class='ocrx_word' id='word_1_137' title='bbox 1439 1485 1572 1533; x_wconf 78' lang='lat' dir='ltr'>Camp.</span> <span class='ocrx_word' id='word_1_138' title='bbox 1631 1486 1662 1519; x_wconf 73' lang='lat' dir='ltr'>iz·</span> 
     </span>
     <span class='ocr_line' id='line_1_19' title="bbox 311 1538 1661 1591; baseline 0.002 -18"><span class='ocrx_word' id='word_1_139' title='bbox 311 1538 385 1587; x_wconf 79' lang='lat' dir='ltr'>ipsi</span> <span class='ocrx_word' id='word_1_140' title='bbox 413 1538 561 1587; x_wconf 80' lang='lat' dir='ltr'>reliqui</span> <span class='ocrx_word' id='word_1_141' title='bbox 588 1552 740 1587; x_wconf 79' lang='lat' dir='ltr'>praeter</span> <span class='ocrx_word' id='word_1_142' title='bbox 769 1543 870 1580; x_wconf 80' lang='lat' dir='ltr'>Jens.</span> <span class='ocrx_word' id='word_1_143' title='bbox 899 1554 938 1579; x_wconf 83' lang='lat' dir='ltr'>et</span> <span class='ocrx_word' id='word_1_144' title='bbox 962 1539 1056 1589; x_wconf 87' lang='lat' dir='ltr'>post.</span> <span class='ocrx_word' id='word_1_145' title='bbox 1088 1551 1174 1576; x_wconf 86' lang='lat' dir='ltr'>ante</span> <span class='ocrx_word' id='word_1_146' title='bbox 1193 1539 1282 1577; x_wconf 83' lang='lat' dir='ltr'>Ald.</span> <span class='ocrx_word' id='word_1_147' title='bbox 1315 1541 1387 1589; x_wconf 83' lang='lat' dir='ltr'>qui</span> <span class='ocrx_word' id='word_1_148' title='bbox 1415 1541 1507 1577; x_wconf 82' lang='lat' dir='ltr'>dant</span> <span class='ocrx_word' id='word_1_149' title='bbox 1539 1543 1569 1576; x_wconf 78' lang='lat' dir='ltr'>ii</span> <span class='ocrx_word' id='word_1_150' title='bbox 1595 1543 1661 1591; x_wconf 79' lang='lat' dir='ltr'>qui</span> 
     </span>
     <span class='ocr_line' id='line_1_20' title="bbox 310 1594 1659 1646; baseline 0.002 -16"><span class='ocrx_word' id='word_1_151' title='bbox 310 1594 385 1642; x_wconf 74' lang='lat' dir='ltr'>ipsi</span> <span class='ocrx_word' id='word_1_152' title='bbox 405 1594 508 1644; x_wconf 79' lang='lat' dir='ltr'>sunt.</span> <span class='ocrx_word' id='word_1_153' title='bbox 569 1597 645 1631; x_wconf 87' lang='lat' dir='ltr'>Sed</span> <span class='ocrx_word' id='word_1_154' title='bbox 675 1612 742 1645; x_wconf 80' lang='lat' dir='ltr'>que</span> <span class='ocrx_word' id='word_1_155' title='bbox 759 1597 851 1646; x_wconf 76' lang='lat' dir='ltr'>sunt</span> <span class='ocrx_word' id='word_1_156' title='bbox 881 1599 982 1635; x_wconf 78' lang='lat' dir='ltr'>Flor.</span> <span class='ocrx_word' id='word_1_157' title='bbox 1033 1595 1124 1645; x_wconf 85' lang='lat' dir='ltr'>sunt</span> <span class='ocrx_word' id='word_1_158' title='bbox 1155 1610 1233 1633; x_wconf 87' lang='lat' dir='ltr'>om.</span> <span class='ocrx_word' id='word_1_159' title='bbox 1267 1596 1398 1632; x_wconf 85' lang='lat' dir='ltr'>Guelf.</span> <span class='ocrx_word' id='word_1_160' title='bbox 1603 1598 1659 1633; x_wconf 87' lang='lat' dir='ltr'>lu-</span> 
     </span>
     <span class='ocr_line' id='line_1_21' title="bbox 311 1650 1654 1700; baseline 0.002 -16"><span class='ocrx_word' id='word_1_161' title='bbox 311 1655 425 1687; x_wconf 78' lang='lat' dir='ltr'>cretio</span> <span class='ocrx_word' id='word_1_162' title='bbox 455 1650 561 1688; x_wconf 86' lang='lat' dir='ltr'>Flor.</span> <span class='ocrx_word' id='word_1_163' title='bbox 677 1664 742 1688; x_wconf 80' lang='lat' dir='ltr'>aut</span> <span class='ocrx_word' id='word_1_164' title='bbox 779 1656 955 1689; x_wconf 69' lang='lat' dir='ltr'><em>Macrum</em></span> <span class='ocrx_word' id='word_1_165' title='bbox 986 1653 1114 1688; x_wconf 87' lang='lat' dir='ltr'>Guelf.</span> <span class='ocrx_word' id='word_1_166' title='bbox 1174 1666 1217 1687; x_wconf 89' lang='lat' dir='ltr'>ac</span> <span class='ocrx_word' id='word_1_167' title='bbox 1244 1654 1424 1687; x_wconf 79' lang='lat' dir='ltr'>Marcum</span> <span class='ocrx_word' id='word_1_168' title='bbox 1455 1655 1589 1700; x_wconf 81' lang='lat' dir='ltr'><strong>Camp.</strong></span> <span class='ocrx_word' id='word_1_169' title='bbox 1619 1667 1654 1689; x_wconf 83' lang='lat' dir='ltr'>c.</span> 
     </span>
     <span class='ocr_line' id='line_1_22' title="bbox 308 1706 1654 1758; baseline 0.001 -16"><span class='ocrx_word' id='word_1_170' title='bbox 308 1707 415 1744; x_wconf 86' lang='lat' dir='ltr'>Voff.</span> <span class='ocrx_word' id='word_1_171' title='bbox 447 1717 484 1743; x_wconf 86' lang='lat'>2.</span> <span class='ocrx_word' id='word_1_172' title='bbox 716 1724 781 1744; x_wconf 85' lang='lat' dir='ltr'>nec</span> <span class='ocrx_word' id='word_1_173' title='bbox 807 1707 901 1758; x_wconf 69' lang='lat' dir='ltr'>post.</span> <span class='ocrx_word' id='word_1_174' title='bbox 958 1710 1021 1743; x_wconf 85' lang='lat' dir='ltr'>Sic</span> <span class='ocrx_word' id='word_1_175' title='bbox 1051 1709 1184 1744; x_wconf 87' lang='lat' dir='ltr'>Turic.</span> <span class='ocrx_word' id='word_1_176' title='bbox 1215 1706 1322 1742; x_wconf 81' lang='lat' dir='ltr'>Flor.</span> <span class='ocrx_word' id='word_1_177' title='bbox 1353 1708 1481 1744; x_wconf 86' lang='lat' dir='ltr'>Guelf.</span> <span class='ocrx_word' id='word_1_178' title='bbox 1516 1709 1654 1758; x_wconf 81' lang='lat' dir='ltr'>Camp.</span> 
     </span>
     <span class='ocr_line' id='line_1_23' title="bbox 309 1763 1659 1814; baseline 0.001 -14"><span class='ocrx_word' id='word_1_179' title='bbox 309 1764 430 1802; x_wconf 87' lang='lat' dir='ltr'>Goth.</span> <span class='ocrx_word' id='word_1_180' title='bbox 460 1765 559 1803; x_wconf 81' lang='lat' dir='ltr'>Jens-</span> <span class='ocrx_word' id='word_1_181' title='bbox 590 1765 689 1809; x_wconf 80' lang='lat' dir='ltr'>(tac-</span> <span class='ocrx_word' id='word_1_182' title='bbox 722 1767 862 1812; x_wconf 87' lang='lat' dir='ltr'>Gesn.)</span> <span class='ocrx_word' id='word_1_183' title='bbox 906 1775 943 1800; x_wconf 92' lang='lat' dir='ltr'>et</span> <span class='ocrx_word' id='word_1_184' title='bbox 971 1764 1068 1813; x_wconf 83' lang='lat' dir='ltr'><strong>post.</strong></span> <span class='ocrx_word' id='word_1_185' title='bbox 1099 1775 1186 1799; x_wconf 82' lang='lat' dir='ltr'>ante</span> <span class='ocrx_word' id='word_1_186' title='bbox 1220 1763 1372 1813; x_wconf 82' lang='lat' dir='ltr'>Gryph.</span> <span class='ocrx_word' id='word_1_187' title='bbox 1432 1778 1547 1813; x_wconf 85' lang='lat' dir='ltr'>neque</span> <span class='ocrx_word' id='word_1_188' title='bbox 1575 1763 1659 1814; x_wconf 75' lang='lat' dir='ltr'><em>post·</em></span> 
     </span>
     <span class='ocr_line' id='line_1_24' title="bbox 306 1819 1662 1871; baseline 0 -16"><span class='ocrx_word' id='word_1_189' title='bbox 306 1819 467 1870; x_wconf 72' lang='lat' dir='ltr'>reliqui.</span> <span class='ocrx_word' id='word_1_190' title='bbox 638 1824 837 1858; x_wconf 83' lang='lat' dir='ltr'><em>ciceronem</em></span> <span class='ocrx_word' id='word_1_191' title='bbox 857 1821 929 1871; x_wconf 83' lang='lat' dir='ltr'>sed</span> <span class='ocrx_word' id='word_1_192' title='bbox 959 1821 1096 1857; x_wconf 83' lang='lat' dir='ltr'>Turic.</span> <span class='ocrx_word' id='word_1_193' title='bbox 1130 1819 1237 1857; x_wconf 83' lang='lat' dir='ltr'>Flor.</span> <span class='ocrx_word' id='word_1_194' title='bbox 1404 1819 1474 1870; x_wconf 83' lang='lat' dir='ltr'>sed</span> <span class='ocrx_word' id='word_1_195' title='bbox 1504 1835 1569 1857; x_wconf 80' lang='lat' dir='ltr'>nec</span> <span class='ocrx_word' id='word_1_196' title='bbox 1600 1822 1662 1856; x_wconf 65' lang='lat' dir='ltr'>illa·</span> 
     </span>
    </p>
   </div>
   <div class='ocr_carea' id='block_1_6' title="bbox 304 1978 952 2088">
    <p class='ocr_par' dir='ltr' id='par_1_6' title="bbox 304 1978 952 2088">
     <span class='ocr_line' id='line_1_25' title="bbox 362 1978 952 2029; baseline 0.003 -14"><span class='ocrx_word' id='word_1_197' title='bbox 362 1989 427 2022; x_wconf 84' lang='lat'>27.</span> <span class='ocrx_word' id='word_1_198' title='bbox 449 1978 521 2029; x_wconf 81' lang='lat' dir='ltr'>sed</span> <span class='ocrx_word' id='word_1_199' title='bbox 541 1994 606 2017; x_wconf 78' lang='lat' dir='ltr'>nec</span> <span class='ocrx_word' id='word_1_200' title='bbox 625 1982 695 2017; x_wconf 79' lang='lat' dir='ltr'>alii</span> <span class='ocrx_word' id='word_1_201' title='bbox 710 1979 839 2029; x_wconf 80' lang='lat' dir='ltr'>postea</span> <span class='ocrx_word' id='word_1_202' title='bbox 856 1982 952 2018; x_wconf 77' lang='lat' dir='ltr'>vice-</span> 
     </span>
     <span class='ocr_line' id='line_1_26' title="bbox 304 2038 951 2088; baseline 0.003 -17"><span class='ocrx_word' id='word_1_203' title='bbox 304 2038 393 2072; x_wconf 83' lang='lat' dir='ltr'>rint.</span> <span class='ocrx_word' id='word_1_204' title='bbox 453 2038 559 2073; x_wconf 77' lang='lat' dir='ltr'>Haec</span> <span class='ocrx_word' id='word_1_205' title='bbox 580 2049 762 2088; x_wconf 83' lang='lat' dir='ltr'>corrupta</span> <span class='ocrx_word' id='word_1_206' title='bbox 786 2039 857 2073; x_wconf 74' lang='lat' dir='ltr'>eII&#39;e</span> <span class='ocrx_word' id='word_1_207' title='bbox 876 2038 951 2073; x_wconf 87' lang='lat' dir='ltr'>mi·</span> 
     </span>
    </p>
   </div>
   <div class='ocr_carea' id='block_1_7' title="bbox 1009 1979 1656 2085">
    <p class='ocr_par' dir='ltr' id='par_1_7' title="bbox 1009 1979 1656 2085">
     <span class='ocr_line' id='line_1_27' title="bbox 1010 1979 1656 2028; baseline 0.003 -14"><span class='ocrx_word' id='word_1_208' title='bbox 1010 1993 1114 2019; x_wconf 84' lang='lat' dir='ltr'>cero,</span> <span class='ocrx_word' id='word_1_209' title='bbox 1161 1988 1368 2027; x_wconf 85' lang='lat' dir='ltr'><strong>menteque</strong></span> <span class='ocrx_word' id='word_1_210' title='bbox 1400 1979 1656 2028; x_wconf 80' lang='lat' dir='ltr'>repetendum</span> 
     </span>
     <span class='ocr_line' id='line_1_28' title="bbox 1009 2034 1656 2085; baseline 0.002 -14"><span class='ocrx_word' id='word_1_211' title='bbox 1009 2037 1170 2085; x_wconf 81' lang='lat' dir='ltr'>optimus</span> <span class='ocrx_word' id='word_1_212' title='bbox 1194 2049 1269 2072; x_wconf 83' lang='lat' dir='ltr'>non</span> <span class='ocrx_word' id='word_1_213' title='bbox 1287 2034 1425 2085; x_wconf 76' lang='lat' dir='ltr'>fuzffet.</span> <span class='ocrx_word' id='word_1_214' title='bbox 1455 2040 1512 2072; x_wconf 82' lang='lat' dir='ltr'>Ita</span> <span class='ocrx_word' id='word_1_215' title='bbox 1535 2037 1656 2079; x_wconf 76' lang='lat' dir='ltr'>verba</span> 
     </span>
    </p>
   </div>
   <div class='ocr_carea' id='block_1_8' title="bbox 304 2091 1655 2141">
    <p class='ocr_par' dir='ltr' id='par_1_8' title="bbox 304 2091 1655 2141">
     <span class='ocr_line' id='line_1_29' title="bbox 304 2091 1655 2141; baseline 0.001 -14"><span class='ocrx_word' id='word_1_216' title='bbox 304 2105 395 2129; x_wconf 80' lang='lat' dir='ltr'>:rum</span> <span class='ocrx_word' id='word_1_217' title='bbox 419 2103 478 2129; x_wconf 86' lang='lat' dir='ltr'>tot</span> <span class='ocrx_word' id='word_1_218' title='bbox 498 2094 608 2131; x_wconf 83' lang='lat' dir='ltr'>viros</span> <span class='ocrx_word' id='word_1_219' title='bbox 631 2095 767 2130; x_wconf 85' lang='lat' dir='ltr'>doctos</span> <span class='ocrx_word' id='word_1_220' title='bbox 792 2108 874 2130; x_wconf 89' lang='lat' dir='ltr'>non</span> <span class='ocrx_word' id='word_1_221' title='bbox 892 2096 953 2131; x_wconf 83' lang='lat' dir='ltr'>vi·</span> <span class='ocrx_word' id='word_1_222' title='bbox 1001 2091 1072 2141; x_wconf 76' lang='lat' dir='ltr'>secl</span> <span class='ocrx_word' id='word_1_223' title='bbox 1094 2113 1148 2121; x_wconf 87' lang='lat'>-·</span> <span class='ocrx_word' id='word_1_224' title='bbox 1168 2094 1322 2129; x_wconf 77' lang='lat' dir='ltr'>vicerint</span> <span class='ocrx_word' id='word_1_225' title='bbox 1351 2094 1528 2128; x_wconf 81' lang='lat' dir='ltr'>futurum</span> <span class='ocrx_word' id='word_1_226' title='bbox 1559 2103 1655 2128; x_wconf 83' lang='lat' dir='ltr'>tem·</span> 
     </span>
    </p>
   </div>
   <div class='ocr_carea' id='block_1_9' title="bbox 299 2149 951 2759">
    <p class='ocr_par' dir='ltr' id='par_1_9' title="bbox 299 2149 951 2759">
     <span class='ocr_line' id='line_1_30' title="bbox 304 2149 951 2191; baseline 0.006 -8"><span class='ocrx_word' id='word_1_227' title='bbox 304 2149 411 2191; x_wconf 82' lang='lat' dir='ltr'>diffe,</span> <span class='ocrx_word' id='word_1_228' title='bbox 444 2160 544 2186; x_wconf 81' lang='lat' dir='ltr'>certe</span> <span class='ocrx_word' id='word_1_229' title='bbox 565 2164 645 2186; x_wconf 88' lang='lat' dir='ltr'>non</span> <span class='ocrx_word' id='word_1_230' title='bbox 669 2151 817 2187; x_wconf 76' lang='lat' dir='ltr'>dixiffe.</span> <span class='ocrx_word' id='word_1_231' title='bbox 846 2152 951 2187; x_wconf 84' lang='lat' dir='ltr'>Nam</span> 
     </span>
     <span class='ocr_line' id='line_1_31' title="bbox 303 2207 951 2244; baseline 0.005 -3"><span class='ocrx_word' id='word_1_232' title='bbox 303 2207 333 2241; x_wconf 83' lang='lat' dir='ltr'>fi</span> <span class='ocrx_word' id='word_1_233' title='bbox 363 2207 529 2242; x_wconf 82' lang='lat' dir='ltr'>verbum</span> <span class='ocrx_word' id='word_1_234' title='bbox 558 2209 713 2243; x_wconf 75' lang='lat' dir='ltr'>vicerint</span> <span class='ocrx_word' id='word_1_235' title='bbox 741 2219 951 2244; x_wconf 76' lang='lat' dir='ltr'>commune</span> 
     </span>
     <span class='ocr_line' id='line_1_32' title="bbox 304 2262 949 2312; baseline 0.002 -14"><span class='ocrx_word' id='word_1_236' title='bbox 304 2262 354 2298; x_wconf 85' lang='lat' dir='ltr'>est</span> <span class='ocrx_word' id='word_1_237' title='bbox 419 2264 741 2312; x_wconf 75' lang='lat' dir='ltr'>praecedentibus</span> <span class='ocrx_word' id='word_1_238' title='bbox 809 2264 949 2305; x_wconf 86' lang='lat' dir='ltr'>etiam;</span> 
     </span>
     <span class='ocr_line' id='line_1_33' title="bbox 303 2319 950 2368; baseline 0 -12"><span class='ocrx_word' id='word_1_239' title='bbox 303 2319 432 2367; x_wconf 82' lang='lat' dir='ltr'>quid?</span> <span class='ocrx_word' id='word_1_240' title='bbox 463 2320 683 2356; x_wconf 80' lang='lat' dir='ltr'>vicerintne</span> <span class='ocrx_word' id='word_1_241' title='bbox 709 2334 855 2362; x_wconf 74' lang='lat' dir='ltr'>revera,</span> <span class='ocrx_word' id='word_1_242' title='bbox 888 2323 950 2368; x_wconf 83' lang='lat' dir='ltr'>ju·</span> 
     </span>
     <span class='ocr_line' id='line_1_34' title="bbox 302 2375 950 2425; baseline 0.005 -15"><span class='ocrx_word' id='word_1_243' title='bbox 302 2375 388 2412; x_wconf 84' lang='lat' dir='ltr'>dice</span> <span class='ocrx_word' id='word_1_244' title='bbox 420 2376 677 2424; x_wconf 82' lang='lat' dir='ltr'>Quintiliano,</span> <span class='ocrx_word' id='word_1_245' title='bbox 711 2376 832 2425; x_wconf 81' lang='lat' dir='ltr'>aliqui</span> <span class='ocrx_word' id='word_1_246' title='bbox 860 2379 950 2415; x_wconf 80' lang='lat' dir='ltr'>Vir·</span> 
     </span>
     <span class='ocr_line' id='line_1_35' title="bbox 299 2431 949 2480; baseline 0.008 -15"><span class='ocrx_word' id='word_1_247' title='bbox 299 2431 443 2480; x_wconf 85' lang='lat' dir='ltr'>gilium</span> <span class='ocrx_word' id='word_1_248' title='bbox 482 2444 520 2469; x_wconf 88' lang='lat' dir='ltr'>et</span> <span class='ocrx_word' id='word_1_249' title='bbox 550 2432 813 2469; x_wconf 81' lang='lat' dir='ltr'>Ciceronem?</span> <span class='ocrx_word' id='word_1_250' title='bbox 873 2434 949 2470; x_wconf 80' lang='lat' dir='ltr'>Sed</span> 
     </span>
     <span class='ocr_line' id='line_1_36' title="bbox 299 2489 949 2540; baseline 0.006 -17"><span class='ocrx_word' id='word_1_251' title='bbox 299 2502 347 2524; x_wconf 80' lang='lat' dir='ltr'>ne</span> <span class='ocrx_word' id='word_1_252' title='bbox 360 2500 464 2525; x_wconf 84' lang='lat' dir='ltr'>reete</span> <span class='ocrx_word' id='word_1_253' title='bbox 479 2490 640 2538; x_wconf 85' lang='lat' dir='ltr'>quidem</span> <span class='ocrx_word' id='word_1_254' title='bbox 662 2489 757 2526; x_wconf 86' lang='lat' dir='ltr'>haec</span> <span class='ocrx_word' id='word_1_255' title='bbox 777 2491 949 2540; x_wconf 79' lang='lat' dir='ltr'>jungun-</span> 
     </span>
     <span class='ocr_line' id='line_1_37' title="bbox 300 2546 949 2596; baseline 0.003 -16"><span class='ocrx_word' id='word_1_256' title='bbox 300 2555 364 2580; x_wconf 78' lang='lat' dir='ltr'>tur</span> <span class='ocrx_word' id='word_1_257' title='bbox 392 2560 502 2587; x_wconf 87' lang='lat' dir='ltr'>„non</span> <span class='ocrx_word' id='word_1_258' title='bbox 529 2546 705 2587; x_wconf 78' lang='lat' dir='ltr'>fuiffent,</span> <span class='ocrx_word' id='word_1_259' title='bbox 747 2561 874 2596; x_wconf 84' lang='lat' dir='ltr'>neque</span> <span class='ocrx_word' id='word_1_260' title='bbox 893 2567 949 2575; x_wconf 88' lang='lat'>—</span> 
     </span>
     <span class='ocr_line' id='line_1_38' title="bbox 302 2603 949 2653; baseline 0.006 -17"><span class='ocrx_word' id='word_1_261' title='bbox 302 2603 539 2641; x_wconf 75' lang='lat' dir='ltr'>‚‚vice1·int.“</span> <span class='ocrx_word' id='word_1_262' title='bbox 596 2603 723 2651; x_wconf 77' lang='lat' dir='ltr'>Quare</span> <span class='ocrx_word' id='word_1_263' title='bbox 742 2603 832 2645; x_wconf 84' lang='lat' dir='ltr'><strong>hoc,</strong></span> <span class='ocrx_word' id='word_1_264' title='bbox 864 2606 949 2653; x_wconf 85' lang='lat' dir='ltr'>opi-</span> 
     </span>
     <span class='ocr_line' id='line_1_39' title="bbox 301 2659 949 2700; baseline 0.008 -8"><span class='ocrx_word' id='word_1_265' title='bbox 301 2671 399 2700; x_wconf 81' lang='lat' dir='ltr'>nor,</span> <span class='ocrx_word' id='word_1_266' title='bbox 431 2670 580 2695; x_wconf 86' lang='lat' dir='ltr'>certum</span> <span class='ocrx_word' id='word_1_267' title='bbox 615 2659 682 2700; x_wconf 80' lang='lat' dir='ltr'>est,</span> <span class='ocrx_word' id='word_1_268' title='bbox 723 2661 949 2697; x_wconf 86' lang='lat' dir='ltr'>sententiam</span> 
     </span>
     <span class='ocr_line' id='line_1_40' title="bbox 304 2714 947 2759; baseline 0.009 -10"><span class='ocrx_word' id='word_1_269' title='bbox 304 2714 510 2755; x_wconf 67' lang='lat' dir='ltr'>absolutam</span> <span class='ocrx_word' id='word_1_270' title='bbox 541 2716 612 2759; x_wconf 76' lang='lat' dir='ltr'>effe</span> <span class='ocrx_word' id='word_1_271' title='bbox 640 2715 682 2753; x_wconf 83' lang='lat' dir='ltr'>in</span> <span class='ocrx_word' id='word_1_272' title='bbox 707 2717 866 2755; x_wconf 68' lang='lat' dir='ltr'>nomine</span> <span class='ocrx_word' id='word_1_273' title='bbox 888 2721 947 2758; x_wconf 88' lang='lat' dir='ltr'>Ci-</span> 
     </span>
    </p>
   </div>
   <div class='ocr_carea' id='block_1_10' title="bbox 1002 2148 1652 2706">
    <p class='ocr_par' dir='ltr' id='par_1_10' title="bbox 1002 2148 1652 2706">
     <span class='ocr_line' id='line_1_41' title="bbox 1008 2148 1652 2199; baseline 0 -14"><span class='ocrx_word' id='word_1_274' title='bbox 1008 2162 1080 2197; x_wconf 84' lang='lat' dir='ltr'>pus</span> <span class='ocrx_word' id='word_1_275' title='bbox 1110 2151 1291 2199; x_wconf 83' lang='lat' dir='ltr'>[pectent.</span> <span class='ocrx_word' id='word_1_276' title='bbox 1358 2150 1410 2184; x_wconf 72' lang='lat' dir='ltr'>At</span> <span class='ocrx_word' id='word_1_277' title='bbox 1434 2148 1501 2183; x_wconf 83' lang='lat' dir='ltr'>hic</span> <span class='ocrx_word' id='word_1_278' title='bbox 1528 2149 1652 2185; x_wconf 75' lang='lat' dir='ltr'>sensus</span> 
     </span>
     <span class='ocr_line' id='line_1_42' title="bbox 1007 2202 1651 2254; baseline 0 -13"><span class='ocrx_word' id='word_1_279' title='bbox 1007 2206 1271 2254; x_wconf 80' lang='lat' dir='ltr'>superioribus</span> <span class='ocrx_word' id='word_1_280' title='bbox 1320 2218 1391 2254; x_wconf 77' lang='lat' dir='ltr'>per</span> <span class='ocrx_word' id='word_1_281' title='bbox 1427 2202 1500 2253; x_wconf 80' lang='lat' dir='ltr'>sed</span> <span class='ocrx_word' id='word_1_282' title='bbox 1539 2204 1651 2241; x_wconf 86' lang='lat' dir='ltr'>nullo</span> 
     </span>
     <span class='ocr_line' id='line_1_43' title="bbox 1006 2260 1652 2310; baseline 0.002 -14"><span class='ocrx_word' id='word_1_283' title='bbox 1006 2264 1127 2298; x_wconf 88' lang='lat' dir='ltr'>modo</span> <span class='ocrx_word' id='word_1_284' title='bbox 1151 2262 1303 2297; x_wconf 87' lang='lat' dir='ltr'>annecti</span> <span class='ocrx_word' id='word_1_285' title='bbox 1320 2271 1483 2310; x_wconf 81' lang='lat' dir='ltr'>poterat.</span> <span class='ocrx_word' id='word_1_286' title='bbox 1513 2260 1652 2297; x_wconf 88' lang='lat' dir='ltr'>Solum</span> 
     </span>
     <span class='ocr_line' id='line_1_44' title="bbox 1007 2317 1652 2359; baseline 0.002 -6"><span class='ocrx_word' id='word_1_287' title='bbox 1007 2332 1072 2353; x_wconf 78' lang='lat' dir='ltr'>nec</span> <span class='ocrx_word' id='word_1_288' title='bbox 1094 2318 1226 2354; x_wconf 89' lang='lat' dir='ltr'>locum</span> <span class='ocrx_word' id='word_1_289' title='bbox 1251 2317 1432 2359; x_wconf 58' lang='lat' dir='ltr'>haberem</span> <span class='ocrx_word' id='word_1_290' title='bbox 1494 2329 1531 2353; x_wconf 88' lang='lat' dir='ltr'>et</span> <span class='ocrx_word' id='word_1_291' title='bbox 1559 2330 1652 2354; x_wconf 87' lang='lat' dir='ltr'>cum</span> 
     </span>
     <span class='ocr_line' id='line_1_45' title="bbox 1005 2373 1649 2423; baseline 0 -14"><span class='ocrx_word' id='word_1_292' title='bbox 1005 2373 1100 2410; x_wconf 81' lang='lat' dir='ltr'>haec</span> <span class='ocrx_word' id='word_1_293' title='bbox 1122 2387 1169 2410; x_wconf 85' lang='lat' dir='ltr'>ex</span> <span class='ocrx_word' id='word_1_294' title='bbox 1179 2385 1286 2423; x_wconf 80' lang='lat' dir='ltr'>parte</span> <span class='ocrx_word' id='word_1_295' title='bbox 1299 2374 1414 2409; x_wconf 83' lang='lat' dir='ltr'>effent</span> <span class='ocrx_word' id='word_1_296' title='bbox 1435 2374 1649 2411; x_wconf 82' lang='lat' dir='ltr'>conceden-</span> 
     </span>
     <span class='ocr_line' id='line_1_46' title="bbox 1006 2430 1650 2479; baseline 0.002 -14"><span class='ocrx_word' id='word_1_297' title='bbox 1006 2433 1078 2472; x_wconf 86' lang='lat' dir='ltr'>tis,</span> <span class='ocrx_word' id='word_1_298' title='bbox 1118 2431 1171 2466; x_wconf 83' lang='lat' dir='ltr'>ita</span> <span class='ocrx_word' id='word_1_299' title='bbox 1197 2431 1277 2466; x_wconf 82' lang='lat' dir='ltr'>fere</span> <span class='ocrx_word' id='word_1_300' title='bbox 1310 2431 1464 2467; x_wconf 75' lang='lat' dir='ltr'>dixiss&#39;et</span> <span class='ocrx_word' id='word_1_301' title='bbox 1493 2430 1650 2479; x_wconf 75' lang='lat' dir='ltr'>Quinti-</span> 
     </span>
     <span class='ocr_line' id='line_1_47' title="bbox 1004 2485 1651 2536; baseline 0 -15"><span class='ocrx_word' id='word_1_302' title='bbox 1004 2485 1151 2524; x_wconf 81' lang='lat' dir='ltr'>lianus:</span> <span class='ocrx_word' id='word_1_303' title='bbox 1183 2498 1247 2528; x_wconf 81' lang='lat' dir='ltr'>„et</span> <span class='ocrx_word' id='word_1_304' title='bbox 1265 2488 1314 2524; x_wconf 87' lang='grc'>[10</span> <span class='ocrx_word' id='word_1_305' title='bbox 1334 2489 1418 2523; x_wconf 83' lang='lat' dir='ltr'>saue</span> <span class='ocrx_word' id='word_1_306' title='bbox 1435 2500 1563 2536; x_wconf 85' lang='lat' dir='ltr'>neque</span> <span class='ocrx_word' id='word_1_307' title='bbox 1580 2486 1651 2526; x_wconf 73' lang='lat' dir='ltr'>alii</span> 
     </span>
     <span class='ocr_line' id='line_1_48' title="bbox 1002 2543 1650 2593; baseline -0.005 -13"><span class='ocrx_word' id='word_1_308' title='bbox 1002 2543 1160 2593; x_wconf 76' lang='lat' dir='ltr'>„postea</span> <span class='ocrx_word' id='word_1_309' title='bbox 1207 2544 1427 2581; x_wconf 79' lang='lat' dir='ltr'>vicermt.“</span> <span class='ocrx_word' id='word_1_310' title='bbox 1484 2543 1650 2584; x_wconf 73' lang='lat' dir='ltr'>Veriora</span> 
     </span>
     <span class='ocr_line' id='line_1_49' title="bbox 1005 2600 1650 2650; baseline -0.008 -11"><span class='ocrx_word' id='word_1_311' title='bbox 1005 2603 1134 2649; x_wconf 84' lang='lat' dir='ltr'>itaque</span> <span class='ocrx_word' id='word_1_312' title='bbox 1169 2614 1188 2636; x_wconf 89' lang='lat' dir='ltr'>e</span> <span class='ocrx_word' id='word_1_313' title='bbox 1218 2601 1425 2650; x_wconf 78' lang='lat' dir='ltr'>scripturae</span> <span class='ocrx_word' id='word_1_314' title='bbox 1464 2600 1650 2636; x_wconf 78' lang='lat' dir='ltr'>varietate</span> 
     </span>
     <span class='ocr_line' id='line_1_50' title="bbox 1007 2655 1651 2706; baseline -0.006 -12"><span class='ocrx_word' id='word_1_315' title='bbox 1007 2655 1265 2706; x_wconf 73' lang='lat' dir='ltr'>exculpenda:</span> <span class='ocrx_word' id='word_1_316' title='bbox 1327 2657 1434 2706; x_wconf 84' lang='lat' dir='ltr'>quod</span> <span class='ocrx_word' id='word_1_317' title='bbox 1463 2656 1566 2692; x_wconf 82' lang='lat' dir='ltr'>mihi</span> <span class='ocrx_word' id='word_1_318' title='bbox 1596 2666 1651 2691; x_wconf 81' lang='lat' dir='ltr'>ta-</span> 
     </span>
    </p>
   </div>
   <div class='ocr_carea' id='block_1_11' title="bbox 1002 2711 1652 2758">
    <p class='ocr_par' dir='ltr' id='par_1_11' title="bbox 1002 2711 1652 2758">
     <span class='ocr_line' id='line_1_51' title="bbox 1002 2711 1652 2758; baseline -0.009 -4"><span class='ocrx_word' id='word_1_319' title='bbox 1002 2728 1094 2754; x_wconf 82' lang='lat' dir='ltr'>men</span> <span class='ocrx_word' id='word_1_320' title='bbox 1125 2726 1207 2752; x_wconf 79' lang='lat' dir='ltr'>non</span> <span class='ocrx_word' id='word_1_321' title='bbox 1227 2713 1405 2754; x_wconf 78' lang='lat' dir='ltr'>succeffit.</span> <span class='ocrx_word' id='word_1_322' title='bbox 1461 2713 1550 2751; x_wconf 67' lang='lat' dir='ltr'>Nisi</span> <span class='ocrx_word' id='word_1_323' title='bbox 1581 2711 1652 2758; x_wconf 45' lang='lat' dir='ltr'>ob&lt;</span> 
     </span>
    </p>
   </div>
  </div>
 </body>
</html>
