1779 3062
357 160 522 204 INST.
568 157 848 204 ORATOR.
898 159 1021 203 Lm.
1067 158 1140 214 x,
1188 170 1233 202 1.
1417 164 1486 215 45

121 305 189 338 eo
225 287 469 343 materia,
530 286 754 334 alterum
793 283 1120 350 disponendi
1160 286 1368 335 ratione*
1401 282 1488 334 fu-

123 366 312 432 perari.
392 363 706 427 Apollonius
732 364 790 410 in
817 362 1062 410 ordinem
1086 380 1111 410 a
1133 364 1488 429 grammaticis

124 444 312 492 datum
337 459 449 491 non
474 441 650 498 venit,
691 440 817 504 quia
839 437 1170 489 Aristarchus
1194 451 1349 505 atque
1372 441 1490 488 Ari-

54 576 57 578 ,
123 518 434 587 stophanes‚
492 522 771 583 poetarum
812 515 1043 576 judices,
1093 519 1362 565 neminem
1408 516 1491 567 sui

123 597 379 662 temporis
401 595 459 644 in
479 611 766 643 numerum
789 592 1136 658 redegerunt:
1181 612 1291 643 non
1312 605 1490 643 tamen

126 671 581 724 contemnendum
628 670 799 719 edidit
848 688 987 736 opus
1020 671 1228 736 aequali
1261 672 1490 736 quadam

123 751 502 802 mediocritate.
582 749 748 798 Arati
780 748 997 797 materia
1037 759 1191 797 motu
1225 759 1390 807 caret,
1429 759 1490 798 ut
1515 763 1567 802 55

125 831 184 878 in
215 846 319 893 qua
348 828 501 876 nulla
533 828 787 883 varietas,
836 826 1023 874 nullus
1059 822 1298 883 affectus,
1338 827 1492 874 nulla

125 905 372 973 persona,
424 905 574 953 nulla
607 902 932 968 cujusquam'
962 901 1023 951 fit
1056 904 1256 953 oratio:
1302 901 1493 953 sufficit

208 1061 364 1106 judices.
421 1059 753 1104 Turic.judic1‘um
775 1071 863 1094 cum
883 1057 987 1093 Alm.
1037 1057 1110 1093 Sed
1131 1058 1238 1095 assec.
1266 1072 1317 1094 m.
1338 1059 1493 1103 juditio,

127 1129 166 1155 et
187 1120 234 1154 fic
257 1118 389 1165 Camp.
413 1117 485 1151 nisi
507 1116 614 1164 quod
643 1130 712 1164 per
735 1119 777 1153 C.
957 1115 1086 1150 edidit.
1121 1116 1254 1152 Turic.
1280 1115 1383 1151 Flor.
1408 1114 1495 1159 (hic

127 1190 148 1211 a
166 1189 225 1226 pr.
249 1176 324 1222 m.)
353 1175 476 1208 reddit
497 1186 585 1207 cum
613 1173 731 1209 Goth.
755 1174 860 1212 Voff.
878 1184 913 1210 2.
948 1172 1112 1207 reddidit
1133 1186 1179 1207 ex
1190 1172 1291 1208 Alm.
1321 1172 1496 1207 affertur.

215 1239 280 1275 55.
319 1233 507 1272 varietas,
535 1230 626 1266 null.
659 1229 724 1277 affi
757 1232 872 1267 nulla.
935 1229 1069 1266 Turic.
1105 1228 1211 1266 Flor.
1246 1229 1339 1271 (hic
1372 1242 1390 1263 a
1431 1241 1493 1278 pr.

127 1290 208 1332 m.)
255 1288 442 1323 omittunt
476 1300 564 1321 cum
588 1285 691 1322 Alm.
715 1288 813 1326 Jens.
845 1288 943 1333 (tac.
978 1286 1119 1328 Gesn.)
1151 1297 1189 1321 et
1220 1286 1305 1320 edd.
1331 1285 1494 1333 posterr.

129 1357 214 1382 ante
237 1344 323 1379 Ald.
561 1343 666 1377 nulla
685 1347 909 1391 cujusquam.
974 1343 1035 1378 Sic
1067 1343 1198 1377 Tus-ic.
1230 1342 1332 1378 Flor.
1366 1340 1494 1377 Guelf.

131 1404 228 1450 (nifi
270 1401 377 1449 quod
419 1401 652 1448 cujuspiam)
712 1402 846 1449 Camp.
890 1401 980 1446 (sed
1011 1398 1212 1447 cujusque)
1233 1407 1341 1437 scum
1375 1397 1495 1434 Goth.

129 1459 236 1498 Voff.
264 1469 299 1493 2.
326 1467 362 1501 5.
394 1456 498 1492 Alm.
520 1455 608 1492 Ald.
643 1468 680 1492 ct
709 1457 861 1504 aliquot
883 1458 967 1492 edd.
991 1470 1050 1504 ap.
1073 1458 1206 1490 Burm.
1230 1455 1373 1503 quibus
1395 1467 1498 1490 acce-—

131 1517 190 1552 dit
227 1515 334 1551 Gesn.
366 1512 470 1549 Roll.
507 1526 554 1547 ex
581 1514 689 1548 Harl.
722 1514 776 1548 ed.
812 1513 973 1563 Reliqui
1005 1513 1194 1547 omittunt
1217 1512 1322 1546 nulla
1343 1522 1379 1546 et
1401 1511 1498 1545 diri-

129 1582 242 1610 munt
260 1573 317 1606 cui
338 1582 510 1618 usquam,
544 1571 668 1617 Regio
692 1581 877 1605 monente
904 1581 940 1605 et
957 1569 1082 1604 Badio
1105 1568 1289 1609 causante,
1316 1568 1387 1603 effe
1410 1567 1498 1617 qui·

131 1631 220 1666 dem
241 1629 341 1677 apud
362 1628 524 1662 Aratum
546 1627 738 1676 personas,
759 1627 820 1662 sed
846 1640 927 1662 non
952 1626 1169 1674 loquentes.

132 1769 233 1793 teres
255 1753 438 1800 Panyafin
452 1778 462 1792 ,
494 1752 706 1787 Hesiodum
726 1765 785 1787 Tc-

132 1812 304 1863 spondeo
337 1806 510 1857 intelligi
544 1819 581 1844 et
614 1809 787 1844 Antima-

844 1752 967 1801 igitur
987 1751 1162 1798 Panyasis
1187 1751 1343 1784 materia
1363 1749 1500 1784 Hefio·

847 1809 973 1850 dum,
1046 1807 1282 1856 disponendi
1348 1807 1503 1842 ratione

135 1871 265 1906 chum.
337 1867 426 1901 Hoc
468 1866 501 1901 is
541 1865 610 1913 qui
649 1865 786 1900 fimilia

133 1927 242 1962 hisce
270 1923 405 1973 prodit
430 1922 643 1969 Dionysius
676 1922 787 1957 dubi·

137 1983 211 2018 tari
251 1991 366 2017 vetat.
441 1979 640 2013 Ptecenfito
684 1979 789 2013 enim

135 2041 335 2077 Homero,
378 2035 573 2075 Hesiodo,
614 2036 790 2070 Antima-

847 1864 1100 1914 (πράγματείᾳ
1119 1863 1176 1897 καὶ
1203 1862 1408 1909 οἰκονομίᾳ)
1423 1865 1502 1897 An·

848 1923 1074 1958 timaehum.
1135 1922 1363 1967 Quanquam
1384 1920 1502 1954 Grae-

850 1992 916 2015 cus
957 1989 1187 2028 praeceptor
1233 1977 1392 2024 uti-ique
1430 1975 1505 2012 hac

137 2095 213 2131 cho
225 2094 319 2129 haec
331 2092 504 2138 subjicit:
535 2089 724 2133 Πανύασις
735 2111 792 2119 —

135 2150 424 2195 τὰς-ἀμφοῖν
447 2146 574 2196 niem-&5
597 2147 790 2197 ἠνέγκατο.

138 2208 313 2258 Spectari
350 2217 479 2241 autem
514 2206 678 2241 virtutes
709 2206 789 2241 elo-

139 2265 287 2315 quendi
318 2273 475 2312 apparet
501 2263 563 2304 iis,
589 2276 685 2311 quae
708 2276 789 2298 me-

138 2331 341 2358 morantur
385 2321 428 2354 in
469 2320 790 2367 praecedentibus

139 2379 219 2415 istis
239 2376 412 2413 duobus:
454 2373 622 2416 ‘Hetoaog
648 2375 714 2421 μὲν
736 2396 791 2404 —

142 2426 349 2482 ἐφρόντισεν
382 2453 438 2459 —-
472 2429 657 2477 ὀνομάτων
702 2429 793 2468 λειό-

141 2505 247 2535 τητος
258 2489 316 2525 καὶ
329 2487 522 2531 συνθέσεως
533 2489 716 2535 ἐμμελοῦς
725 2511 790 2529 -,

141 2546 365 2594 Ἀντίμαχος
414 2543 443 2580 δ’
474 2566 529 2573 —
558 2544 793 2595 οἷγωνιστικῆς

141 2602 368 2653 τραχύτητος
413 2601 475 2636 καὶ
516 2607 580 2637 τοῦ
623 2603 793 2647 anuh-‘20:25

141 2666 204 2705 τῆς
225 2659 428 2709 ἐξαλλαγῆς
450 2658 618 2706 (minime
638 2662 792 2708 vulgare

145 2718 341 2768 eloquendi
361 2729 477 2765 genus
493 2715 602 2766 Qu.)
629 2719 793 2767 Superat

848 2046 957 2085 parte
980 2049 1071 2085 prae
1078 2036 1151 2070 fcit
1173 2034 1367 2082 Panyafin.

907 2150 1057 2199 aequali
1109 2148 1270 2198 quadam
1310 2145 1504 2180 mediocri-

850 2217 937 2243 tate.
999 2204 1165 2242 ἄπτωτον
1199 2201 1365 2252 appellat
1396 2203 1504 2237 Lon-

849 2266 964 2315 ginus
1003 2273 1077 2308 53,
1120 2263 1155 2298 6.
1208 2259 1358 2307 judicio
1401 2259 1506 2293 inter

851 2321 1025 2357 eruditos
1056 2320 1229 2367 vulgato,
1262 2326 1307 2349 ut
1330 2315 1505 2356 videtur,

848 2380 891 2413 in
927 2391 1005 2426 quo
1046 2390 1127 2412 non
1160 2371 1365 2420 acquiescit
1396 2372 1505 2418 Hey-

849 2434 1111 2484 niusAOpusc.
1134 2435 1164 2467 Ι.
1195 2443 1234 2478 p.
1263 2435 1331 2472 31.
1393 2428 1506 2462 Idexh

849 2492 930 2527 fere
953 2491 1081 2526 noster
1112 2497 1157 2533 3,
1190 2494 1236 2529 5,
1274 2493 1341 2528 52.
1381 2484 1506 2524 „dum

849 2549 1031 2590 „timent‚
1053 2561 1100 2582 ne
1124 2541 1332 2590 aliquando
1355 2541 1507 2579 cadant,

848 2605 1023 2652 „semper
1044 2604 1207 2649 jacent“-
1236 2598 1332 2632 item
1354 2607 1391 2638 2»
1410 2603 1445 2640 42
1465 2608 1502 2649 9·

850 2662 970 2702 „dum
1003 2661 1086 2695 satis
1109 2665 1247 2709 putant
1265 2672 1320 2682 --
1341 2652 1503 2692 virtuti·

849 2717 949 2758 „bus
983 2721 1154 2753 carent.“
