1779 3062
401 111 565 156 INST.
605 111 886 157 ORATOR.
922 113 1044 159 Lm.
1080 113 1152 169 X,
1184 125 1229 156 ρ.
1396 124 1491 167 117

133 238 206 288 est
237 239 458 304 ingenii,
500 248 815 288 contentum
853 237 951 286 esse
988 240 1082 296 iis,
1124 256 1257 304 quae
1290 236 1388 287 fint
1422 238 1487 286 ab

131 317 246 364 aliis
277 318 509 370 inventa,
590 315 735 384 Quid
772 317 916 364 enim
949 314 1196 365 futurum
1219 327 1327 365 erat
1351 326 1484 364 tem-
1532 360 1535 364 .

128 393 351 458 poribus
382 394 520 450 illis,
557 409 690 457 quae
721 391 828 440 fine
865 394 1111 457 exemplo
1153 392 1401 451 fuerunt,
1441 392 1482 441 fi

126 470 374 519 homines
421 470 561 518 nihil
600 467 697 517 nisi
738 469 889 535 quod
945 473 1048 530 jam
1103 468 1481 534 cognovissent,

126 545 431 596 faciendum
481 547 578 595 fibi
637 557 728 594 aut
790 546 1134 611 cogitandum
1184 545 1479 610 putassent?

125 625 337 690 'Nempe
368 625 507 672 nihil
541 621 716 671 fuisset
749 624 1047 672 inventum.
1169 625 1281 672 Cur
1312 625 1476 689 igitur
1498 639 1522 678 5

124 699 272 750 nefas
308 700 380 749 est
411 702 635 767 reperiri
666 701 872 766 aliquid
906 718 934 748 a
966 700 1138 758 nobis,
1170 700 1320 764 quod
1356 711 1476 748 ante

123 795 236 827 non
259 777 457 827 fuerit?
493 781 574 826 An
612 778 695 825 illi
733 778 896 828 rudes
926 776 1034 827 sola
1062 778 1254 826 mentis
1291 787 1479 826 natura

124 854 274 903 ducti
308 854 432 904 sunt
468 857 527 903 in
556 855 676 912 1100,
715 865 776 904 ut
807 866 911 903 tam
945 856 1115 903 multa
1150 865 1479 919 generarent,

121 950 221 981 1105
240 931 305 979 ad
330 932 697 997 quaerendum
734 950 845 982 non
884 949 947 981 eo
985 930 1099 997 ipso
1130 932 1477 989 concitemur,

121 1009 272 1073 quod
307 1020 444 1057 certe
480 1008 675 1058 scimus
711 1007 969 1057 invenisse
1006 1026 1124 1067 eos,
1180 1010 1276 1073 qui
1313 1025 1472 1072 quae-

120 1084 356 1135 fierunt?
396 1090 461 1135 Et
497 1103 620 1135 cum
650 1087 748 1145 illi,
779 1088 873 1151 qui
901 1088 1117 1135 nullum
1154 1089 1472 1150 cujusquam
1494 1102 1521 1139 6

118 1164 197 1211 rei
220 1163 527 1212 habuerunt
553 1163 878 1228 magistrum,
905 1165 1137 1229 plurima
1157 1164 1216 1212 in
1234 1161 1472 1229 posteros

117 1240 461 1299 tradiderint,
518 1241 675 1290 nobis
731 1240 859 1290 usus
913 1242 1138 1293 aliarum
1177 1232 1362 1289 rerum
1405 1240 1472 1289 ad

204 1423 297 1457 quae
308 1407 397 1458 sint.
439 1409 502 1444 Sic
524 1408 657 1443 Turio.
683 1407 787 1443 Flor.
806 1406 969 1455 Reliqui
991 1405 1140 1455 q-sunt.
1376 1420 1470 1456 quae

107 1464 202 1516 fine.
245 1466 379 1501 Turio.
429 1467 491 1514 qui
516 1464 574 1513 s.,
618 1478 637 1498 a
667 1465 735 1498 sec.
767 1477 818 1498 111.
863 1466 941 1512 quis
967 1462 1001 1511 s.
1041 1464 1174 1512 Camp.
1213 1477 1293 1498 cum
1319 1462 1354 1512 s.

195 1524 289 1567 jam.
324 1523 456 1558 Turio.
489 1520 593 1556 Flor.
625 1521 711 1564 (hic
741 1533 761 1553 a
788 1533 845 1568 pr.
871 1522 944 1563 m.)
987 1521 1124 1567 imago.
1167 1520 1293 1556 Guelf.
1336 1521 1469 1569 Camp‘

116 1579 318 1615 omittunt.
376 1580 437 1613 Ex
475 1577 576 1612 Alm.
614 1577 771 1613 affertur
812 1578 851 1610 in
889 1589 1016 1623 mago.
1078 1577 1173 1611 Inde
1200 1578 1336 1611 Burm.
1371 1578 1475 1613 eruit

111 1638 191 1681 jam
211 1636 391 1679 majores,
422 1634 558 1670 frustra
583 1633 664 1668 ille.
899 1632 1163 1682 cognoviffent.
1195 1633 1327 1669 Turio.
1350 1633 1470 1671 Goth.

115 1694 205 1738 (tac.
229 1692 358 1735 Gefn.)
385 1688 623 1739 cogn072sset.
659 1691 793 1738 Camp.
827 1688 1047 1738 agnoviffet.

200 1755 235 1792 5.
266 1747 383 1795 nefas.
425 1748 555 1783 Turic.
581 1746 684 1782 Plor-
721 1750 887 1783 inventus
940 1759 1028 1781 cum
1048 1746 1154 1783 Alm.
1189 1745 1261 1783 me
1289 1760 1309 1781 a
1329 1747 1397 1784 [ec.
1418 1760 1474 1783 m.

114 1808 323 1844 inventum,
356 1804 421 1839 hie
441 1803 627 1840 nostrum.
688 1806 764 1839 Pro
786 1800 836 1850 est
858 1803 992 1839 Turio.
1015 1803 1054 1847 (a
1076 1817 1134 1852 pr.
1158 1805 1231 1846 m.)
1263 1815 1310 1840 es.

200 1862 364 1909 reperiri.
397 1860 528 1895 Turio.
550 1859 654 1896 Flor.
677 1860 760 1903 (hic
783 1873 803 1893 a
824 1873 882 1909 pr.
903 1860 976 1904 m.)
1006 1862 1173 1909 reperire.
1398 1860 1471 1898 An.

114 1918 246 1954 Turio.
280 1925 356 1951 tam
391 1930 479 1953 cum
510 1916 612 1951 Alm.
646 1915 745 1963 (non
776 1915 880 1952 Flor.
923 1916 968 1952 cf.
999 1930 1070 1958 10,
1108 1930 1150 1960 ι,
1187 1918 1321 1963 127.);
1353 1931 1374 1953 a
1401 1918 1471 1955 [ec.

113 1988 232 2010 manu
270 1983 410 2013 tamen,
442 1984 479 2008 et
504 1974 550 2007 fic
570 1974 703 2022 Camp.

206 2031 241 2066 6.
277 2032 501 2079 cujusquam.
538 2029 667 2065 Guelf.
690 2031 823 2079 Camp.
846 2031 1017 2080 cujusque
1048 2044 1135 2067 cum
1156 2031 1274 2070 Goth.
1305 2031 1390 2068 Nifi
1409 2044 1474 2066 me

113 2088 302 2124 retineret
328 2085 672 2122 vetufiiffimorum
702 2086 899 2122 librorum
938 2087 1106 2137 religio,
1161 2089 1318 2126 mallem
1348 2101 1473 2138 prope

114 2144 203 2184 hoc,
235 2143 420 2192 potestate
443 2156 497 2183 ea,
531 2143 577 2177 de
599 2156 674 2191 qua
697 2144 760 2192 egi
779 2144 826 2178 ad
849 2150 883 2186 4,
920 2158 955 2186 1,
989 2146 1055 2192 46.
1091 2148 1137 2181 In
1160 2146 1344 2182 omnibus
1368 2146 1474 2180 enim

115 2201 263 2236 artibus
284 2199 347 2247 (ea
371 2199 422 2235 est
447 2213 609 2248 quaeque
635 2202 709 2247 res)
727 2199 908 2248 magistro
938 2214 1146 2239 caruerunt
1163 2202 1286 2252 primi
1306 2201 1382 2237 illi.

200 2257 415 2292 habuerunt.
447 2257 544 2295 Jens.
567 2257 683 2292 Tarv.
707 2256 796 2292 Ald.
825 2257 1031 2293 habuerint.
1238 2259 1474 2294 tradiderint·

115 2314 249 2350 Turie.
273 2314 377 2348 Flor.
405 2312 532 2349 Guelf.
556 2313 689 2362 Camp.
716 2313 950 2349 tradiderunt
970 2327 1057 2350 cum
1080 2315 1178 2354 Jens.
1199 2315 1319 2351 Tarv.
1341 2315 1432 2351 Ald-

199 2369 292 2418 usus.
323 2370 455 2404 Turio.
479 2368 583 2403 Flor.
608 2369 693 2414 (hic
713 2384 731 2404 a
750 2383 809 2419 pr.
830 2373 967 2414 manu)
991 2373 1180 2407 omittunt
1217 2384 1308 2407 cum
1329 2371 1432 2408 Alm.

204 2427 377 2461 aliarum.
408 2425 543 2460 Turio.
584 2426 689 2461 flor.
723 2430 761 2469 (a
789 2439 847 2475 pr.
878 2440 933 2464 m.
965 2431 1147 2477 uterque)
1178 2428 1349 2465 aliorum.
1381 2430 1478 2465 Loc.

118 2484 267 2520 illarum
296 2494 385 2517 cum
417 2481 578 2531 posterr.
613 2482 701 2518 edd.
729 2493 814 2519 ante
833 2482 928 2520 Bad.
959 2497 1036 2521 acc.
1068 2483 1178 2520 Bam.
1203 2485 1353 2535 Ggryph.
1383 2485 1480 2521 item

170 2601 208 2638 5.
242 2595 313 2630 Cur
354 2594 470 2641 igitur
507 2592 627 2641 nefas.
686 2599 770 2639 „Ut
826 2595 976 2645 „fatum
1010 2597 1207 2646 quoddam
1249 2599 1326 2633 five
1359 2608 1478 2634 aeter-

115 2650 209 2693 „hic
240 2649 369 2698 nefas,
398 2650 446 2685 fic
481 2648 547 2698 fas
587 2651 612 2686 s.
644 2666 680 2703 9.
720 2655 768 2690 ad
827 2668 943 2697 „nam
988 2654 1117 2704 legem
1150 2654 1341 2696 refertur,
1403 2667 1479 2704 qua
