1779 3062
234 157 334 209 234
554 143 631 191 Μ.
668 147 814 194 FAB.·
839 149 1257 211 QUINTILIANI

233 278 412 326 minus
434 274 523 323 vel
551 272 790 323 excusata
817 273 1041 325 debeant
1067 277 1257 336 videri,
1297 280 1384 327 vel
1405 295 1582 344 repre-

159 367 209 404 ⁸5
232 351 527 401 hendenda.
605 354 740 401 Cum
765 351 999 402 dicamus
1021 365 1197 403 autem
1221 355 1286 403 de
1309 357 1469 405 rebus
1493 366 1585 404 aut

233 430 433 486 alienis,
454 439 544 477 aut
566 428 773 487 nostris,-
801 429 1093 479 dividenda
1119 433 1252 481 ratio
1280 431 1354 479 est
1378 449 1584 490 eorum,

231 506 364 554 dum
388 504 612 555 sciamus
634 507 887 572 pleraque
910 519 1102 553 neutro
1134 509 1255 554 loco
1277 509 1580 558 convenire.

228 584 499 649 Imprimis
529 581 698 644 igitur
726 583 899 630 omnis
931 580 1011 630 sui
1044 580 1233 630 vitiosa
1261 583 1468 643 jactatio
1494 584 1584 640 eft,
1638 613 1642 615 -

230 658 565 722 eloquentiae
639 667 813 706 tamen
881 659 939 706 in
1005 669 1210 707 oratore
1267 659 1583 725 p1·aecipue;

227 732 483 800 affertque
531 732 874 787 audientibus
922 752 1035 784 non
1078 733 1351 784 fastidium
1397 734 1581 794 modo,

227 879 401 915 cedenda.
637 876 818 926 excusata.
850 879 912 914 Sic
930 878 1060 913 Turio.
1082 877 1186 913 Flor.
1221 877 1356 913 Ambr.
1381 887 1416 913 2.
1449 877 1580 915 Guelf.

228 937 361 984 Camp.
385 948 473 970 cum
494 933 596 970 Alm.
617 934 719 970 Voss.
749 948 780 970 ι.
798 945 832 969 2.
847 943 884 977 3.
914 934 1031 969 Goth.
1056 934 1169 971 Colb.
1189 937 1303 970 Bern.
1328 945 1365 969 et
1386 934 1470 970 edd.
1494 945 1582 970 ante

227 994 352 1027 Stoer.
389 991 550 1039 Reliqui
581 989 798 1038 excusanda.
850 992 950 1026 Mox
984 992 1117 1039 Camp.
1150 991 1294 1026 debent.
1360 991 1435 1026 Sed
1464 992 1580 1026 Bern-

224 1061 298 1097 pro
321 1063 366 1084 m.
390 1062 432 1083 ac
454 1062 499 1083 m.
523 1048 583 1083 vel
606 1061 635 1082 e.
656 1046 777 1082 modo
808 1061 854 1081 m.
873 1048 931 1082 vel
952 1061 997 1081 m.
1021 1061 1050 1082 e.

319 1113 379 1148 ¹5·
414 1113 535 1139 tamen
559 1105 595 1137 in
616 1111 765 1138 oratore
791 1122 844 1130 —
867 1104 1102 1138 audientibus
1120 1118 1195 1139 non
1207 1100 1418 1151 fastidium.
1441 1103 1576 1139 Turic-

223 1159 329 1197 Flor.
364 1162 450 1205 (etsi
478 1160 544 1194 hic
575 1159 841 1199 mentionibus,
881 1172 952 1195 nec
988 1171 1156 1208 apparet,
1197 1174 1243 1195 an
1275 1160 1340 1195 det
1373 1172 1471 1198 n0n;
1515 1159 1579 1194 sed

226 1218 358 1252 omnia
381 1216 537 1264 vulgata
562 1215 680 1250 habet
697 1229 715 1249 a
745 1216 812 1251 sec.
833 1217 905 1258 m.)
930 1224 954 1250 t.
979 1216 1189 1250 entionibus
1211 1230 1284 1251 non
1297 1215 1332 1263 f.
1364 1229 1452 1251 cum
1472 1214 1579 1250 Ahn.

225 1274 351 1308 NIodo
390 1273 621 1322 eloquentiae
654 1271 802 1306 omittit
834 1272 964 1319 Camp.
996 1271 1266 1307 Diffidendum
1298 1273 1380 1306 sane
1411 1272 1461 1306 eft
1492 1272 1580 1319 [up-

222 1328 430 1378 plementis
461 1329 523 1368 iis,
552 1341 648 1375 quae
688 1328 922 1362 recentiores
951 1328 1137 1375 praestant
1159 1328 1282 1364 Codd.
1318 1339 1356 1363 et
1381 1327 1484 1363 illud
1512 1329 1579 1366 „in

222 1395 403 1426 „oratore
426 1386 648 1431 praecipue“
676 1385 956 1432 supervacuum
977 1384 1100 1431 potest
1125 1384 1266 1425 videri,
1298 1384 1444 1432 quippe
1467 1384 1579 1430 cujus

222 1443 284 1477 vis
316 1443 394 1490 ipsa
430 1440 543 1476 lateat
573 1441 615 1474 in
650 1440 879 1487 eloquenciae
909 1439 1118 1477 vocabulo.
1177 1441 1345 1479 Deinde,
1378 1441 1451 1474 nisi
1477 1440 1579 1475 forte

222 1498 475 1546 superstitiosa
506 1507 687 1531 veterum
716 1495 815 1532 libb.
851 1497 1067 1531 reverentia
1096 1496 1220 1538 labor,
1253 1496 1366 1544 affert
1393 1509 1473 1532 non
1505 1495 1579 1530 effe

222 1554 337 1594 illud,
369 1553 476 1602 quod
507 1552 792 1599 requirebatur,
824 1553 990 1587 verbum
1024 1553 1216 1593 dixerim,
1249 1554 1309 1588 sed
1340 1565 1580 1601 magnopere

221 1609 418 1658 languere.
451 1609 591 1644 Ilffovet
624 1609 864 1656 expectabas,
896 1609 1008 1644 velut
1038 1609 1087 1643 est
1109 1619 1145 1649 2,
1179 1615 1213 1653 4,
1246 1620 1322 1656 29;
1355 1621 1581 1657 quanquam.-

221 1679 302 1701 non
332 1678 433 1713 nego
462 1664 627 1700 similem
661 1665 741 1699 fere
763 1666 873 1700 usum
903 1665 1016 1700 verbi
1041 1678 1103 1706 ιι,
1139 1674 1175 1709 3,
1207 1673 1242 1709 5.
1274 1667 1412 1713 Neque
1436 1675 1576 1705 tamen,

218 1723 247 1757 fi
267 1723 434 1756 maxime
471 1721 566 1756 haec
603 1732 705 1756 recte
729 1734 748 1754 a
772 1734 834 1756 me
870 1721 1097 1762 sentiuntur,
1129 1722 1296 1770 expedio
1319 1732 1356 1757 et
1378 1734 1471 1756 eruo
1494 1720 1576 1756 loci

218 1779 547 1817 constitutionem,
579 1791 674 1825 quae
708 1777 1050 1813 vetustissimorum
1072 1778 1195 1813 Codd.
1221 1778 1380 1826 vestigia
1412 1778 1574 1818 referat3

274 1890 456 1940 excusata.
472 1890 598 1938 Magis
616 1903 688 1939 pro
708 1891 868 1926 nomine
924 1889 983 1936 (h.
1011 1905 1041 1927 e.
1069 1892 1262 1940 pleraque)
1296 1904 1421 1939 neque
1449 1890 1495 1927 ab
1527 1890 1576 1926 li·

216 1950 293 1985 hoc
339 1947 607 1995 accipiendum
651 1960 765 1995 quam
796 1960 868 1996 pro
925 1948 1089 1995 tigatore
1111 1947 1353 1996 proferenda,
1379 1961 1506 1997 neque
1527 1948 1576 1984 ab

214 2005 435 2055 participio.

278 2069 338 2105 15.
372 2062 466 2096 loco.
504 2061 669 2096 Attende
691 2061 768 2096 hoc
790 2061 869 2097 fere

217 2118 298 2154 dici
339 2118 404 2153 hic
444 2130 515 2165 pro
559 2116 727 2166 persona.
791 2117 871 2164 Qui

218 2175 321 2209 enim
337 2174 407 2224 sua
429 2184 573 2213 tractat,
603 2174 680 2210 alio
709 2175 759 2210 est
782 2175 865 2208 loco

216 2244 332 2279 quam
358 2231 427 2279 qui
450 2231 585 2266 aliena.
626 2231 767 2278 Agitur
789 2229 867 2265 hoc

212 2298 416 2336 praecepto
467 2287 513 2322 de
570 2300 615 2322 eo
666 2287 773 2335 quod
822 2286 865 2322 in

215 2345 362 2380 orando
395 2350 531 2380 aut-*ut
562 2343 778 2392 litigatores
808 2343 865 2378 di·

215 2401 351 2442 cimus,
374 2411 440 2436 aut
469 2411 513 2436 ut
533 2400 724 2436 advocati.
754 2399 799 2435 cf.
826 2406 862 2443 4,

220 2471 253 2498 1,
277 2466 342 2504 45.
359 2459 422 2501 46.
455 2458 491 2499 6,
525 2469 562 2498 2,
595 2457 660 2499 56.
685 2457 780 2491 item
800 2456 866 2490 hic

214 2516 248 2559 ᾗ.
264 2522 327 2559 58.
342 2523 406 2558 55.
421 2523 483 2564 59.
501 2521 565 2558 84.
588 2515 674 2548 Hoc
694 2513 723 2547 fi
744 2513 865 2547 anim·

213 2572 430 2607 advertisset
489 2571 724 2617 Gedoynus,
784 2582 865 2605 non

214 2640 304 2669 erat,
340 2629 445 2679 quod
470 2628 646 2662 haereret
669 2627 711 2660 in
732 2625 864 2661 verbis

213 2685 329 2724 hisee.
415 2688 513 2720 Sunt
563 2694 695 2720 autem
739 2681 864 2718 multa

925 2005 1125 2040 advocato.

983 2060 1118 2110 vitiosa
1127 2063 1299 2106 jactatio.
1313 2061 1419 2102 ,‚Cic.
1432 2061 1574 2097 Divin-

926 2118 997 2159 „in
1018 2119 1124 2153 Caec.
1151 2132 1168 2152 ι
1183 2129 1214 2151 1.
1261 2119 1350 2152 Cum
1371 2119 1493 2153 omnis
1514 2133 1574 2152 ar-

924 2176 1131 2221 ‚‚rogant1'a
1155 2173 1286 2222 odiosa
1309 2170 1369 2221 est,
1403 2185 1479 2208 tum
1504 2174 1573 2210 illa

922 2231 1091 2278 „ingenii
1160 2238 1271 2278 atque
1340 2230 1574 2279 eloquentiae

922 2287 1068 2328 „multo
1091 2283 1348 2335 molestiffima.
1379 2287 1435 2322 Id.
1461 2287 1571 2323 Orat.

921 2349 1016 2386 „42
1047 2343 1314 2394 Eloquentiam
1344 2344 1402 2378 illi
1419 2342 1489 2392 ipsi
1508 2344 1574 2394 qui

922 2398 1130 2447 „consecuti
1155 2401 1265 2449 sunt,
1308 2410 1429 2435 tamen
1461 2414 1504 2435 ea
1526 2398 1571 2448 se

922 2456 1074 2496 „valere
1099 2456 1325 2506 dffmulanc
1348 2468 1417 2492 etc.
1458 2456 1572 2505 plura

920 2513 1053 2552 „enim
1078 2514 1161 2549 sunt
1180 2513 1239 2548 ibi
1257 2524 1363 2560 patre
1384 2513 1570 2561 eloquen-

920 2569 1023 2609 „tiae
1056 2569 1312 2618 digniffima.“
1342 2570 1542 2605 Gesnerus.

978 2626 1208 2673 eloquenciae
1249 2635 1373 2661 tamen
1391 2645 1445 2654 —-
1465 2625 1570 2660 audi-

920 2682 1072 2718 entibus.
1112 2683 1157 2719 ef.
1178 2693 1260 2718 not.
1284 2683 1370 2718 crit.
