1779 3062
149 784 202 819 ¹72

233 177 296 224 60
554 176 630 223 M.
677 177 815 222 ΕΑΒ.
863 178 1282 240 QUlNTILIANt

232 306 553 354 collaturum
588 319 713 351 eum
751 302 1189 355 declamatoribus
1229 315 1393 370 puto,
1446 307 1582 372 qu'o-

228 384 373 430 niam
404 381 487 429 his
527 378 733 428 necess'e
760 380 857 438 est,
897 381 1191 431 secundum
1216 383 1582 432 conditionem

230 456 712 506 controverfiarum
745 458 922 522 plures
955 457 1131 507 subire
1170 457 1440 523 personas,
1490 478 1582 525 pa-

228 545 403 592 trum,
457 533 721 591 filiorum,
758 535 1020 592 militum,
1057 535 1406 592 rusticorum,
1443 536 1582 586 divi-

227 621 371 669 tum,
411 627 735 677 pauperum,
774 610 1127 669 irascentium,
1168 611 1582 676 deprecantium,

226 689 460 745 mitium,
494 686 811 752 asperorum.
873 689 934 735 In
960 689 1152 751 quibus
1175 689 1425 737 omnibus
1447 690 1596 737 mire·

227 764 525 814 custoditur
567 766 629 813 ab
678 765 781 813 hoc
826 769 979 829 poeta
1016 764 1186 814 decor.
1287 767 1458 829 Atque
1490 766 1583 813 ille

227 841 448 906 quidem
496 842 745 889 omnibus
793 840 1029 899 eiusdem
1074 844 1246 906 operis
1279 831 1584 891 auctoribus

227 918 442 966 abstulit
478 935 703 975 nomen,
742 927 792 964 et
822 915 1033 982 fulgore
1065 918 1300 982 quodam
1330 917 1450 966 suae
1480 919 1583 965 cla-

226 996 395 1045 ritatis
431 995 671 1043 tenebras
716 994 953 1043 obduxit.
1044 996 1252 1043 Habent
1283 1006 1459 1043 tamen
1491 996 1583 1043 alii

227 1088 447 1136 quoque
473 1072 696 1129 Comici,
728 1070 767 1119 fi
793 1087 918 1118 cum
943 1072 1099 1120 venia
1120 1073 1385 1137 leguntur,
1424 1089 1584 1137 quae-

315 1232 381 1264 71.
415 1235 506 1257 eum.
568 1224 629 1259 Sic
649 1225 781 1259 Tul-ic.
801 1223 906 1258 Flor.
930 1237 1018 1259 cum
1041 1225 1142 1259 Alm.
1166 1225 1270 1260 Vols.
1298 1235 1332 1260 2.
1364 1238 1442 1260 cum
1463 1223 1583 1259 Goth.

228 1277 431 1314 Omittunt
448 1292 587 1316 vocem
618 1282 748 1328 Camp.
773 1292 809 1315 et
831 1280 914 1315 cdd.
937 1294 954 1313 a
980 1281 1129 1329 Gryph.
1157 1292 1241 1316 ante
1264 1281 1359 1317 Obr.
1421 1279 1583 1326 Reliqui

226 1332 309 1383 effe.
503 1337 695 1383 filiorum,
726 1337 893 1370 rnilitum.
956 1336 1017 1370 Sic
1040 1338 1172 1373 Turio.
1199 1336 1302 1372 Flor.
1327 1337 1459 1385 Camp.
1492 1348 1582 1370 cum

222 1390 329 1426 Alm.
390 1391 550 1440 Reliqui
580 1393 753 1428 inserunt
785 1393 1018 1431 maritorum,
1050 1393 1297 1440 improbante
1324 1403 1426 1428 recte
1448 1393 1579 1427 Rurm.

226 1447 298 1493 qui
334 1459 469 1483 monet
515 1449 555 1483 in
597 1449 761 1496 reliquis
804 1448 985 1483 omnibus
1021 1450 1126 1497 paria
1161 1449 1316 1489 induci,
1377 1448 1481 1496 quo'd
1516 1448 1583 1485 hic

223 1514 382 1550 repente
406 1504 570 1540 deficiat.
631 1505 771 1540 Saltem
796 1504 957 1539 debebat
980 1506 1049 1539 effe
1073 1505 1270 1545 coelibum,
1295 1507 1522 1541 maritorum.

312 1556 526 1606 custoditur.
589 1562 721 1595 Turio.
746 1560 847 1595 Flor.
872 1558 1104 1607 custodietur,
1339 1561 1458 1596 decor.
1518 1561 1583 1596 Sic

223 1615 359 1650 Turio.
386 1615 490 1651 Flor.
516 1616 643 1652 Guelf.
669 1616 802 1664 Camp.
825 1629 912 1650 cum
936 1617 1053 1652 Goth.
1076 1617 1180 1653 Voss‘.
1206 1627 1241 1652 2.
1267 1625 1302 1659 5.
1330 1627 1366 1652 et
1388 1617 1472 1651 edd.
1495 1627 1581 1652 ante

222 1671 376 1719 Gryph.
436 1672 595 1720 Reliqui
623 1674 791 1708 decorum
822 1672 895 1718 (cf.
926 1686 968 1707 11
987 1700 997 1713 ,
1022 1682 1069 1715 5,
1105 1675 1221 1718 177.)
1254 1673 1360 1721 quod
1393 1687 1472 1719 non
1494 1673 1581 1721 qui-

222 1726 313 1762 dem
340 1726 414 1774 (ut
445 1729 617 1764 censebat
642 1729 807 1767 Badius,
840 1729 1029 1764 referente
1051 1731 1297 1769 Burmanno,
1329 1742 1454 1776 neque
1477 1729 1582 1764 enim

220 1783 267 1818 in
300 1797 389 1818 meo
423 1785 603 1833 exemplo
632 1785 826 1827 invenio)
870 1785 961 1819 facit
993 1786 1150 1823 caudam
1175 1786 1412 1826 hexametri,
1445 1796 1489 1823 ut
1510 1798 1583 1821 nec

223 1841 497 1887 archipiratae,
531 1843 724 1881 censente,
754 1842 921 1881 mirum,
948 1843 995 1877 fic
1025 1842 1108 1890 ipso
1143 1844 1391 1882 Burmann03
1432 1842 1478 1879 cf.
1518 1855 1580 1880 ιι,

223 1906 248 1932 2
268 1923 278 1936 ,
315 1910 348 1932 1.

284 1963 348 1997 72.
384 1956 505 2002 operis
526 1954 745 1990 auctoribus.
805 1954 939 1992 Turio.
964 1954 1068 1990 Flor.
1091 1954 1175 1999 (hic
1210 1954 1369 2002 quidem
1390 1968 1409 1989 a
1430 1968 1487 2003 pr.
1508 1957 1583 2004 m.)

223 2009 396 2058 operibus
419 2023 506 2045 cum
532 2010 632 2046 Alr'n.
780 2011 946 2046 tenebras
967 2010 1093 2046 Guelf.
1128 2011 1277 2046 omittit
1297 2024 1385 2046 cum
1409 2012 1514 2048 Voff.
1545 2027 1582 2049 ι.

315 2066 483 2103 obduxit.
543 2068 676 2102 Turio.
704 2068 874 2102 adduxit.
936 2068 1067 2114 Camp.
1100 2068 1258 2102 induxit.
1433 2068 1583 2105 Habent:

225 2131 364 2173 tamen.
435 2124 567 2158 Turic.
614 2132 640 2159 t.
672 2124 708 2160 Ιι.
957 2124 1141 2172 leguntur.
1211 2124 1274 2159 Sic
1316 2123 1448 2159 Turic·
1476 2123 1582 2161 Flor.

223 2178 373 2227 reliqui
406 2181 589 2227 legantur.

286 2322 354 2357 71.
387 2313 696 2348 declamatoribus
727 2331 783 2340 —
813 2328 873 2351 ne·
930 2328 1009 2349 eum
1030 2316 1151 2355 venia,
1182 2314 1374 2362 ignorare.
1412 2315 1580 2350 Cuinam

226 2367 317 2417 ceffe
332 2369 518 2419 —subire
539 2371 724 2419 personas.
759 2372 805 2406 cf.
833 2381 872 2414 3,
932 2371 1045 2406 datur
1087 2371 1179 2406 haec
1221 2371 1368 2406 venia?
1414 2372 1580 2419 Legenti

227 2430 276 2468 8,
311 2432 373 2468 5¹·
417 2426 464 2467 6,
489 2437 535 2467 2,
559 2426 623 2469 56.
669 2434 715 2470 4,
745 2441 761 2462 1
777 2451 787 2466 ‚
809 2437 872 2471 47.
931 2440 979 2462 an
1007 2427 1186 2474 scriptori
1213 2426 1411 2474 legendo?
1454 2427 1578 2462 Poste·

230 2493 279 2515 11
298 2506 308 2520 ,
338 2495 371 2521 ι,
403 2490 466 2525 55.
931 2484 1013 2518 rius
1042 2483 1183 2531 probat
1204 2483 1390 2519 Gesnerus
1412 2484 1455 2518 in
1475 2483 1579 2518 The-

285 2537 404 2574 decor.
441 2538 489 2573 cf.
519 2542 554 2586 §.
586 2548 649 2582 27.
679 2548 717 2574 et
742 2551 814 2580 11,
843 2553 876 2579 1,
934 2540 1041 2574 sauro
1106 2541 1187 2575 Lat.
1242 2553 1393 2575 memor
1445 2539 1577 2585 hujus,

228 2598 294 2636 41.
935 2609 1049 2643 quem
1071 2595 1136 2630 hic
1157 2606 1442 2636 transcurrerat,
1475 2595 1575 2629 loci:

286 2659 351 2693 72.
374 2649 410 2696 fi
445 2664 525 2685 cum
551 2653 661 2686 venia
693 2651 875 2699 leguntur.
934 2650 1186 2701 excusandofi
1208 2653 1297 2699 quid
1318 2652 1578 2700 minusproba-

226 2706 368 2741 fateor
407 2718 469 2741 me
488 2732 499 2747 ,
559 2708 655 2756 quid
686 2708 728 2742 fit
756 2708 877 2756 legere
933 2707 1006 2742 bile
1027 2717 1203 2744 occurrat.
1265 2708 1340 2744 Sed
1365 2721 1461 2757 quae
1484 2707 1579 2743 haec
