1779 3062
417 154 582 200 INST.
619 153 897 200 ORATOR.
935 153 1059 200 LIB.
1092 153 1204 204 ΧΠ,
1240 165 1285 198 2.
1421 163 1517 213 529

174 283 344 347 cipem
389 281 635 329 omnium
675 282 919 329 Graeciae
961 290 1258 338 oratorum,
1320 277 1515 329 dediffe

173 374 387 423 operam
423 358 640 405 Platoni.
723 360 864 406 Nam
893 360 968 406 M.
1001 357 1231 415 Tullius,
1262 375 1374 407 non
1402 368 1513 406 tan-

172 445 288 484 tum
333 432 382 481 se
424 433 616 481 debere
659 431 848 482 scholis
890 435 1192 491 rhetorum,
1252 424 1514 498 quantum

170 511 482 561 Academiae
524 510 724 575 spatiis,
785 508 1094 573 frequenter
1139 509 1248 575 ipse
1284 510 1512 561 testatur.

171 589 368 654 Neque
402 586 452 635 se
484 598 626 636 tanta
658 588 715 635 in
757 604 820 635 eo
852 604 1091 651 unquam
1121 585 1334 636 fudiffet
1358 588 1514 637 uber-

172 676 272 723 tas,
331 664 374 713 si
406 666 685 729 ingenium
730 662 887 713 suurn
929 663 1176 730 consepto
1218 663 1350 723 fori,
1400 682 1514 715 non

172 741 341 809 ipsius
367 759 544 790 rerum
573 752 789 798 naturae
821 738 1025 788 finibus
1048 739 1376 788 terminasset.
1416 745 1516 790 Ve-
1553 797 1561 805 ‚

164 810 297 869 vrum
326 836 389 867 ex
419 819 522 867 hoc
551 819 649 867 alia
674 819 809 866 mihi
834 815 1068 882 quaestio
1101 819 1351 874 exoritur,
1380 834 1517 881 quae

173 896 306 944 secta
346 895 587 944 conferre
625 896 926 961 plurimum
964 895 1298 959 eloquentiae
1335 891 1516 959 possit:

175 990 480 1038 quanquam
522 990 579 1020 ea
628 989 741 1020 non
783 974 924 1020 inter
967 972 1157 1019 multas
1207 970 1377 1036 potest
1419 969 1517 1019 esse

175 1051 461 1098 contentio.
539 1051 682 1097 Nam
722 1050 779 1097 in
818 1049 1005 1114 primis
1048 1065 1146 1097 nos
1185 1048 1448 1110 Epicurus
1490 1066 1519 1095 a

173 1125 225 1175 se
258 1125 367 1191 ipse
401 1127 647 1189 dimittit,
689 1128 782 1190 qui
816 1126 1002 1190 fugere
1036 1142 1249 1173 omnem
1286 1123 1518 1189 discipli-

173 1220 299 1251 nam
319 1205 657 1268 navigatione
684 1221 843 1271 quam
868 1199 1189 1250 velocissima
1211 1200 1373 1260 jubet.
1406 1203 1518 1249 Ne-

175 1297 280 1344 que
314 1296 444 1328 vero
472 1276 809 1349 Arzstippzcs,
849 1278 1120 1328 summum
1150 1279 1208 1324 in
1241 1278 1517 1343 voluptate

86 1358 416 1423 1063corporis
453 1357 661 1406 bonum
696 1374 931 1422 ponens,
973 1354 1039 1402 ad
1063 1353 1209 1403 hunc
1238 1370 1335 1403 nos
1370 1355 1520 1404 labo·

259 1534 324 1568 23.
355 1521 519 1567 testatur.
554 1523 616 1558 Sic
646 1523 779 1571 Camp.
813 1517 970 1568 testatus
1001 1520 1134 1556 Turio.
1154 1518 1258 1554 Flor.
1288 1516 1438 1566 testatus
1468 1517 1519 1568 eft

172 1581 330 1628 reliqui.
382 1579 516 1629 fuiffet
545 1580 694 1614 ubertas
723 1578 851 1614 Turic-
884 1576 988 1613 Flor.
1019 1576 1153 1612 Ambr.
1185 1586 1247 1616 2.;
1295 1576 1419 1615 idem,
1460 1576 1522 1612 sed

174 1638 314 1673 omisso
337 1637 451 1672 etiam
481 1647 586 1671 antea
601 1635 657 1684 se,
692 1636 824 1684 Camp.
849 1646 881 1668 c.
909 1634 1013 1670 Voss'.
1041 1647 1072 1669 1.
1094 1643 1128 1666 2.
1145 1642 1179 1675 5.
1207 1635 1330 1667 Stoer.
1353 1632 1518 1670 Chouet.

172 1693 284 1730 Leid.
312 1691 427 1742 fuiſj‘e
449 1694 632 1728 ubertates
655 1691 783 1727 Guelf.
842 1703 962 1725 rerum
997 1703 1074 1726 om.
1103 1688 1231 1724 Guelf.
1265 1689 1364 1736 (qui
1393 1699 1430 1724 et
1457 1703 1522 1724 na-

174 1746 274 1801 tura)
305 1763 393 1786 cum
423 1749 542 1786 Goth.
600 1750 694 1783 inter
725 1748 860 1783 multos
892 1748 1025 1795 Camp.
1057 1758 1086 1783 c.
1120 1746 1207 1780 edd.
1239 1756 1325 1779 ante
1355 1744 1467 1782 Bam.

260 1813 328 1861 24]
355 1817 466 1864 Epic.
495 1818 533 1851 in
553 1817 684 1865 primis
706 1828 773 1850 nos
797 1812 916 1850 Goth.
938 1813 1035 1851 Jens.
1058 1811 1157 1859 (tac.
1191 1812 1328 1855 Gesn.)
1364 1826 1394 1848 c.
1430 1814 1517 1851 edd.

172 1875 274 1924 post-⁸
300 1885 384 1909 ante
415 1876 537 1908 Stoer.
570 1872 708 1907 ordine
738 1882 982 1918 nequaquam
1012 1868 1255 1915 displicente.
1314 1883 1336 1903 a
1361 1868 1407 1917 so
1438 1869 1518 1918 ipso

142 1961 146 1962 ν
174 1931 295 1968 Goth.
338 1943 369 1965 e.
408 1929 511 1967 Vols,
549 1942 581 1964 ι.
615 1940 655 1964 2oe
687 1937 722 1972 5.
767 1930 875 1972 (non
906 1925 993 1960 Ald.
1023 1937 1068 1961 ut
1098 1927 1265 1971 Burm.)
1295 1924 1518 1974 velocffme

174 1988 306 2024 Turio.
338 1986 441 2023 Flor.
472 1985 552 2028 (sed
580 1995 746 2032 uterque
776 1983 911 2028 velue.)
942 1982 1074 2017 Ambr.
1099 1991 1134 2016 2.
1171 1981 1297 2016 Guelf.
1328 1982 1458 2030 Camp.
1482 1996 1516 2019 c.

174 2045 293 2081 Goth.
309 2043 411 2080 Voss'.
434 2052 514 2077 net
527 2042 611 2076 edd.
632 2052 716 2075 ante
731 2041 819 2076 Bad.
839 2051 913 2074 acc.
928 2038 1037 2074 Bam.
1069 2041 1143 2073 Pro
1161 2037 1268 2082 jubet
1288 2050 1414 2073 autem
1438 2041 1518 2074 Tu-

172 2101 242 2136 ric.
269 2102 385 2146 juvet,
414 2097 518 2133 Flor.
545 2100 656 2133 vivet.
690 2098 788 2131 Mox
810 2094 894 2145 sum
923 2098 959 2130 in
988 2095 1130 2141 volupe.
1163 2095 1296 2129 Turic.
1321 2094 1418 2143 ficut
1440 2097 1460 2129 i.
1481 2110 1515 2132 τ,

173 2156 306 2207 Camp.
336 2156 454 2192 adhuc
465 2167 532 2190 nos
546 2154 679 2189 Turio.
711 2154 829 2189 adhuc
850 2165 916 2188 nos
944 2152 994 2187 ad
1017 2152 1132 2193 Tar-v.
1156 2162 1191 2186 et
1212 2150 1296 2186 edd.
1315 2151 1409 2199 post.
1429 2162 1516 2187 ante

1549 1058 1597 1100 24

229 2313 297 2348 25.
333 2304 396 2339 M
430 2303 636 2339 Tullius—
652 2298 814 2350 testatur.
875 2299 1047 2335 nifestius
1069 2298 1113 2334 sit
1136 2297 1388 2346 praecedenti.
1418 2297 1517 2344 εἰς,
1583 2324 1586 2325 ⁷

173 2360 300 2396 Facile
334 2360 518 2395 succurrit
537 2361 623 2396 VV.
643 2359 736 2394 DD.
757 2358 815 2393 lo·
875 2364 914 2402 4,
948 2363 1013 2402 84.
1073 2357 1117 2389 In
1144 2354 1281 2389 Pericle
1314 2364 1351 2389 et
1385 2354 1519 2389 Demo-

172 2430 238 2452 eus
260 2415 414 2452 Orator.
440 2429 470 2451 c.
497 2425 533 2459 3.
547 2415 677 2463 fateor
695 2429 815 2450 me—
865 2410 996 2461 sthene
1015 2411 1204 2447 constabat
1226 2410 1301 2445 hoc
1319 2410 1519 2445 communi

172 2471 342 2522 extitsse.
403 2473 476 2508 Sed
501 2485 586 2507 cum
604 2471 817 2520 frequenter
874 2469 996 2509 fama,
1043 2468 1106 2504 [ed
1135 2470 1259 2504 Cicero
1295 2468 1340 2502 de
1373 2468 1404 2502 se
1438 2467 1517 2515 ipse

172 2529 276 2565 dicat
310 2528 458 2570 noster,
512 2528 673 2575 requiro
705 2528 816 2576 plura
875 2528 1040 2562 testatur.

171 2585 289 2632 hujus
316 2585 561 2621 confessionis
588 2584 684 2619 loca.
715 2584 817 2619 Nam
925 2579 1205 2632 se—fudfflet.
1237 2579 1283 2616 cf.
1312 2591 1374 2618 ιι,
1394 2586 1430 2622 5,
1450 2583 1516 2623 84.

173 2654 302 2678 autem
334 2642 398 2677 hic
424 2642 585 2676 inservit
617 2652 815 2677 transeun-

173 2698 224 2735 do
244 2701 291 2735 ad
309 2698 472 2747 aliquid,
488 2697 593 2747 quod
607 2697 722 2734 etiam
737 2710 815 2733 ma·
929 2702 994 2739 24.
1026 2694 1225 2744 Epicurus.
1250 2693 1297 2729 cf.
1317 2703 1354 2734 2,
1376 2701 1437 2737 17,
1455 2697 1518 2735 ¹5·

233 2780 340 2815 Tom.
384 2778 455 2815 IV.
1083 2773 1139 2807 L}
