1779 3062
174 146 270 195 104
490 138 564 183 M.
602 139 740 183 ΕΑΒ.
778 137 1196 200 QUlNTILIANt

171 261 387 330 dicendi
417 261 821 328 praeferendus,
899 273 950 312 et
993 280 1154 329 quern
1190 263 1249 310 in
1287 278 1516 311 numero

171 351 417 389 veterum
456 340 629 388 locare
665 358 776 390 non
806 341 1014 389 timeas:
1069 340 1156 387 hic
1195 340 1518 396 concitatior,

170 416 262 465 sed
280 418 337 465 in
361 433 485 466 cura
509 417 797 466 verborum
815 417 1031 475 nimius,
1065 427 1116 464 et
1135 414 1517 480 compositione
1528 430 1609 472 919

170 511 568 558 nonnunquam
635 494 876 559 longior,
965 504 1016 541 et
1038 535 1043 539 .
1089 492 1524 540 translationibus

171 587 364 637 parum
387 570 648 619 modicus.
691 574 850 618 Erant
876 572 1009 618 clara
1030 580 1080 617 et
1101 586 1273 634 nuper
1291 568 1518 633 ingenia.

85 668 103 689 ι
118 649 317 702 19'Nam
345 658 396 695 et
417 647 700 696 Trachalus
717 649 1035 713 plerumque
1056 645 1312 703 sublimis,
1333 656 1384 692 et
1405 643 1524 693 satis
1592 671 1594 673 >

172 735 383 790 apertus
420 722 541 782 fuit,
578 735 629 772 et
667 741 829 788 quem
861 725 997 771 velle
1033 725 1233 789 optima
1255 722 1522 772 crederes:

171 801 386 849 auditus
405 811 578 849 tamen
598 804 777 861 major.
847 803 990 848 Nam
1015 812 1065 848 et
1084 801 1250 857 vocis,
1275 810 1526 864 quantam

170 878 230 926 in
264 878 420 926 nullo
469 879 724 943 cognovi,
772 877 1020 936 felicitas,
1065 888 1115 926 et
1154 877 1523 942 pronuntiatio

171 955 260 1004 vel
282 953 447 1004 scenis
467 952 763 1013 suffectura,
804 965 855 1003 et
874 954 1052 1013 decor,
1092 955 1270 1005 omnia
1292 954 1526 1019 denique

172 1133 305 1168 Turio.
337 1131 442 1169 Flor.
472 1131 556 1180 (hic
585 1146 605 1166 a
634 1145 693 1181 pr.
725 1134 798 1177 m.)
832 1128 1053 1169 cum-Alm.
1088 1133 1248 1181 Reliqui
1275 1132 1528 1181 praemittunt

170 1189 378 1225 verborum.
601 1190 734 1224 locare.
785 1190 917 1225 Tua-ic.
960 1190 1064 1224 Flor.
1109 1191 1145 1234 (a
1175 1203 1232 1237 pr.
1267 1203 1318 1224 m.
1345 1192 1526 1236 uterque)

171 1246 310 1285 bitur-e,
343 1258 430 1279 cum
453 1243 554 1279 Alm.
592 1244 652 1279 sed
682 1244 786 1280 Flor.
819 1258 838 1278 a
867 1246 935 1281 sec.
963 1245 1104 1285 habere,
1139 1257 1175 1280 et
1204 1247 1252 1280 fic
1283 1245 1410 1280 Guelf.
1438 1257 1528 1279 cum

169 1303 284 1336 Bern.
314 1312 351 1336 et
373 1300 457 1336 edd.
481 1300 573 1334 inde
604 1314 623 1334 a
646 1302 744 1339 Jens.
765 1312 850 1335 ante
874 1301 959 1336 Ald.
987 1314 1062 1335 acc.
1083 1301 1193 1336 Bafil.
1215 1304 1337 1336 Stoer.
1361 1301 1528 1337 Chouet.

168 1358 279 1392 Leid.
325 1356 492 1404 aliisque
541 1356 643 1405 apud
682 1360 816 1392 Burm-
877 1359 937 1392 An
977 1358 1161 1406 primitus
1200 1357 1278 1394 fuit
1316 1360 1430 1393 citare
1463 1356 1530 1392 vel

170 1416 356 1449 recitare?
637 1415 811 1449 modicus.
863 1415 995 1449 Turio.
1038 1415 1088 1460 (a
1116 1427 1176 1463 pr.
1212 1417 1292 1459 m.)
1333 1415 1525 1450 modicum.

172 1469 301 1505 Guelf.
335 1470 499 1506 modici&

262 1583 351 1617 ¹¹9·
383 1571 484 1606 Nam
520 1581 556 1606 et
588 1572 719 1608 Trach.
753 1573 886 1607 Turic.
920 1571 1024 1607 Flor.
1059 1571 1143 1616 (hic
1165 1585 1183 1605 a
1206 1585 1264 1620 pr.
1287 1573 1360 1614 m.)
1395 1574 1527 1621 Camp.

174 1628 363 1663 omittunt
383 1641 482 1667 nam,
515 1641 603 1663 cum
627 1628 729 1663 Alm.
791 1629 864 1663 Sed
889 1629 1020 1676 Camp.
1044 1637 1084 1662 ut
1108 1632 1197 1675 (pro
1219 1643 1303 1663 nam
1325 1630 1391 1673 et),
1425 1628 1531 1677 quod

172 1683 288 1732 possit
307 1682 527 1730 placere,ut
547 1684 695 1719 vitetur
716 1685 873 1719 iteratio
897 1684 1040 1719 horum
1053 1685 1153 1718 Nam
1175 1693 1210 1718 et
1231 1684 1302 1719 hac
1323 1689 1355 1731 ᾖ.
1371 1696 1408 1720 et
1437 1699 1452 1719 1
1466 1695 1530 1726 17.

176 1740 251 1774 Sed
287 1739 333 1774 ef.
372 1751 453 1774 not.
482 1753 589 1787 exeg.
624 1741 670 1774 ad
701 1744 734 1787 §-
771 1749 833 1783 25.
870 1740 935 1783 26.

175 1796 309 1844 Camp.
332 1804 441 1844 aptus
462 1809 550 1831 cum
570 1796 682 1831 Bodl.
707 1797 828 1831 Andr.

1182 1750 1342 1789 apertus.
1393 1738 1527 1776 Turio.

1015 1796 1134 1833 decor.
1158 1797 1291 1833 Turio.
1314 1802 1352 1843 (a
1370 1798 1439 1832 fec.
1458 1799 1532 1841 m.)

173 1932 310 1967 tricam
345 1931 461 1967 etiam
489 1932 683 1977 yirtutem
706 1932 826 1968 refert

171 1988 215 2023 in
239 1988 535 2024 Schediasmate.

231 2045 366 2080 locare.
408 2044 499 2080 vide
522 2056 602 2081 not.
626 2047 709 2082 crit.

238 2113 330 2148 ²19·
367 2101 578 2136 Trachalus.
610 2104 702 2137 vide
730 2102 764 2144 6,
787 2112 823 2145 3,

175 2164 241 2202 78.
275 2157 522 2193 Conferendo
544 2158 702 2206 singula,
728 2173 824 2206 quae

175 2214 496 2254 demonstrantur,
510 2213 593 2249 loca
612 2216 822 2263 apparebit,

175 2269 390 2305 Trachalus
414 2280 652 2319 quantopere
682 2272 823 2306 debue-

173 2326 228 2361 rit
265 2325 386 2361 lectus
433 2326 656 2362 descendere
687 2328 731 2362 ab
765 2340 822 2367 eo,

175 2381 301 2430 qualis
374 2382 583 2418 videbatur
656 2383 822 2418 auditus.

174 2437 280 2473 Talis
313 2449 468 2486 patrum
498 2439 718 2475 nostrorum
744 2452 824 2473 me·

175 2494 302 2528 moria
325 2496 414 2535 fuit,
440 2509 555 2543 quem
584 2496 826 2543 eloquentiae

177 2551 428 2585 Germanicae
469 2551 667 2601 exemplar
698 2551 827 2586 laudat

175 2604 397 2641 Fridericus
425 2620 589 2656 magnus
620 2609 662 2642 in
687 2606 825 2643 libello

178 2660 225 2696 de
270 2662 492 2699 eruditione
529 2665 826 2706 Germanorum,

883 1933 1218 1981 Regiomontanus
1269 1933 1365 1968 olim
1417 1932 1534 1969 eccle-

883 1990 1025 2028 siastes,
1059 1990 1251 2035 Quantius
1275 1990 1447 2025 nomine.

940 2046 1035 2081 velle
1057 2049 1212 2094 optima.
1261 2046 1348 2092 Quo
1372 2046 1447 2081 hoc
1468 2060 1535 2096 op-

885 2103 1073 2138 timorum
1121 2102 1286 2136 studium
1331 2101 1532 2150 pertinet?

883 2161 944 2194 Au
980 2158 1025 2192 ad
1068 2171 1187 2205 genus
1232 2158 1389 2192 dicendi
1433 2159 1533 2207 opti-

883 2212 1028 2249 mum?
1063 2213 1224 2260 Qualem
1253 2214 1429 2250 vidimus
1463 2215 1532 2252 bo·

883 2284 972 2305 nam
1006 2281 1174 2306 mentem
1209 2279 1259 2311 2,
1297 2282 1366 2310 12,
1405 2281 1466 2307 12.
1498 2282 1536 2307 et

883 2340 977 2361 mox
1009 2327 1058 2360 est
1098 2330 1130 2373 ᾗ.
1169 2336 1258 2362 122.
1301 2328 1351 2361 ad
1389 2330 1534 2376 optima

886 2383 1112 2418 tendentium
1138 2394 1174 2418 et
1199 2387 1230 2430 §.
1259 2392 1348 2426 151.
1379 2385 1534 2427 meliora

883 2439 1007 2474 vellet.
1050 2438 1186 2473 Malim
1211 2450 1337 2474 tamen
1360 2439 1425 2474 hic
1447 2442 1533 2488 qui-

885 2495 971 2529 dem
1007 2495 1053 2529 ad
1095 2495 1328 2531 honestatem
1361 2507 1398 2530 et
1437 2497 1535 2532 recti

885 2563 1054 2585 amorem
1090 2551 1253 2592 nabere,
1287 2552 1357 2600 qui
1385 2552 1429 2588 in
1458 2553 1536 2587 hoc

886 2618 1039 2642 oratore
1082 2608 1315 2655 apparuerit.
1395 2608 1535 2656 Neque

886 2663 990 2698 enim
1020 2663 1170 2699 bonum
1218 2664 1376 2700 dicendi
1414 2677 1536 2714 genus
