1779 3062
351 122 516 168 INST.
553 121 833 170 ORATOR.
870 124 991 168 LIB.
1029 124 1124 180 XI,
1162 136 1207 179 3.
1347 134 1443 183 393

13 250 161 299 1016in
193 247 475 304 ruborem;
520 263 642 295 cum
675 258 824 297 metu
858 246 1085 314 refugit,
1127 249 1234 298 abit
1273 250 1447 300 omnis

101 337 153 375 et
172 326 372 391 pallore
389 321 619 388 frigescit
630 340 644 381 3
669 333 992 390 temperatus
1016 325 1257 375 medium
1274 327 1447 392 quod·

100 402 223 451 dam
257 399 504 449 serenum
543 398 713 448 efficit.
792 402 997 450 Vitium
1032 403 1091 451 in
1133 401 1447 469 superciliis,
1469 422 1521 462 79

99 477 143 527 si
167 489 256 527 aut
279 479 502 527 immota
524 475 647 525 sunt
675 478 916 535 omnino,
957 488 1046 527 aut
1070 481 1305 529 nimium
1330 498 1448 531 mo-

99 555 244 613 bilia,
284 565 376 603 aut
410 554 798 619 inaequalitate,
838 565 900 602 ut
930 555 1094 605 modo
1125 556 1191 604 de
1224 557 1448 623 persona

101 633 304 682 comica
350 631 612 689 dixeram,
676 629 941 688 diffident,
999 643 1090 681 aut
1140 645 1322 683 contra
1370 635 1446 694 id,

101 709 252 775 quod
290 708 541 766 dicimus,
601 706 900 773 finguntur.
1001 712 1100 758 Ira
1138 711 1284 759 enim
1319 729 1448 760 con-

102 788 305 844 tractis,
377 789 447 833 tri
475 788 592 834 titia
632 784 898 842 deductis,
958 783 1196 835 hilaritas
1237 788 1451 839 remiffis

103 862 413 913 ostenditur.
504 862 797 912 Annuendi
837 879 1057 928 quoque
1091 874 1143 912 et
1183 866 1451 915 renuendi

100 1017 291 1067 infirmam
321 1020 580 1055 verecundiam
609 1020 739 1056 Turic.
778 1017 931 1067 infirma
958 1034 993 1056 v.
1026 1019 1155 1056 Guelf.
1190 1020 1323 1070 Camp.
1347 1022 1449 1060 Jens.

101 1078 190 1121 (tac.
215 1076 342 1120 Gesn.)
371 1090 460 1112 cum
491 1077 576 1113 edd.
601 1087 686 1112 ante
709 1077 820 1112 Leid.
844 1090 923 1112 exc.
949 1076 1037 1113 Ald.
1064 1077 1159 1114 Bad.
1182 1088 1219 1114 et
1244 1079 1372 1128 apollo
1393 1094 1450 1116 re·

92 1130 267 1181 frigescit
286 1132 390 1170 Flor.
412 1143 448 1168 et
466 1134 592 1183 pallor
614 1132 821 1182 refrigescit
843 1133 972 1170 Guelf.

187 1245 252 1283 79.
282 1244 346 1270 aut
372 1237 536 1272 immota.
564 1235 699 1271 Ambr.
724 1246 760 1271 2.
800 1234 926 1271 Guelf.
950 1237 1124 1272 inserunt
1153 1246 1204 1273 ut.
1233 1237 1368 1287 Camp.
1386 1253 1450 1274 au-

102 1299 176 1326 tem
196 1293 219 1325 i.
255 1293 352 1326 Mox
374 1293 508 1328 Turic-
530 1291 634 1327 Flor.
648 1290 782 1339 somno
799 1305 871 1340 pro
895 1295 1058 1328 omnino.
1080 1294 1213 1328 Turio.
1234 1293 1459 1345 inaequalia'

102 1348 214 1383 modo
247 1361 334 1383 cum
372 1348 474 1384 Alm.
510 1362 556 1384 ex
587 1361 665 1396 quo
700 1359 737 1383 et
769 1349 852 1397 ipso
883 1349 1042 1383 affertur
1076 1360 1168 1384 nota
1190 1350 1232 1383 in
1251 1349 1379 1386 littera
1400 1354 1447 1387 A.

101 1405 178 1439 Sed
199 1406 409 1453 inaequalia
432 1406 544 1441 modo
567 1404 670 1439 Flor.
692 1405 902 1453 inaequalia
922 1413 987 1440 aut
1009 1419 1055 1441 m.
1077 1406 1209 1454 Camp.
1233 1408 1448 1456 inaequalia

100 1471 169 1496 aut
200 1472 239 1496 ut
269 1475 316 1496 m.
343 1463 458 1497 Tarv.
493 1461 760 1509 inaequalitate
792 1471 858 1496 aut
879 1476 926 1495 m.
944 1462 1080 1497 Ambr.
1105 1473 1142 1498 2.
1165 1464 1203 1496 in
1222 1465 1449 1513 aequalitate

97 1533 135 1553 u.
150 1533 195 1553 m.
220 1517 347 1553 Guelf.
369 1519 466 1556 Jens.
491 1519 580 1562 (tac.
600 1518 732 1559 Gesn.)
765 1519 866 1552 Mox
877 1516 1038 1565 persona
1057 1532 1084 1554 c.
1098 1518 1232 1554 Ambr.
1247 1529 1283 1555 2.
1308 1521 1447 1556 omiffo

99 1576 156 1615 de,
187 1574 249 1609 sed
270 1573 464 1622 pe1sonam
487 1576 661 1608 comicum
683 1573 809 1609 Guelf.
834 1575 928 1608 Exc.
954 1576 1105 1609 Santen.
1124 1575 1221 1610 item
1242 1575 1320 1610 fine
1341 1591 1450 1625 prae·

99 1631 306 1681 positione.
339 1629 498 1680 diſjilent
518 1629 622 1666 Flor.
645 1629 829 1680 diffideret
851 1631 983 1679 Camp.
1015 1633 1091 1666 Pro
1114 1632 1176 1667 Ira
1196 1634 1292 1667 enim
1315 1633 1445 1669 Guelf.

107 1689 156 1723 Ut
177 1702 208 1731 e,
230 1701 319 1723 cum
341 1688 440 1725 Jens.
472 1686 625 1722 Etenim
654 1688 788 1722 Locat.
810 1700 900 1722 curn
922 1687 1082 1735 posterr.
1105 1687 1191 1723 edd.
1215 1699 1300 1724 ante
1322 1691 1450 1726 Stoer.

100 1743 204 1790 (exc.
237 1745 352 1779 Tarv.
386 1744 524 1790 Bad.),
558 1757 655 1791 quae
683 1756 817 1779 omnes
848 1756 965 1783 mox,
999 1756 1087 1778 cum
1119 1745 1242 1785 Jens.,
1274 1746 1450 1783 inserunt

99 1801 223 1850 pudor
241 1799 323 1847 post
341 1798 505 1848 remffis,
536 1810 639 1834 recte
659 1799 904 1847 improbante
931 1799 1069 1839 Badio,
1103 1800 1173 1847 qui
1193 1801 1358 1835 nostram
1375 1803 1449 1838 effe

103 1858 206 1892 etin
236 1855 335 1893 Vall.
366 1856 528 1891 testatur.
576 1857 637 1889 Ex
662 1854 763 1890 Alm.
794 1855 890 1890 haec
918 1856 1153 1891 afferuntur:
1199 1859 1332 1892 etenim
1363 1872 1448 1893 con-

103 1914 232 1948 tractis
254 1921 289 1946 et:
304 1913 478 1947 'hilaritas
501 1910 651 1960 remiffis
671 1909 886 1959 ostenditur,
916 1925 979 1946 me
1002 1913 1161 1959 quidem
1181 1913 1251 1947 vix
1273 1914 1448 1953 credulo.

101 1970 262 2005 diductis
291 1969 423 2003 Turic.
455 1969 558 2003 flor.
592 1981 681 2003 cum
702 1969 838 2003 Locat.
865 1980 901 2004 et
924 1968 1008 2004 edd.
1027 1970 1187 2017 posterr.
1213 1980 1298 2004 ante
1322 1973 1445 2008 Stoer.

103 2036 184 2061 exc.
208 2025 298 2060 Bad.
328 2025 398 2073 qui
418 2038 556 2060 verum
581 2025 669 2060 dare
691 2036 819 2060 narrat
839 2025 939 2061 Vall.
974 2026 1077 2061 Mox
1096 2026 1287 2061 hilaritate
1309 2028 1443 2064 Turio.

100 2082 207 2117 Flor.
228 2082 476 2131 minuendique
506 2080 632 2116 Guelf.
660 2082 880 2118 renuendive
899 2083 998 2120 Jens.
1022 2095 1111 2117 cum
1135 2082 1251 2118 Goth.
1274 2083 1376 2120 Voff.
1404 2093 1443 2121 2.

97 2139 184 2174 edd.
227 2149 312 2173 ante
354 2141 477 2173 Stoer.
519 2151 654 2173 omnes
687 2139 764 2174 fine
793 2148 830 2173 et
863 2139 1128 2187 praecedente.
1192 2141 1267 2174 Pro
1299 2142 1447 2176 ratione

95 2195 236 2232 Ambr.
261 2205 298 2229 2.
327 2197 524 2231 voi-atione
555 2208 645 2230 cum
672 2195 771 2233 Voff.
794 2204 831 2238 5.
862 2197 1071 2231 moratione
1102 2195 1204 2234 Voff.
1234 2209 1266 2232 1.
1304 2198 1342 2230 in
1363 2210 1448 2233 ora·

99 2253 201 2286 tione
233 2251 360 2287 Guelf.
390 2252 486 2285 Exc.
520 2253 672 2287 Samen.
719 2252 820 2287 Mox
842 2252 976 2290 Turio.
1001 2251 1105 2288 Flor.
1135 2252 1229 2297 (hie
1253 2263 1290 2288 et
1311 2262 1351 2287 ut
1373 2267 1448 2302 pro

100 2312 183 2350 auc)
205 2308 338 2356 Camp.
360 2310 598 2342 remittuntur
621 2321 710 2343 cum
720 2307 823 2344 Alm.
846 2309 1082 2344 dimittuntur
1102 2308 1237 2344 Ambr.
1255 2319 1291 2344 2.
1317 2310 1448 2348 Guelf.

99 2363 200 2403 Jens.
224 2366 312 2409 (tae.
334 2363 466 2408 Gesn.)
487 2364 601 2402 Tarv.
624 2376 714 2400 cum
733 2365 840 2405 Voff.
868 2380 902 2402 1.
922 2373 960 2409 5.
984 2366 1193 2402 relevantur
1217 2366 1353 2415 Camp.

155 2497 305 2546 pallore
336 2495 520 2547 frigescit.
578 2499 745 2551 Ablegat
799 2501 951 2537 ratione
977 2499 1136 2549 quidem
1155 2500 1323 2537 naturali
1335 2500 1448 2539 valdo

98 2565 172 2589 nos
221 2553 314 2589 hinc
351 2555 498 2590 Pseudo
510 2557 743 2598 „Turnebus
801 2557 986 2594 alienum.

99 2610 148 2644 ad
168 2610 299 2647 locum
318 2611 516 2647 Macrobii
535 2615 685 2650 Sanun.
704 2625 743 2658 ¹7,

105 2679 122 2701 1
138 2679 168 2704 1.
194 2667 373 2717 lepidum
397 2668 492 2708 sane,
523 2682 745 2721 quanquam
860 2682 925 2720 79.
955 2671 1068 2708 modo
1082 2672 1321 2709 -dixeram
1338 2674 1449 2722 §.74-
