1779 3062
709 113 1108 169 ADDENDA.
1159 176 1161 179 v
1490 127 1591 175 715

230 239 304 275 riis
333 236 403 285 (cf.
434 251 474 288 p
504 244 598 284 425·
631 240 696 284 a..)
739 242 865 291 Quare
898 244 986 278 dum
1016 241 1059 278 in
1091 241 1275 279 sententia
1308 240 1402 289 ejus-
1423 242 1591 291 paucula

234 297 373 336 essent,
413 309 510 345 quae
550 307 595 333 ut
632 296 730 333 viris
762 299 888 335 doctis
928 300 1016 336 satis
1044 299 1207 348 probari
1237 300 1387 348 possent
1410 313 1589 341 ,ver-eret,

232 352 336 388 haesi
366 351 636 401 aliquantum,
689 368 736 389 an
769 369 809 390 ea
838 369 1060 406 premerem
1093 366 1129 391 et
1167 370 1261 404 quae
1291 356 1448 391 veriora
1477 355 1590 391 vide-

231 421 369 445 rentur
398 409 679 447 substituerem.
743 413 857 453 Mox,
890 423 934 448 ut
961 412 1122 449 lecturis
1151 412 1251 462 ipsis,
1276 412 1450 460 eligendi
1466 412 1589 448 facul-

230 476 348 502 tatem
379 467 666 515 relinquerem,
727 470 878 505 cautius
908 470 1036 505 visum
1070 469 1142 509 est,
1202 470 1250 505 ad
1278 468 1386 504 illius
1417 480 1594 505 mentem

232 524 367 558 omnia
396 523 482 559 illic
515 537 708 573 exponere
741 537 1012 574 quantumque
1041 525 1132 562 fieri
1160 527 1286 576 posset
1314 526 1498 565 finnare,.
1523 525 1594 562 hio

230 593 327 616 vero
361 581 407 616 de
438 580 489 616 iis
517 594 613 628 quae
643 582 747 617 secus
780 581 884 617 mihi
912 583 1143 619 viderentur
1171 595 1346 619 monere.
1408 585 1506 618 Sunt
1525 597 1592 618 au·

229 646 307 672 tem
337 637 406 673 illa
439 651 688 686 nequaquam
717 639 761 674 in
790 651 832 673 re
870 639 950 688 ipsa
981 640 1059 675 sita.
1122 641 1228 680 Nam
1258 640 1345 676 bini
1376 639 1441 675 illi
1464 638 1595 686 Quini

229 693 362 730 tiliani
390 705 427 730 et
456 696 639 730 Suetonii
667 694 760 737 loci,
807 695 836 730 [i
864 696 1080 732 naturalem
1112 696 1321 745 utriusque
1352 697 1501 732 sensum
1529 694 1592 730 in-'

229 752 367 792 tueris,
400 762 478 786 tam
508 750 611 787 belle
643 752 747 787 inter
775 754 810 788 se
841 753 1074 801 conspirant,
1106 764 1152 789 ut
1184 753 1436 789 temerarium
1462 753 1509 788 sit
1530 753 1593 800 sos

229 805 309 851 lius
342 807 542 844 Macrobii
573 808 679 843 causa
708 821 850 859 vexare
881 819 1107 858 utrumque.
1139 811 1350 849 Videamus
1370 820 1512 850 autem,
1540 809 1590 856 an

228 863 274 899 in
304 864 513 901 Macrobio
545 878 705 914 quoque
737 867 950 902 satisfacere
980 867 1097 902 nobis
1128 867 1327 915 poffimus.
1388 867 1493 903 Nam
1519 865 1598 916 illa,

231 930 346 970 togae
388 922 431 956 in
470 922 633 957 tunicam
670 924 837 959 mutatio
879 921 945 957 hic
985 922 1051 959 vel
1086 923 1177 960 ideo
1210 923 1418 973 displicere
1441 918 1594 965 'debetss

229 979 338 1026 quod
368 976 523 1014 insolite
560 979 719 1026 prorsus
750 980 899 1015 dictum
936 979 1038 1015 foret
1068 983 1261 1027 praecingi
1293 983 1416 1016 tunica
1444 993 1518 1030 pro
1549 982 1589 1014 in

227 1037 354 1071 tunica
385 1033 451 1069 vel
483 1034 599 1081 etiam
627 1038 880 1084 praecingere.
911 1037 1098 1084 incingere
1120 1040 1305 1072 tunicam.-
1340 1037 1446 1085 quod
1468 1036 1589 1084 longe

228 1091 344 1127 aliter
376 1092 427 1128 est
456 1091 500 1125 in
532 1102 645 1141 toga,
696 1105 817 1141 quae,
866 1091 896 1128 si
934 1105 1028 1128 vera
1065 1092 1114 1129 est
1146 1093 1307 1129 Graevii
1337 1086 1592 1142 aliorumque¹

226 1148 427 1190 sententia,
464 1148 544 1196 ipsa
585 1150 878 1197 praecincturae
907 1149 1094 1192 inservit,
1157 1151 1250 1186 dum
1294 1163 1381 1198 pars
1422 1151 1505 1197 ejus
1535 1150 1592 1185 ita.

227 1205 474 1255 astrinoitur,
521 1216 566 1240 ut
597 1218 722 1241 cetera
763 1220 804 1241 ea
836 1207 1124 1244 contine-‚antur
1182 1208 1373 1255 Quamvis
1408 1208 1513 1242 euim
1546 1201 1594 1243 in

230 1275 276 1298 eo
307 1264 472 1298 minime
504 1263 681 1298 assentiar
714 1264 900 1304 G1aevio,
938 1264 1047 1312 quod
1077 1265 1245 1301 verbum
1272 1267 1512 1320 praecingere
1543 1265 1591 1300 de

227 1319 306 1355 sola
338 1321 484 1368 semper
515 1330 605 1368 toga
632 1320 937 1369 intelligendum
970 1321 1041 1356 esse
1073 1322 1299 1362 contendit,
1353 1321 1432 1356 hoc
1464 1333 1594 1358 tamen.

227 1378 365 1424 negari
402 1390 482 1412 non
526 1377 666 1418 debet,
722 1377 768 1412 de
810 1388 900 1425 toga
942 1391 1102 1428 quoque
1135 1390 1172 1414 et
1200 1378 1303 1413 illud
1336 1389 1374 1414 et
1404 1379 1595 1426 cingendi,

229 1435 445 1481 incingendi
471 1434 641 1469 verbum
673 1435 852 1483 usurpari
879 1435 1006 1483 posse:
1069 1436 1178 1485 quod
1206 1436 1406 1484 imprimis
1429 1435 1592 1471 manife-

222 1490 319 1526 stum
353 1490 426 1526 illo
459 1490 563 1539 apud
599 1491 766 1526 eundem
800 1490 1052 1528 Mam-obium
1085 1492 1164 1542 (2,
1199 1495 1267 1542 9.)
1301 1493 1347 1528 de
1379 1493 1592 1528 Hortensio

222 1547 334 1590 loco,
387 1548 457 1596 qui
497 1547 643 1583 dicitur
683 1548 727 1582 in
767 1550 980 1613 praecinctu¹
1009 1549 1176 1598 posuisse
1218 1563 1363 1586 omnem
1395 1549 1591 1589 decorem,

223 1605 332 1654 quod
367 1604 490 1640 statim
524 1604 692 1653 amplius
725 1604 940 1654 exponitur
968 1606 1012 1641 in
1042 1619 1132 1642 cura
1165 1608 1246 1654 ejus
1279 1618 1411 1655 togam
1445 1606 1589 1642 struen-

223 1662 276 1700 di.
308 1664 396 1697 Imo
429 1661 498 1696 ille
526 1662 605 1710 ipse
638 1664 777 1697 cinctus
799 1660 983 1703 Gabinus,
1017 1663 1088 1712 qui
1118 1664 1196 1699 fuit
1226 1664 1270 1699 in
1301 1675 1404 1713 toga,
1425 1664 1588 1709 demon-

224 1719 340 1755 strare
370 1717 542 1759 videtur,
575 1718 698 1754 alium
732 1719 849 1754 etiam
881 1718 994 1755 fuisse
1025 1720 1258 1769 incingendi
1289 1735 1372 1757 eam
1397 1721 1588 1762 modum3

226 1787 266 1811 et
305 1789 393 1812 cum
434 1776 478 1810 in
517 1775 590 1810 1110
623 1788 711 1824 pars
741 1785 854 1823 togae
886 1774 1008 1810 fuerit
1036 1776 1153 1812 instar
1184 1778 1346 1827 cinguli,
1406 1778 1448 1813 in
1481 1790 1590 1813 com-

222 1834 339 1876 muni
359 1842 489 1868 autem
520 1832 637 1867 instar
668 1832 808 1872 ὂαῑεὲἱς
836 1832 922 1867 sane
942 1845 1024 1868 non
1049 1845 1219 1882 apparet,
1240 1848 1310 1871 cur
1330 1848 1411 1872 non
1432 1845 1588 1870 utrum·

226 1903 302 1939 que
345 1900 382 1925 et
423 1892 581 1925 cinctum
621 1899 809 1925 vocemus
851 1900 890 1926 et
928 1891 1236 1938 praecincturam.
1313 1890 1421 1928 Illud
1469 1891 1589 1927 etiam

226 1947 420 1983 Graevius
451 1957 586 1982 contra
618 1946 867 1982 Mam-obiani
898 1945 980 1982 loci
1008 1949 1277 1986 emendatores
1308 1948 1485 1990 monuit,
1529 1950 1589 1984 la·

229 2006 374 2042 ciuium,
408 2016 525 2052 quam
559 2003 714 2038 traxisse
746 2003 894 2039 dicitur
924 2004 1067 2043 Caesar,
1097 2004 1141 2040 in
1173 2006 1305 2042 tunica
1335 2005 1486 2040 nullam
1513 2006 1589 2041 effe

226 2060 420 2110 potuisse:
462 2070 565 2097 recte
596 2061 705 2101 sane3
749 2060 810 2096 uti
838 2074 910 2096 nec
940 2060 982 2096 in
1011 2061 1149 2112 nostris
1178 2062 1258 2098 five
1287 2056 1476 2104 indu'siis,
1507 2063 1590 2098 sive

227 2117 359 2168 palliis
396 2127 433 2160 et
464 2116 651 2157 lacernis,
712 2117 792 2152 sive
831 2130 1071 2166 quocunque
1100 2119 1331 2155 vestimento
1361 2118 1493 2156 subtus
1522 2132 1589 2155 ro-

228 2175 407 2211 tundato.
461 2174 568 2221 Quid
599 2172 755 2222 igitur?
802 2174 930 2223 ipsum
964 2175 1216 2211 Macrobium
1246 2177 1342 2212 haec
1373 2176 1590 2212 confudisso

228 2229 441 2267 dicamus?
491 2231 564 2266 Sed
599 2232 687 2279 quis
715 2230 858 2272 credat,
892 2232 977 2281 post
1006 2241 1083 2268 tam
1112 2245 1234 2281 pauca
1262 2232 1419 2272 saecula,
1451 2234 1590 2270 stante-

227 2303 306 2337 que
337 2288 465 2324 adhuc
493 2299 628 2323 vetere
657 2290 793 2328 Roma,
827 2288 1062 2325 doctissimos
1084 2289 1200 2325 etiam
1222 2290 1407 2326 homines
1427 2303 1589 2327 omnem

228 2355 342 2394 togae
374 2344 569 2392 rationem
603 2343 798 2380 amisisse?
860 2345 968 2393 Quin
997 2346 1133 2395 potius
1165 2360 1249 2382 eam
1279 2348 1384 2384 viam
1413 2348 1589 2398 ingredi-

227 2414 330 2446 mur,
363 2415 479 2450 quam
511 2402 641 2437 omnis
673 2402 823 2450 ubique
853 2402 970 2438 nobis
1000 2402 1160 2438 historia
1191 2403 1415 2452 monstrat?
1451 2406 1593 2448 Varie,-

228 2470 275 2495 ut
304 2458 397 2494 fieri
427 2457 524 2494 solet
551 2459 595 2494 in
623 2458 793 2500 talibus,
836 2459 1063 2495 narrabatur
1095 2459 1142 2495 de
1175 2445 1344 2498 Caesaris
1373 2463 1417 2498 in
1446 2462 1590 2499 vestitu.

228 2515 487 2564 negligentia,
519 2515 750 2564 dictumque
783 2515 912 2552 Sullae
944 2515 1013 2558 alii
1043 2517 1090 2552 ad
1121 2518 1310 2560 tunicam,
1349 2516 1418 2554 alii
1449 2520 1498 2555 ad
1527 2530 1590 2555 to-

229 2585 320 2621 gam
350 2571 596 2608 referebant·
588 2600 598 2614 ,
635 2572 743 2623 quod
774 2586 820 2609 eo
847 2572 970 2609 tutius
999 2572 1191 2611 faciebant
1221 2573 1394 2626 utrique,
1412 2576 1515 2613 eum
1545 2578 1591 2613 in.

231 2640 424 2723 0111οἒ110
429 2629 677 2722 l{uestimento
717 2629 918 2667 induendo
944 2630 1104 2682 pariter
1140 2632 1247 2670 haud
1280 2633 1401 2671 dubie
1429 2635 1590 2686 'peccare

231 2686 271 2722 so
294 2700 312 2723 e
344 2696 381 2723 at
411 2700 427 2723 1
463 2699 481 2722 e
