1779 3062
177 175 269 230 168
491 175 566 221 M.
604 176 739 221 FAB.
777 177 1191 237 QUINTILIANI

177 302 273 366 qui
308 298 614 366 parcissime,
656 299 836 350 decem
871 304 1020 351 annis
1061 302 1248 351 dicunt
1282 303 1516 351 elabora-

178 389 309 433 tum,
345 377 411 424 ad
443 373 715 425 oratorem¹
743 378 881 426 nihil
912 381 1165 444 pertinet:
1216 382 1363 438 cujus
1393 379 1517 426 nul-

176 455 292 501 lum
316 455 437 508 erit,
471 451 512 500 si
539 464 641 502 tam
664 454 878 503 ‘tardum
901 455 1088 511 fuerit,
1130 455 1404 524 aupzilium,

284 531 342 576 V.
418 530 727 578 Proximum
771 530 871 588 est,
943 543 1003 580 ut
1046 531 1307 587 dicamus,
1385 546 1520 595 quac

173 608 457 670 praecipue
499 602 778 677 scribenda
828 606 943 655 lint.
1052 611 1166 656 Hoc
1230 606 1521 654 exuberan-

182 683 248 731 tis
315 681 536 748 quidem
614 682 684 731 est
762 685 960 749 operis,
1051 694 1112 732 ut
1184 683 1522 748 explicemus,

185 834 303 870 Goth.
337 837 424 877 (tac.
449 837 576 880 Gesn.)
607 837 678 872 nisi
709 837 816 885 quod
845 851 913 886 per
951 839 980 871 I.
1002 836 1162 885 Reliqui
1183 836 1391 884 Smyrnam.
1413 832 1460 868 cf.
1485 844 1522 881 9,

186 900 224 931 2,
256 889 320 934 64.
353 892 448 926 item
478 894 673 928 VV.DD.
706 893 751 927 ad
774 895 861 928 Tac.
888 893 1024 928 Annal.
1049 899 1084 936 4,
1122 894 1186 936 56.

271 947 563 997 quiparczſjime.
594 950 723 983 Turio.
755 964 788 997 q.
823 948 1087 998 parmffz'mum,
1123 964 1143 984 a
1172 951 1241 984 sec.
1273 961 1324 983 m.
1363 944 1525 996 parcff-

184 1017 294 1041 mum.
318 1004 434 1040 Goth.
467 1003 555 1051 (tae.
580 1006 708 1051 Gesn.)
736 1007 869 1054 Camp.
901 1020 1009 1054 quam
1025 1021 1063 1054 p.
1287 1012 1374 1039 tam.
1407 1002 1524 1038 Goth.

185 1062 272 1101 (tac.
294 1058 425 1109 Gesn.)
456 1061 614 1095 omittit.

278 1131 311 1152 1.
337 1116 530 1164 scribenda
544 1115 633 1164 sinc.
663 1117 795 1152 Turio.
826 1116 929 1152 Flor.
968 1116 1095 1153 Guelf.
1127 1117 1260 1165 Camp.
1279 1113 1410 1164 {Goth
1430 1116 1530 1154 Jens.

189 1177 277 1213 (tac.
314 1173 445 1215 Gesn.)
476 1171 614 1220 s.sunt
653 1186 741 1208 cum
777 1173 862 1207 edd.
893 1184 978 1208 ante
1013 1173 1103 1207 Bad.
1144 1173 1270 1208 Modo
1300 1169 1350 1220 est
1381 1172 1532 1208 omittit

186 1228 292 1264 flor.
331 1242 348 1261 a
381 1241 440 1275 pr.
471 1241 523 1263 m.
562 1228 859 1276 Inscriptionem
893 1239 1020 1263 autem
1049 1228 1196 1262 nullam
1230 1229 1375 1264 habent
1405 1241 1532 1276 neque
1565 1222 1569 1225 ¹

187 1284 278 1324 hic,
330 1297 453 1331 neque
481 1284 522 1318 in
553 1284 736 1332 proximo
771 1284 917 1331 capite,
968 1285 1097 1318 Turic-
1132 1284 1236 1319 Flor.
1271 1285 1402 1332 Camp.
1459 1284 1534 1320 Sed.

189 1340 316 1375 Guelf.
352 1351 388 1374 et
421 1339 538 1375 Goth.
590 1341 693 1390 Quae
716 1338 913 1387 scribenda
935 1338 1138 1388 sint(1·ell.
1164 1339 1255 1388 sunt
1288 1350 1373 1375 ante
1404 1340 1534 1384 Bafil.)

189 1398 387 1444 praecipue
409 1408 496 1429 cum
522 1395 605 1430 edd.
628 1406 712 1430 ante
735 1396 844 1431 Gesn.
870 1409 948 1430 exc.
973 1395 1069 1431 Obr.
1287 1398 1377 1432 Hoc.
1399 1397 1534 1432 Turio.

189 1453 289 1486 Haec
322 1465 410 1487 cum
435 1453 533 1489 Jens.
558 1451 673 1486 Tarv.
707 1452 768 1485 hec
801 1453 933 1500 Camp.
965 1466 1052 1486 cum
1075 1453 1192 1488 Goth.
1214 1453 1320 1490 Vols.
1351 1464 1386 1488 2.
1423 1452 1469 1488 cf.
1496 1459 1535 1497 8,

191 1507 228 1547 6,
262 1518 298 1543 2.
489 1507 731 1542 exuberantis.
761 1508 893 1544 Turio.
925 1509 1182 1555 expet-antibus
1207 1510 1256 1544 id.
1287 1523 1308 1543 a.
1327 1510 1394 1544 sec.
1418 1523 1537 1545 manu

189 1562 488 1612 exsuperantibus
517 1565 564 1598 id.
598 1563 700 1598 Flos.
733 1567 771 1606 (a
790 1578 847 1612 pr.
869 1562 941 1611 m.)
974 1578 1016 1598 ex
1048 1565 1313 1612 imperantibus
1345 1566 1404 1606 id,
1445 1578 1536 1600 cum

191 1619 319 1654 Guelf.
342 1620 447 1656 Voff.
480 1635 512 1654 1.
546 1628 581 1661 3.
614 1618 705 1662 (nisi
732 1620 838 1667 quod
861 1620 902 1653 in
925 1620 987 1655 his
1014 1621 1138 1655 tribus
1160 1621 1198 1654 id
1220 1633 1300 1655 nou
1319 1617 1537 1670 com'paret)

190 1675 289 1713 Jens.
325 1679 417 1717 (err.
442 1675 568 1717 Gesn.)
599 1676 716 1711 Tarv.
748 1677 792 1711 Id
821 1686 946 1710 tamen
978 1686 1014 1711 et
1036 1676 1154 1711 Goth.
1187 1676 1316 1712 habet.

281 1732 427 1780 quidem
462 1729 510 1778 est
557 1733 689 1778 operis.
742 1732 873 1767 Turic.
924 1747 996 1781 qua
1035 1733 1131 1767 idem
1159 1735 1285 1780 oporis
1348 1735 1422 1779 (an
1462 1733 1540 1768 fuit

193 1787 414 1830 labo-rifi),
458 1802 476 1821 a
501 1787 565 1821 sec.
589 1801 639 1821 m.
682 1791 768 1835 quia
790 1788 886 1822 idem
908 1790 1038 1835 operis.
1080 1788 1184 1824 Flor.
1225 1789 1262 1835 (a
1283 1803 1340 1837 pr.
1364 1791 1436 1836 m.)
1465 1803 1541 1839 qua

193 1844 232 1877 id
266 1845 394 1891 operis.
437 1846 482 1878 In
503 1842 579 1878 hoc
603 1843 722 1878 inciso
762 1845 909 1893 quidem
940 1844 1065 1879 alieno
1101 1845 1150 1879 est
1177 1844 1279 1885 loco,
1312 1846 1342 1880 [i
1372 1846 1541 1880 refertur

193 1900 239 1933 ad
270 1901 370 1940 Hoc,
403 1912 440 1936 et
469 1899 620 1934 facilius
653 1900 868 1948 applicetur
903 1901 960 1940 ei,
1002 1901 1107 1948 quod
1146 1901 1188 1936 in
1218 1900 1415 1950 plerisque
1443 1912 1540 1938 vett.

193 1955 406 1997 antecedit,
440 1957 489 1991 id.
551 1957 651 1990 Tum
690 1967 852 2005 reponat
883 1956 1023 2004 aliquis
1055 1959 1154 1992 Haec
1185 1959 1437 2005 exuperantiS,
1470 1958 1541 1993 ubi

191 2022 319 2046 tamen
359 2025 485 2060 neque
516 2014 616 2047 Haec
644 2011 845 2060 placuerit,
882 2026 1006 2060 neque
1042 2013 1244 2059 vulgarius
1277 2014 1442 2049 verbum
1464 2015 1542 2049 suc-

194 2069 330 2103 cedens
365 2068 608 2117 exquifitiori
640 2069 881 2104 exuberantis.
941 2071 1001 2104 An
1031 2070 1155 2117 igitur
1184 2071 1253 2104 Hic
1284 2069 1357 2104 erit
1375 2070 1541 2117 proban-

194 2124 286 2158 dum
311 2138 400 2172 prae
441 2126 551 2159 Hoc?
604 2125 811 2160 Libentius
844 2137 988 2164 tamen,
1040 2125 1225 2173 quoniam
1272 2122 1323 2172 eft
1364 2125 1493 2161 exulat
1522 2139 1542 2161 e

192 2180 472 2220 vetustiffimis‚
502 2180 621 2216 modo
657 2181 1020 2228 transpositionibus
1053 2181 1251 2229 indujgeri
1281 2180 1414 2229 poffit,
1448 2182 1542 2217 haec

197 2250 351 2271 eruam:
396 2238 474 2271 Hoc
503 2237 650 2285 quidem
682 2238 913 2271 exuberantis
937 2236 992 2286 sit
1023 2238 1154 2282 operiS.
1201 2237 1246 2272 cf.
1279 2250 1348 2277 10,
1401 2252 1441 2278 ι,
1476 2244 1541 2282 58.
1578 2276 1583 2283 ,

195 2293 289 2327 item
315 2293 380 2327 hic
404 2296 436 2340 ᾗ.
466 2305 527 2339 ¹9·
561 2303 597 2327 et
622 2301 658 2335 5,
695 2305 727 2331 1,
760 2302 796 2335 5.
831 2294 888 2327 Sic
918 2304 1143 2340 corruptum
1166 2294 1207 2327 in
1240 2294 1289 2328 id.
1320 2292 1392 2328 Ille
1413 2305 1544 2329 autem

198 2347 389 2383 ablativus
431 2349 694 2396 imperantibus
735 2359 845 2383 natus
879 2363 926 2384 ex
954 2348 1052 2384 male
1086 2349 1236 2384 divulso
1279 2362 1334 2384 ex.
1395 2349 1544 2386 Similis

196 2405 282 2439 usus
313 2409 376 2439 τοῦ
396 2404 451 2453 sit
478 2417 550 2452 pro
578 2403 698 2452 fuerit
732 2415 780 2449 7,
813 2417 856 2452 9,
894 2412 930 2448 5.
1152 2406 1381 2454 explicemus.
1412 2407 1543 2442 Turio.

198 2527 365 2562 fabulam
415 2529 601 2563 scenicam
649 2540 841 2577 acceptam
898 2527 1126 2562 Plutarchus
1153 2539 1281 2563 narrat
1302 2530 1345 2564 in
1366 2529 1446 2565 vita
1469 2530 1545 2564 Iso-

197 2594 299 2617 recte
319 2595 426 2620 notat
448 2586 610 2633 Capper.
899 2585 1025 2619 cratis.

257 2642 318 2687 qui
355 2639 566 2688 parcfflme.
628 2640 710 2675 Alii
737 2641 841 2676 enim
961 2653 991 2674 ι.
1024 2641 1104 2674 Hoc
1125 2659 1181 2666 —
1203 2637 1252 2687 est
1283 2642 1414 2688 operis.
1461 2640 1544 2677 vid.

199 2695 422 2744 quindecim
446 2709 564 2732 annos
587 2697 781 2745 affignant,
799 2707 842 2733 ut
897 2707 993 2732 nott.
1024 2696 1125 2731 critt.
