1820 3062
242 203 307 237 ρο
557 190 633 236 Μ.
678 189 813 235 FAB.
859 190 1276 253 QUINTILIANI

243 317 414 374 rium,
463 325 515 363 et
544 313 813 364 Hortensii
841 333 939 381 pro
969 318 1143 366 Verre.
1235 317 1381 386 Quin
1417 319 1593 378 etiam,

167 441 179 450 ἡ
245 393 454 442 easdem
497 390 683 447 causas
706 402 768 441 ut
806 394 1039 458 quisque
1078 397 1269 459 egerit,
1318 395 1452 443 utile
1491 397 1592 444 erit

242 469 387 519 scire.
479 469 625 519 Nam
668 468 734 518 de
780 468 943 520 domo
978 471 1258 538 (3100101115ι
1282 470 1416 519 dixit
1453 473 1592 522 Cali-

242 622 405 672 Reliqui
421 623 593 659 inserunt
612 623 660 674 Q.
883 623 1079 675 Hortensii.
1125 624 1255 660 Turic.
1280 623 1382 660 Flor.
1420 623 1590 674 hortensi,

242 693 264 716 a
294 681 362 716 sec.
395 694 448 715 m.
475 691 639 728 uterque
661 678 890 730 hortensium,
926 692 963 716 et
985 683 1032 717 fic
1055 681 1181 717 Guelf.
1205 682 1303 716 Mox
1327 680 1460 718 Turio,
1482 683 1590 717 verri.

329 737 430 788 'Quin
459 738 591 777 etiam,
625 737 723 772 easd.
783 737 915 773 Turio.
944 737 1048 775 Flor.
1080 736 1206 772 Guelf.
1246 738 1378 784 Camp.
1404 738 1484 784 quis
1505 751 1534 771 e.
1559 731 1593 772 ε.

243 807 332 830 cum
364 793 483 829 Goth.
517 793 620 829 Voff.
645 805 683 829 2.
713 793 811 832 Jens.
835 794 949 828 Tarv.
973 793 1155 831 Correxit
1178 794 1344 841 Regius,
1371 792 1431 827 sed
1449 794 1524 839 jam
1547 793 1591 828 111

240 848 343 890 Vali.
363 850 583 899 repositum.
809 857 849 883 ut
870 851 1021 899 quisque
1042 852 1168 898 egerit,
1193 850 1281 884 utile
1303 851 1382 885 erit.
1454 850 1589 885 Tm-ic.
1623 864 1628 869 ·

240 906 345 943 Flor.
377 905 504 943 Guelf.
538 906 669 954 Camp.
703 906 864 955 utrisque
895 907 964 939 eric
993 919 1081 941 curn
1111 905 1229 940 Goth.
1260 905 1363 943 Vols.
1397 917 1432 941 2.
1474 904 1590 941 Bodl.

241 963 370 1008 (Alm.
415 962 571 998 turbare
607 962 780 1006 dicitur)
825 962 922 999 Jens.
952 963 1067 999 Tarv.
1106 962 1250 1010 Regius
1283 962 1481 1009 ingeniose
1512 963 1590 1007 jam

239 1020 428 1061 tentavit,
460 1031 681 1067 quanquam
711 1018 920 1065 recipiente
949 1020 1126 1057 nemine,
1153 1020 1234 1067 quis
1263 1032 1291 1052 e.
1315 1032 1344 1054 e.
1371 1032 1404 1054 σε
1422 1021 1592 1067 utrinque

241 1079 380 1125 egerit,
414 1076 505 1110 utile
537 1077 603 1109 erit
625 1073 743 1123 scire:
784 1075 843 1108 sed
875 1075 957 1122 post
987 1077 1111 1111 varias
1147 1075 1436 1110 emendationes
1466 1075 1591 1110 nostra

241 1134 400 1169 demum
433 1133 475 1167 in
500 1131 609 1167 Bafil.
639 1144 686 1165 ex
712 1130 904 1177 praeclara
939 1133 1061 1178 conj„
1101 1132 1170 1165 nifi
1199 1129 1334 1170 fallor,
1375 1131 1589 1171 Philandri,

239 1190 311 1239 qui
331 1189 541 1236 Regianam
570 1187 615 1221 ad
645 1198 783 1222 verum
804 1187 932 1234 ipsum
955 1187 1130 1223 deduxit.
1163 1197 1203 1223 ut
1222 1189 1373 1236 quisque
1391 1187 1590 1235 quantivis

240 1246 292 1282 eft
321 1245 453 1292 pretii.
676 1243 720 1276 de
751 1243 875 1277 domo.
934 1245 997 1278 Sic
1029 1244 1159 1278 Turio.
1192 1242 1294 1278 Flor.
1325 1243 1452 1279 Guelf.
1491 1243 1591 1288 (nisi

239 1301 346 1351 quod
376 1300 441 1335 1110
475 1299 623 1335 omittit
648 1298 787 1338 domo)
818 1299 950 1347 Camp.
980 1299 1100 1334 Goth.
1133 1299 1240 1336 Voff.
1262 1307 1299 1333 2.
1335 1310 1372 1334 et
1393 1300 1478 1335 edd.
1503 1309 1591 1334 ante

236 1357 326 1393 Ald.
354 1369 431 1392 ace.
469 1355 565 1391 Obr.
598 1354 760 1400 Reliqui
788 1368 856 1400 pro
888 1355 924 1389 cl.
957 1356 1175 1404 corrigente
1208 1355 1346 1403 Regio.
1411 1355 1590 1392 Calidius.

238 1413 372 1450 Turio.
406 1410 510 1448 Flor.
544 1410 711 1446 callidus.
773 1412 906 1460 Camp.
933 1411 1096 1447 callidio.
1123 1414 1170 1448 cf.
1199 1413 1280 1449 Cic.
1305 1411 1351 1447 de
1381 1414 1466 1448 Inv.
1492 1423 1527 1452 2,
1553 1423 1590 1459 9.

237 1470 297 1507 ed.
316 1471 452 1504 Burm.
475 1477 512 1502 et
529 1467 684 1502 Schntz.
743 1468 906 1502 Retineo
927 1467 993 1502 hic
1013 1479 1049 1503 et
1070 1469 1217 1518 ubique
1237 1468 1449 1516 fimplicem
1470 1468 1590 1516 liqui-

237 1527 338 1562 dam·
399 1524 461 1560 Sic
488 1523 595 1559 enim
627 1533 664 1557 et
697 1537 760 1561 11,
791 1531 827 1565 5,
864 1532 953 1566 125.
1013 1523 1118 1560 Flor.
1147 1525 1299 1570 (Turio.
1332 1535 1369 1559 et
1389 1524 1588 1560 Ambrs2.

236 1596 257 1618 a
286 1584 421 1617 Burm.
451 1579 520 1628 qui
548 1579 608 1614 ibi
630 1577 782 1625 duplici
802 1591 945 1613 nomen
966 1580 1107 1621 scribit,
1131 1581 1310 1616 recedere
1330 1593 1410 1616 non
1431 1593 1587 1616 narran-

236 1638 320 1681 tur)
341 1636 468 1673 Guelf.
491 1634 609 1671 Goth.
635 1637 722 1678 (tae.
745 1635 879 1679 Gesn.)
916 1636 1081 1676 Cal1·‹li0,·
1109 1637 1169 1672 sed
1183 1637 1288 1676 Voff.
1309 1651 1341 1671 1.
1358 1646 1393 1680 3.
1429 1637 1586 1678 calaum

235 1705 274 1730 et
305 1705 399 1729 mox
428 1691 524 1727 ibid.
556 1694 588 1738 ᾗ.
617 1697 706 1734 155.
741 1691 868 1726 Guelf.
894 1691 1012 1728 Goth.
1045 1692 1132 1737 (tac.
1155 1695 1289 1736 Gesn.)
1321 1694 1495 1732 Calidio,·
1523 1693 1587 1729 sed

234 1750 369 1787 Turio.
390 1748 494 1785 Flor„
516 1747 624 1784 calio.
683 1747 819 1783 Ambr.
842 1758 879 1784 2.
903 1761 984 1784 11011
1003 1761 1254 1785 memoratur.
1301 1751 1401 1785 Item
1431 1759 1494 1791 12,
1522 1762 1585 1791 ιο,

288 1884 533 1935 Quinetiam,
565 1881 719 1917 easdem.
777 1883 880 1920 Vide
937 1883 1063 1918 noster
1101 1897 1174 1925 11,
1210 1893 1247 1926 5,
1286 1891 1376 1927 155.
1418 1894 1490 1925 12,
1518 1896 1583 1924 10,

231 1940 335 1975 mihi
351 1954 399 1975 ne
419 1940 462 1974 in
480 1938 774 1986 exquifitiorum
789 1940 879 1986 qui·
940 1952 956 1973 1
971 1955 1004 1974 1.
1036 1950 1100 1988 39.
1159 1940 1298 1976 Noster
1321 1952 1448 1976 autem
1472 1939 1584 1976 locus

232 1996 320 2031 dem
340 1994 626 2032 vocabulorum
654 1996 877 2030 usucaven-
934 1995 1038 2031 nihil
1075 1997 1169 2032 facit
1206 1998 1399 2032 momenti
1435 1997 1478 2032 in
1514 1997 1582 2031 ista

232 2063 310 2088 tem
357 2053 428 2089 fibi
475 2052 521 2087 ab
563 2050 766 2086 iteratione
806 2064 877 2086 no—
936 2053 1123 2088 orationis
1150 2054 1439 2093 Ciceronianae,
1464 2066 1581 2101 quam

230 2102 373 2150 strum;
411 2121 501 2143 nam
530 2107 650 2142 modo
680 2118 759 2142 erat
788 2109 877 2157 quin
932 2122 1036 2144 nunc
1084 2109 1252 2157 legimus
1310 2122 1383 2157 pro
1445 2109 1578 2149 domo,

227 2167 342 2201 etiam
362 2166 429 2212 (cf.
446 2177 481 2212 9,
497 2170 532 2207 4,
552 2172 642 2207 151.
666 2172 702 2211 ’9,
717 2173 753 2206 5,
768 2163 872 2211 78.):
933 2166 1049 2199 causa.
1080 2166 1218 2214 Neque
1240 2165 1343 2200 enim
1365 2164 1579 2204 dubitatur,

227 2217 299 2257 nec
322 2219 557 2271 anaphoram
577 2219 644 2254 hio
664 2219 783 2255 ullam
804 2233 873 2268 po·
933 2222 1029 2268 quin
1065 2222 1110 2256 ad
1137 2220 1341 2271 pontifices
1381 2221 1427 2256 de
1457 2222 1576 2280 domo

227 2278 306 2313 tuit
323 2278 511 2313 affectare.
931 2277 992 2311 sua
1025 2278 1170 2313 dixerit
1202 2278 1364 2314 Cicero:
1414 2278 1495 2314 vid.
1527 2277 1577 2312 ad

242 2379 246 2382 ὓ
283 2335 330 2369 de
351 2335 463 2369 domo
490 2334 675 2370 Ciceronis
695 2351 750 2359 -—
772 2332 871 2368 Cali-
929 2334 1006 2369 Att.
1024 2340 1063 2379 4,
1078 2345 1113 2369 2.
1148 2334 1377 2370 Orationem
1397 2335 1442 2369 de
1460 2334 1574 2370 domo

225 2388 320 2424 clius.
379 2392 497 2425 Hunc
529 2400 744 2428 oratorem,
773 2401 870 2436 quo·
927 2388 1026 2433 (non
1055 2404 1123 2437 pro
1152 2391 1208 2436 d.)
1244 2390 1463 2439 inscriptam
1491 2403 1573 2425 me-

224 2458 300 2493 que
349 2445 561 2494 eloquendi
607 2458 745 2494 genere
782 2445 869 2480 usus
925 2456 1079 2481 morant
1119 2446 1260 2495 Aquila
1300 2448 1496 2482 Romanus
1536 2456 1574 2482 et

220 2494 359 2541 fu’erit,
391 2503 593 2550 cognoscas
628 2515 646 2537 e
668 2501 868 2537 Ciceronis
923 2500 1053 2538 Julius
1066 2502 1304 2543 Rufinianus,
1325 2503 1372 2539 cf.
1384 2503 1505 2538 Wolf.
1528 2503 1572 2538 in

219 2558 344 2592 Bruto
380 2567 443 2605 79.
479 2566 542 2602 30.
602 2558 869 2592 Meminerant
922 2558 1040 2605 praef.
1099 2570 1267 2606 quatuor
1324 2559 1569 2595 orationibus

220 2613 396 2658 ejusdem
435 2615 534 2650 Caes.
576 2616 619 2650 B.
662 2615 704 2650 C.
752 2628 767 2648 1
784 2641 794 2655 ,
827 2623 864 2650 2.
926 2613 1044 2654 (Berl.
1094 2621 1211 2658 1801.
1250 2617 1320 2660 8.)
1366 2616 1568 2664 praemissa

216 2667 345 2704 Festus
371 2668 415 2703 in
447 2670 575 2711 Sufes,
608 2669 796 2706 Eusebius
822 2669 864 2704 in
917 2682 957 2718 p.
984 2676 1044 2713 15.
1065 2670 1109 2707 it.
1132 2671 1346 2708 Marelaud.
1370 2672 1426 2709 ib.
1445 2685 1483 2721 p.
1500 2671 1566 2716 63.

217 2723 417 2784 Chronico
449 2738 550 2761 anno
587 2727 716 2773 1960,
766 2726 863 2763 item
