1779 3062
357 178 520 222 INST.
557 177 836 222 ORATOR.
874 178 996 221 Ltss.
1031 179 1104 233 x,
1144 190 1190 232 3.
1355 184 1452 234 149

101 320 211 354 non
232 300 612 367 indignatione.
670 302 742 348 Ut
763 300 1008 365 possimus
1030 312 1206 351 autem
1225 300 1451 350 scribere

101 382 257 429 etiam
292 381 445 444 plura
479 378 727 434 celerius,
790 395 901 426 non
946 383 1242 428 exercitatio
1281 378 1447 429 modo

100 457 391 523 praestabit,
425 458 482 504 in
520 472 621 519 qua
645 452 754 502 sine
786 454 955 502 dubio
978 457 1210 503 multum
1237 455 1324 512 est,
1362 454 1453 504 sed

100 535 257 582 etiarn
293 537 458 592 ναίἰος
519 530 554 579 sl
586 549 697 579 non
736 529 1001 596 resupini,
1058 530 1453 597 spectantesque

99 621 322 667 tectum,
367 620 417 658 et
451 609 825 673 cogitationem
863 625 1143 656 murmure
1183 611 1451 673 agitantes,

100 686 587 751 exspectaverimus,
629 685 762 749 quid
787 685 1052 742 obveniat,
1092 683 1181 732 secl
1205 686 1338 749 quid.
1363 703 1448 735 res

99 763 289 829 poscat,
329 763 463 827 quid
493 761 770 828 personam
802 761 997 819 deceat,
1039 761 1189 826 quod
1220 760 1281 809 fit
1318 772 1452 810 tem-

97 846 230 906 pus,
287 842 381 904 qui
412 840 603 901 judicis
652 840 885 896 animus,
943 840 1153 896 intuiti,
1213 839 1451 887 humano

100 917 335 981 quodam
378 916 542 966 modo
588 915 653 963 ad
694 914 1033 963 scribendum
1079 913 1451 963 accefferimus.

98 995 182 1043 Sic
215 994 371 1043 nobis
401 1004 451 1041 et
483 993 660 1050 initia,
701 1002 752 1040 et
785 992 934 1056 quod
967 990 1222 1055 sequitur,
1263 1002 1453 1040 natura

98 1069 206 1136 ipsa
241 1069 557 1136 praescribit.
656 1071 810 1120 Certa
840 1068 964 1118 sunt
1007 1070 1151 1118 enim
1179 1070 1450 1135 pleraque,

93 1237 221 1286 fecero
250 1248 338 1278 tum,
370 1238 436 1273 hic
466 1238 516 1273 cul
535 1236 735 1285 perfectum
762 1250 848 1271 cum
871 1237 990 1272 Goth.
1221 1237 1331 1284 plura
1358 1237 1451 1271 cele-

100 1297 184 1329 rius,
225 1295 288 1330 Sic
317 1295 449 1330 Turic.
487 1293 590 1328 Flor.
628 1293 759 1341 Camp.
794 1293 912 1328 Goth.
941 1294 1037 1331 Jens.
1073 1296 1161 1334 (tae.
1197 1295 1325 1335 Gesn.)
1358 1306 1450 1327 cum

98 1352 203 1387 Voff.
226 1365 258 1386 1.
285 1361 320 1384 2.
343 1360 378 1393 5.
413 1361 450 1386 et
470 1350 555 1384 edd.
582 1360 667 1384 ante
688 1348 773 1384 Ald.
800 1362 874 1384 ace.
899 1350 991 1384 Bad.
1017 1349 1173 1396 Reliqui
1198 1351 1370 1384 inserunt
1402 1357 1451 1384 et-

99 1409 147 1442 ln
168 1406 295 1443 Guelf.
319 1406 476 1442 videtur
500 1406 569 1440 csse
593 1405 678 1441 1100.
707 1407 839 1453 Camp.
867 1406 986 1440 modo
1011 1415 1045 1440 et
1067 1419 1138 1454 pro
1165 1409 1289 1442 etiam.

187 1472 330 1499 tectum.
374 1464 506 1497 Turic-
541 1461 644 1496 I'lor.
677 1461 760 1506 (1110
784 1475 800 1495 a
824 1476 882 1509 pr.
908 1463 979 1503 m.)
1015 1463 1214 1498 omittunt.

187 1521 451 1566 cogitationem
474 1532 665 1553 murmure.
699 1518 830 1552 Turio.
868 1520 1138 1565 cegitationum
1161 1532 1350 1555 marmere.

182 1576 263 1611 obv.
283 1574 353 1623 sed
386 1576 486 1622 quid.
530 1574 662 1608 Turio.
699 1573 801 1608 flor.
836 1573 962 1608 Guelf.
994 1575 1126 1622 Camp.
1169 1576 1359 1610 omittunt
1384 1574 1455 1624 sed

99 1647 188 1669 cum
218 1631 336 1666 Goth.
366 1631 471 1667 Voff.
502 1643 536 1667 1.
569 1630 691 1673 (Voss.
715 1641 751 1664 2.
781 1629 888 1664 nulla
917 1630 960 1664 in
993 1629 1070 1665 1100
1102 1631 1269 1674 mentio)
1309 1643 1346 1666 et
1367 1630 1453 1668 edd.

98 1700 183 1724 ante
208 1687 358 1736 Gryph.
387 1688 528 1722 Inserta
562 1686 612 1721 est
643 1685 831 1734 particula
860 1699 907 1721 ex
941 1687 1125 1733 ingenio,
1157 1689 1267 1733 cujus
1292 1689 1454 1736 quidem

97 1746 246 1786 nescio,
280 1744 340 1778 sed
374 1743 594 1778 necessario.
831 1744 967 1778 intuiti.
1008 1744 1142 1779 Turic.
1175 1744 1312 1779 intulit.
1345 1743 1452 1780 Flor.

103 1803 275 1841 intulitu,
306 1814 326 1834 a
347 1801 414 1834 sec.
436 1814 487 1834 m.
514 1801 659 1838 intuitu,
687 1800 793 1835 etsie
820 1800 938 1835 Goth.
963 1799 1059 1837 Jens.
1086 1801 1175 1844 (tac.
1201 1799 1330 1843 Gesn.)
1362 1813 1453 1836 cum

102 1857 203 1894 Vall.
230 1868 267 1891 et
292 1856 376 1891 edd.
397 1856 555 1904 postcrr.
587 1867 672 1892 ante
693 1855 780 1890 Ald.
805 1868 880 1890 acc.
901 1856 993 1890 Bad.
1026 1856 1100 1890 Sed
1122 1858 1256 1904 Camp.
1288 1870 1361 1904 pro
1390 1857 1453 1893 his

103 1915 229 1948 intuiti
257 1913 291 1946 h.
325 1926 357 1960 q.
388 1927 433 1946 m.
470 1926 503 1947 a.
526 1910 635 1959 scrib.
668 1912 751 1947 dat:
783 1923 854 1959 quo
890 1913 1035 1946 interim
1065 1914 1189 1947 animo
1223 1913 1372 1947 tandem
1403 1913 1454 1948 ad

93 1968 206 2019 scrib.
238 1979 274 2003 et
305 1969 354 2003 [10
381 1967 467 2003 Ald.
489 1968 673 2004 Nostrum
709 1967 915 2017 reposuiffe
946 1968 1104 2003 videtur
1129 1968 1361 2008 Philanderz
1391 1970 1452 2005 in·

103 2026 267 2073 geniose.
298 2026 446 2060 Bonam
471 2025 623 2072 copiam
647 2025 769 2070 ejurat
785 2024 944 2071 Regius,
970 2025 1035 2058 cui
1057 2035 1093 2059 et
1113 2036 1294 2074 corrupta
1314 2026 1453 2065 nostra,

104 2081 230 2126 etjlla
252 2081 492 2129 legebantur,
526 2094 621 2128 quae
643 2081 688 2116 ab
718 2080 905 2115 audaculo
925 2081 1120 2128 Campano
1153 2082 1339 2117 videntur
1361 2095 1453 2130 pro·

100 2138 209 2173 secta.
441 2138 540 2186 quod
554 2136 733 2185 sequitur.
776 2137 838 2172 Sic
860 2137 992 2172 Turic.
1012 2136 1115 2173 Flor.
1148 2137 1234 2181 (1110
1256 2152 1274 2172 a
1297 2151 1356 2186 pr.
1379 2141 1453 2184 m.)

101 2195 235 2244 Camp.
270 2193 432 2243 Reliqui
459 2207 551 2243 quae
571 2191 783 2242 sequuntur.
1048 2193 1276 2242 praescribit.
1318 2195 1453 2244 Camp.

160 2333 223 2370 15.
272 2325 434 2375 resupini
463 2346 518 2354 --
548 2327 636 2376 quid
680 2327 743 2362 ob·
801 2327 885 2363 obv.
917 2338 996 2374 quo
1027 2327 1106 2375 ipse
1134 2325 1245 2362 locus
1274 2328 1454 2376 geminus

100 2385 237 2418 veniat.
281 2383 436 2418 Accidit
464 2383 604 2424 nostro,
637 2383 745 2431 quod.
803 2384 972 2419 deducit.

102 2440 210 2487 supra
240 2443 274 2486 §.
303 2451 346 2486 9,
389 2451 433 2475 ut
468 2441 529 2474 sua
556 2450 747 2488 repeteret
858 2441 1018 2474 humano
1037 2459 1093 2465 ——
1112 2439 1236 2474 modo.
1266 2439 1329 2475 Sic
1350 2441 1378 2475 F
1400 2440 1454 2475 la-

102 2496 322 2536 immemor,
343 2509 437 2543 qnae
459 2498 542 2531 sunt
562 2508 597 2537 2,
616 2509 677 2537 ιι,
706 2502 742 2539 4.
803 2496 923 2532 tinam
977 2509 1124 2543 „paene
1164 2507 1243 2530 non
1292 2496 1455 2533 humana

103 2552 179 2597 (cf.
217 2565 290 2587 nos
331 2552 373 2586 in
411 2552 528 2601 praef.
571 2566 608 2601 p.
641 2553 747 2596 38.)
807 2557 959 2593 „voce“
1002 2550 1204 2586 efflandam
1255 2553 1350 2589 dicit
1393 2565 1456 2594 12,

103 2611 200 2644 Sunt
219 2619 345 2643 tamen
374 2609 530 2657 utrique
556 2609 643 2644 loco
666 2609 750 2643 suae
814 2621 888 2649 10,
923 2619 997 2654 29,
1030 2608 1130 2642 unde
1161 2619 1271 2656 putes
1302 2610 1456 2650 „huma-

101 2678 282 2704 veneres,
325 2675 368 2700 ut
395 2666 659 2712 geminatione
693 2678 751 2699 ca·
809 2679 923 2706 „num
954 2664 1146 2699 moduni“
1180 2667 1329 2715 opponi
1364 2681 1457 2701 mur-

104 2733 186 2756 rere
216 2720 335 2756 nolis.
390 2721 531 2759 Malim
557 2721 622 2756 hic
653 2721 753 2771 quod
810 2723 904 2756 muri
926 2721 1035 2769 supra
1058 2721 1197 2770 posito.
1250 2723 1323 2758 Sed
1344 2723 1458 2771 quid-

1473 1086 1523 1123 16
