1779 3062
391 146 558 193 INST.
596 147 879 196 ORATOR.
914 151 1038 197 Lm.
1075 153 1175 208 x1‚
1225 164 1269 196 1.
1410 161 1512 210 ως,

139 274 284 328 Illud
317 273 391 325 est
423 273 734 341 diligentius
759 273 1082 334 docendum,
1122 292 1247 325 eum
1282 275 1501 327 demum
1525 294 1551 334 8

139 355 316 404 dicere
352 363 500 419 apte,
540 353 663 417 qui,
705 369 820 401 non
858 351 1033 401 solum
1072 354 1199 417 quid
1239 355 1501 418 expediat,

139 429 233 479 sed
263 431 419 479 etiam
457 431 584 495 quid
612 430 816 486 deceat,
873 428 1178 495 inspexerit.
1256 432 1374 479 Nec
1413 448 1501 480 me

139 504 308 573 fugit,
349 507 669 572 plerumque
702 506 830 554 haec
856 502 954 554 effe
979 509 1274 567 conjuncta.
1353 508 1499 556 Nam

140 583 290 649 quod
325 583 505 642 decet,
553 582 665 631 fere
693 581 934 647 prodest:
987 599 1163 647 neque
1193 584 1298 633 alio
1327 585 1496 650 magis

139 661 306 709 animi
339 660 584 723 judicum
619 659 909 716 conciliari,
945 669 1053 716 aut,
1090 658 1134 707 si
1164 677 1246 709 res
1277 661 1336 708 in
1371 678 1498 710 con-

136 739 362 787 trarium
397 738 548 795 tulit,
623 737 841 785 alienari
880 733 1064 785 solent.
1182 737 1488 802 Aliquando
1515 754 1539 792 9

136 824 314 863 tamen
363 825 415 863 et
445 814 574 863 haec
618 811 941 862 diffentiunt.
1062 816 1284 882 Quoties
1318 825 1500 864 autem

135 892 482 958 pugnabunt,
560 891 726 957 ipsam
771 891 1062 940 utilitatem
1119 891 1300 940 vincet
1346 891 1499 957 quod

135 968 299 1017 decet.
381 970 522 1018 Nam
565 971 687 1034 quis
717 966 895 1026 nescit,
935 968 1077 1017 nihil
1110 969 1276 1034 magis
1310 967 1499 1035 profu-

132 1056 320 1096 turum
340 1045 407 1095 ad
432 1044 822 1097 absolutionem
846 1047 1044 1096 Socrati
1062 1043 1233 1104 fuisse,
1274 1063 1435 1112 quam
1452 1045 1498 1096 [i

215 1207 252 1246 8.
284 1201 514 1249 diligentius.
555 1202 689 1238 Turio.
720 1201 824 1237 Flor.
855 1201 940 1247 (hic
972 1216 991 1237 a
1021 1214 1086 1251 pr..
1113 1201 1186 1244 m.)
1214 1199 1495 1250 subdiligentis·

131 1258 267 1296 Tuber
288 1258 366 1294 hoe
388 1259 562 1294 eminens
585 1269 718 1293 natum
750 1259 918 1307 suspicor
949 1259 1086 1294 eodem
1111 1271 1254 1299 errore,
1285 1271 1364 1306 quo
1384 1259 1494 1294 istam

130 1314 248 1366 paulo
271 1326 358 1350 ante
379 1314 636 1362 omissioneni,
660 1318 692 1361 §.
718 1315 754 1350 6.
779 1314 863 1363 post
882 1315 1098 1364 digerenda.
1276 1315 1494 1352 docendum.

131 1374 269 1421 Camp.
311 1371 506 1407 dicendum
544 1371 636 1420 (qui
677 1382 714 1406 et
756 1384 851 1407 mox
892 1372 1041 1408 omittit
1077 1366 1240 1423 demum)
1272 1384 1362 1406 cum
1393 1373 1493 1410 Jenf.

129 1430 247 1465 TarV.
485 1430 573 1476 quid
595 1442 677 1475 exp.
713 1429 847 1464 Turio.
871 1428 1004 1476 Camp.
1025 1429 1126 1476 quod
1149 1443 1178 1463 e.
1205 1441 1293 1463 cum
1317 1428 1437 1464 Goth.

210 1483 281 1534 sed
302 1487 417 1521 etiam
435 1504 489 1512 —
511 1486 716 1529 conjuncta,
748 1487 861 1521 Nam.
903 1485 1038 1520 Turic.
1063 1484 1168 1520 Flor.
1193 1484 1277 1528 (hic
1298 1497 1317 1518 a
1341 1498 1400 1532 pr,
1426 1498 1495 1528 rm,
1566 1506 1573 1517 1

129 1556 204 1580 nec
240 1542 392 1577 fortasse
427 1542 559 1577 omnia
593 1541 708 1581 haec,
754 1542 817 1577 fed
849 1541 934 1590 post
960 1542 1089 1577 deceat
1120 1541 1261 1588 modo)
1293 1541 1495 1578 omittunt.

132 1600 237 1637 Alm.
268 1609 305 1634 et
333 1599 412 1647 ipse
454 1599 612 1647 ignorat
648 1598 762 1633 haec:
827 1596 1101 1647 inspexerit—
1123 1599 1329 1642 conjuncta.
1384 1599 1498 1634 ΙΨαηῑ.

134 1657 202 1702 (cf.
232 1668 296 1696 10,
326 1665 361 1699 7,
389 1655 475 1700 26.)
514 1656 623 1691 Inter
650 1654 746 1691 haec
773 1668 846 1704 pro
879 1669 914 1703 q.
940 1655 1069 1689 deceat
1098 1654 1217 1691 Goth.
1249 1653 1340 1701 (tac.
1363 1655 1498 1699 (ἰείη.)

135 1728 169 1764 q.
201 1714 316 1748 decet.
608 1712 706 1760 quod
737 1712 849 1748 decet.
883 1710 988 1748 Flor.
1020 1714 1057 1754 (a
1088 1713 1155 1747 sec.
1185 1713 1258 1755 m.)
1286 1711 1423 1747 Ambr.
1457 1722 1497 1747 2.

133 1772 269 1817 Camp.
292 1784 327 1819 q.
355 1770 483 1805 deceat
511 1781 600 1807 cum
624 1767 728 1803 Alm.
752 1769 841 1817 (qui
861 1779 898 1804 et
917 1768 1025 1816 quid)
1052 1768 1156 1806 Voss‘.
1186 1782 1222 1803 1.
1247 1779 1282 1804 2.
1304 1777 1342 1811 3.
1376 1767 1496 1804 Goth.

134 1827 234 1866 Jens.
261 1827 376 1862 Tarv.
611 1826 785 1870 judicum.
805 1824 909 1861 Flor.
940 1823 1033 1873 (qui
1055 1835 1091 1860 et
1110 1837 1206 1860 mox
1218 1820 1338 1874 solet)
1360 1826 1496 1873 Camp-

132 1883 317 1930 judicium
337 1896 425 1918 cum
447 1882 554 1920 Voff.
581 1891 616 1925 5.
639 1882 704 1916 eui
723 1881 982 1921 Burmannus,
1006 1892 1050 1917 ut
1073 1892 1110 1917 et
1130 1881 1282 1929 aliquot
1299 1891 1497 1930 praeterea

139 1939 263 1975 nostri
282 1941 395 1976 etiam
417 1939 460 1974 in
477 1937 695 1974 Declamm.
725 1938 835 1978 locis,
855 1937 1094 1987 praesidium
1113 1937 1250 1974 frustra
1276 1938 1429 1986 quaerit
1449 1949 1498 1973 ex

138 1997 402 2045 grammatica,
425 1996 626 2031 remittens
648 1994 716 2031 ille
736 1995 784 2030 ad
803 1996 889 2033 VV.
904 1995 996 2031 DD.
1016 2007 1126 2030 notas
1146 1996 1188 2030 in
1207 1994 1384 2030 Declam.
1399 2003 1497 2038 5¹0·

140 2055 197 2101 (p.
222 2054 357 2089 Burm.
383 2052 510 2095 610.).
562 2054 625 2087 TL
646 2052 738 2087 vide
759 2065 830 2087 nos
850 2051 895 2086 ad
921 2060 958 2091 2,
997 2051 1060 2091 16,
1094 2058 1129 2096 4.
1161 2051 1232 2088 ubi
1261 2062 1390 2088 totum
1414 2063 1497 2101 cap.

143 2110 206 2146 '16-
238 2109 334 2146 libri
351 2110 420 2145 fec.
442 2109 488 2145 de
509 2107 701 2156 Analogia
719 2108 894 2144 Voffiani
922 2108 1216 2145 consulendum.

230 2189 266 2225 9.
298 2177 535 2226 profuturum
563 2177 613 2212 ad
650 2176 933 2225 absolutionem.
967 2177 1099 2212 Turic.
1128 2176 1233 2212 Flor.
1262 2174 1500 2225 profuturam

140 2233 218 2283 abs.
253 2237 313 2270 Ex
339 2235 441 2270 Alm.
472 2233 532 2269 nil
563 2234 635 2269 nisi
665 2233 918 2283 profuturam.
951 2233 1084 2282 Camp.
1108 2233 1186 2269 hoc
1216 2233 1341 2269 solum
1361 2243 1502 2274 mutat,

140 2303 186 2327 ut
219 2291 489 2341 absolutionem
514 2291 716 2340 praeferat.
1036 2292 1191 2327 Socrati.
1232 2290 1338 2328 Flor.
1371 2289 1501 2328 Guelf-

202 2432 239 2470 8.
270 2424 369 2476 quod
392 2426 505 2466 decet,
532 2424 614 2473 fere
633 2421 795 2474 prodest.
852 2425 966 2467 bius,
1009 2438 1126 2474 quam
1161 2423 1371 2473 praedicit,
1406 2424 1505 2473 quid

142 2482 260 2523 ,‚Vid.
286 2497 381 2530 quae
400 2482 602 2518 laudamus
622 2482 669 2517 ad
691 2488 714 2527 8
736 2494 794 2531 pr.
851 2483 1022 2518 facturus
1053 2482 1099 2517 [it
1131 2482 1302 2529 optimus
1338 2481 1504 2531 quisque

141 2545 268 2588 ‚,19.“
307 2540 507 2576 Gesnerus.
854 2549 1000 2579 orator,
1030 2538 1215 2586 idemque
1241 2538 1320 2573 vir.

203 2609 239 2644 9.
268 2598 400 2631 vincet.
428 2596 580 2631 frustra
609 2595 794 2631 francius
910 2593 1148 2643 profuturum
1168 2595 1217 2630 ad
1238 2592 1510 2643 absolutionem.

142 2666 331 2701 reponere
408 2651 570 2689 volebat
656 2655 795 2690 vincat.
853 2653 1012 2689 Socrati.
1073 2653 1136 2687 De
1175 2651 1247 2686 hac
1293 2665 1335 2688 re
1383 2653 1509 2702 vulgo

91 2707 96 2712 “
143 2711 285 2759 Neque
319 2709 425 2745 enim
454 2720 534 2746 tam
564 2710 696 2747 suadet
730 2710 800 2746 Pa·
857 2719 951 2746 nota
970 2708 1116 2752 omnia,
1139 2718 1178 2746 et
1197 2718 1302 2746 recte
1322 2708 1512 2747 lectorem
