1779 3062
427 132 590 179 1Ns'r.
631 116 910 180 ORATOR.
944 133 1066 180 Lm.
1089 133 1197 191 ΧΠ,
1240 147 1315 181 ιο.
1453 136 1551 195 645

203 268 470 330 eluuntur,
523 270 575 308 et
616 258 826 309 servant
864 259 1207 326 personarum
1251 262 1546 314 discrimen.

200 330 274 386 sta
315 355 425 402 quo
469 338 697 403 quisque
737 338 859 402 plus
899 335 1063 387 efficit
1110 338 1365 399 dicendo,
1442 341 1547 391 hoc

197 415 379 480 magis·
404 412 697 464 secundum
736 425 979 464 naturam
1019 417 1353 483 eloquentiae
1397 417 1540 468 dicit.

197 485 534 561 Quapropter
561 496 650 542 stne
699 490 807 540 illis
853 492 1074 559 quidem
1114 495 1345 544 nimium
1385 512 1542 563 repu-
1571 508 1618 551 45

194 703 441 754 plicandum:
501 705 588 741 dum
618 705 817 754 loquuntur
845 703 869 740 f.
903 706 940 740 in
967 706 1166 755 loquendo.
1224 709 1330 744 Haec
1367 709 1539 745 conside-

195 762 298 798 ranti
323 772 474 812 accepta
503 762 656 798 fortass'e
685 762 819 798 veniat
846 761 1039 798 Obrechti
1069 765 1253 814 scriptura
1283 767 1336 801 At
1356 766 1464 801 aliter
1483 766 1537 801 lo-

195 824 364 868 quuntur.
437 820 510 855 Sed
546 820 634 856 usus
673 818 784 854 vocis
823 819 933 854 aliter
968 832 1041 868 pro
1079 820 1322 870 diversimode
1356 821 1535 863 aliunde,

195 875 304 924 quod
331 875 458 916 sciam,
487 876 663 911 nondum
693 876 878 923 probatus
909 875 970 911 est.
1029 877 1262 926 Exemplum
1295 879 1398 914 enim
1429 879 1536 927 quod

197 944 244 967 ex
271 931 391 979 ipsius
424 931 542 966 nostri
571 931 672 972 loco,
702 932 801 967 infra
831 936 866 980 ᾗ.
896 942 960 976 7ο.
993 933 1076 981 peti
1106 934 1234 982 poffit‚
1264 949 1342 971 non
1371 935 1534 971 admitto

193 1001 243 1022 ex
274 987 392 1023 causis
423 987 482 1023 ibi
511 988 763 1037 exponendis.
821 989 962 1036 Neque
989 987 1061 1024 illo
1094 990 1209 1029 alter,
1250 991 1357 1039 quod
1386 990 1452 1026 hic
1482 991 1532 1026 est

191 1043 235 1079 in
263 1043 435 1084 vetustis,
464 1055 645 1093 tanquam
675 1045 836 1095 vestigio
867 1045 928 1080 uti
957 1044 1098 1093 aliquis
1134 1047 1268 1096 poffit3
1326 1046 1403 1082 hoc
1427 1048 1531 1082 enim

192 1113 283 1137 cum
310 1099 438 1137 ah'eno
470 1101 559 1137 loco
584 1102 753 1151 positum
783 1102 841 1143 sit,
871 1102 941 1136 vix
963 1101 1102 1138 dubito
1124 1114 1258 1138 natum
1282 1116 1328 1138 ex
1351 1101 1443 1152 sigla
1465 1103 1533 1139 illa

191 1150 253 1199 al,
288 1169 384 1206 quae
416 1170 505 1193 cum
535 1159 721 1194 varietate
759 1158 940 1194 lectionis
980 1159 1105 1194 decere
1140 1160 1182 1194 in
1215 1170 1362 1196 textum
1390 1160 1533 1207 migra-

191 1214 315 1254 verit,
358 1227 551 1263 quamque
588 1214 730 1251 slmiles
762 1215 874 1265 plane
904 1215 1035 1251 turbas
1065 1215 1193 1251 feciss'e
1222 1216 1394 1251 vidimus
1423 1216 1532 1264 supra

190 1270 225 1315 ᾗ.
256 1280 321 1305 22.
352 1281 391 1306 et
421 1278 484 1314 55.
547 1273 741 1320 Integram
781 1272 904 1320 igitur
943 1283 1025 1307 rem
1064 1271 1306 1308 felicioribus
1338 1271 1532 1320 relinquo.

184 1326 339 1378 salvant
365 1328 494 1362 Tm-ic.
525 1327 629 1363 Flor.
665 1328 791 1364 Guelf.
818 1328 935 1364 Goth.
957 1329 1088 1376 Camp.
1109 1339 1146 1363 et
1166 1329 1250 1365 edd.
1273 1339 1358 1363 anto
1376 1328 1526 1377 Gryph.

179 1383 357 1434 salutant
386 1384 489 1422 Voff.
522 1393 556 1419 2.
628 1387 841 1435 Receptum
864 1383 1017 1433 servant
1047 1385 1117 1420 effe
1146 1386 1186 1420 in
1216 1385 1318 1420 Alm.
1353 1385 1420 1420 vix
1452 1399 1532 1420 cre·

191 1441 380 1476 diderim:
418 1441 505 1488 quis
537 1440 687 1489 primus
715 1441 904 1482 intulerit,
937 1452 975 1477 et
1004 1456 1051 1477 an
1080 1441 1285 1477 inventum
1315 1442 1358 1477 in
1384 1441 1530 1481 codice,

192 1497 289 1534 olim
320 1497 478 1546 patebit.
548 1499 665 1534 Nunc
701 1499 838 1546 utique
878 1499 1124 1535 retinendum
1167 1499 1216 1534 ob
1250 1509 1395 1534 motam
1422 1498 1530 1533 illam

189 1554 345 1604 pridem
377 1564 508 1589 contra
537 1554 702 1590 verbum
726 1553 875 1603 salvare
904 1555 1057 1591 serioris
1089 1555 1152 1590 seu
1182 1555 1403 1600 abjectioris
1427 1555 1532 1590 Lati-

190 1611 303 1646 nismi
332 1611 606 1659 suspicionem,
650 1611 695 1646 de
728 1624 801 1658 qua
837 1612 920 1646 vid.
951 1612 1059 1648 Gesn.
1095 1611 1133 1646 in
1165 1611 1276 1646 Thes.
1345 1611 1531 1658 Quamvis

191 1668 296 1704 enim
325 1667 411 1702 aliis
441 1668 483 1702 in
513 1666 632 1708 locis,
680 1667 751 1703 ubi
789 1667 983 1703 manifesta
1021 1668 1071 1703 est
1092 1668 1239 1716 salvum
1263 1666 1435 1715 faciendi
1463 1680 1532 1702 no·

191 1725 269 1764 tio,
301 1723 537 1759 dubitationi
565 1723 674 1758 loc‘us
703 1723 860 1760 relictus
893 1724 959 1759 est:
1018 1723 1085 1758 hic
1124 1733 1249 1758 tamen
1288 1737 1356 1773 per
1386 1724 1531 1758 sensum

192 1780 308 1815 etiam
340 1779 463 1815 aliena
492 1779 650 1815 videtur
677 1779 792 1819 altera
822 1780 967 1815 forma:
1029 1789 1069 1814 et
1092 1780 1192 1815 conf.
1229 1789 1265 1818 2,
1302 1789 1363 1822 17,
1396 1780 1433 1816 6.
1464 1779 1533 1815 ubi

192 1835 242 1871 est
271 1843 344 1877 ,;ut
371 1836 536 1871 Antonii
564 1836 721 1883 pei-[ona
752 1836 950 1871 [e1·vetu1·“
979 1835 1056 1871 sine
1088 1834 1168 1870 ulla
1197 1836 1394 1873 varietate.
1463 1836 1534 1870 dis-

192 1893 384 1928 criminum
411 1891 515 1928 Flor.
547 1905 578 1928 c.
611 1891 712 1929 Alm.
774 1894 899 1942 itaque
929 1906 1000 1943 quo
1030 1892 1151 1928 Goth.
1179 1890 1270 1936 (tac.
1297 1892 1426 1936 Gesn.)

363 1957 535 1985 naturam
558 1949 798 1997 eloquentiae.
857 1949 919 1985 Sic
947 1947 1081 1985 Turio.
1104 1948 1210 1984 Flor.
1237 1949 1365 1985 Guelf.
1398 1950 1533 1999 Camp-

195 2019 285 2041 cum
313 2004 414 2042 Alm.
445 2004 692 2043 Bodl..V01r.
723 2016 760 2041 2.
797 2005 916 2042 Goth.
984 2014 1140 2042 naturae
1170 2005 1416 2056 eloquentiam
1444 2006 1531 2042 edd.

148 2066 150 2069 '
193 2063 285 2098 inde
316 2075 336 2097 a
357 2062 454 2102 Jens.
475 2072 641 2104 omnes,⁴
662 2073 812 2112 praeter
834 2063 920 2098 Ald.
943 2063 1012 2111 qui
1029 2062 1212 2099 nostrum.
1253 2062 1415 2111 Vulgata
1435 2063 1533 2112 quin

191 2119 246 2155 fit·
260 2133 279 2154 a
298 2128 515 2155 correctore
536 2117 682 2168 aliquo,
704 2119 877 2156 dubitari
896 2119 967 2156 vix
985 2119 1125 2169 potest:
1159 2120 1211 2156 ita
1232 2119 1320 2162 feci,
1351 2119 1458 2169 quod
1477 2119 1534 2155 fa·

195 2188 281 2212 cere
310 2175 441 2213 voluit
465 2176 543 2222 jam
564 2176 673 2212 Gesn-

308 2283 375 2326 46.
434 2287 660 2329 quapropter
691 2287 726 2314 te
754 2292 801 2315 ne
828 2279 960 2316 Turic.
991 2261 1098 2315 Pion
1156 2292 1202 2314 ne
1231 2281 1268 2314 in
1298 2278 1373 2314 illis
1395 2278 1528 2328 Camp-

243 2462 444 2512 secundum
475 2472 644 2499 naturam
667 2464 836 2513 eloquen-
893 2463 1045 2510 Itaque,
1088 2461 1278 2510 siquidem
1306 2460 1356 2496 est
1385 2460 1533 2509 aliquid

196 2521 283 2556 tiae.
340 2519 425 2557 Illis
455 2520 526 2570 qui
548 2532 720 2556 naturam
744 2521 836 2555 sem·
895 2518 1138 2567 eloquentia,
1176 2519 1394 2554 naturaliter
1420 2519 1536 2553 etiam

194 2586 277 2627 per·
295 2586 450 2625 crepant
488 2577 680 2613 observari
708 2577 836 2616 debet,
897 2576 1020 2610 dicunt
1048 2576 1201 2611 nonnisi
1233 2575 1304 2623 qui
1330 2575 1535 2611 secuudum

195 2633 424 2669 naturaliter
450 2646 561 2682 agere
580 2647 658 2676 eos,
689 2634 760 2682 qui
788 2634 838 2668 se-
895 2640 1068 2669 naturam
1093 2633 1335 2683 eloquentiae.

198 2689 371 2726 cundum
389 2698 562 2728 naturam
580 2692 751 2741 cujusque
769 2691 834 2725 rei.
