1779 3062
323 217 418 264 388

632 205 706 252 M.
741 206 877 251 ΕΑΒ.
915 205 1331 266 QUINTILIANI

322 351 379 383 ac
405 333 586 390 mites,
621 336 841 393 iuvenes
863 330 1031 380 severi
1057 347 1112 379 ac
1138 317 1424 389 inxuriosi,
1463 341 1659 381 matro-

321 428 436 467 nae,
475 410 702 476 puellae,
737 410 876 457 inter
893 407 944 456 se
963 408 1350 466 discernuntur,
1384 418 1531 473 pater
1548 409 1658 466 ille,

324 491 475 548 cujus
507 488 819 553 praecipuae
858 495 1028 553 partes
1072 483 1219 541 sunt,
1276 485 1402 548 quia
1443 484 1659 532 interim

324 564 641 622 concitatus,
704 563 919 611 interim
950 561 1084 609 lenis
1124 559 1220 616 est,
1269 562 1430 609 altero
1469 571 1661 617 erecto,

325 641 490 689 altero
545 638 833 705 composito
881 637 953 687 est
1005 636 1317 702 supercilio:

1394 646 1550 701 atque
1600 636 1665 684 id

328 715 603 767 ostendere
641 718 864 766 maxime
900 716 1035 764 latus
1076 713 1340 763 actoribus
1372 714 1538 762 moris
1572 711 1663 772 est,

328 884 457 909 tamen
482 871 670 921 probante
701 870 878 906 Gesnero.
922 871 1022 906 Mox
1044 870 1202 906 ancillae
1232 869 1418 905 omittunt
1439 868 1542 906 Vols:
1569 880 1602 905 1.
1623 876 1664 912 5.

319 929 434 980 sanes
461 929 567 968 Flor.

833 928 940 962 latus.
975 928 1038 962 Sic
1073 927 1203 962 Turio,
1234 925 1337 961 Flor.
1369 924 1496 961 Guelf.
1527 925 1661 973 Camp-

329 999 420 1021 cum
443 985 527 1020 edd.
561 995 643 1019 ante
664 981 751 1017 Ald.
772 995 848 1020 acc.
871 984 977 1018 Gesn.
1001 984 1088 1032 Bip.
1115 984 1217 1017 latiis
1237 981 1338 1020 Vall.
1371 980 1532 1029 Reliqui
1550 982 1664 1017 Lati-

325 1043 386 1077 nis
418 1055 436 1076 e
470 1054 585 1088 prava
613 1040 708 1074 latus
739 1039 772 1073 se
809 1039 1029 1087 intelligere
1056 1038 1230 1086 negantis
1269 1037 1384 1085 Regii
1419 1038 1663 1083 conjectura:

326 1097 428 1132 inter
451 1109 549 1145 quos
579 1096 731 1130 silentio
756 1096 988 1130 conferentis
1010 1095 1139 1143 redigi
1160 1094 1292 1129 Ambr.
1315 1105 1351 1129 2.
1374 1093 1510 1128 miror.
1541 1103 1668 1128 aucto-

325 1153 429 1189 ribus
442 1152 568 1189 Guelf.
591 1153 752 1187 moribus
771 1160 806 1186 el:
816 1152 945 1186 Turio.
959 1150 1062 1187 Flor.
1091 1163 1179 1186 cum
1198 1149 1299 1184 Alm.
1321 1150 1377 1185 his
1393 1148 1519 1186 Guelf.
1532 1150 1669 1199 Camp-

327 1289 395 1325 pes
412 1274 510 1315 fata,
543 1286 656 1322 quam
682 1274 723 1308 in
743 1285 846 1308 mare
869 1272 971 1319 abje-

329 1333 427 1367 cerit
453 1333 614 1370 Atreus,
648 1329 860 1365 tractaviss'e
886 1342 972 1363 nar·

326 1385 636 1434 retu1·ap.Schol.
651 1384 787 1433 Eurip.
802 1384 898 1429 Or.g
910 1399 924 1419 1
935 1397 971 1420 o.

329 1455 369 1480 et
386 1443 524 1478 latinae
542 1455 699 1490 quoque
717 1441 862 1476 fuerint
876 1440 972 1476 olim

329 1498 551 1547 tragoediae
578 1500 743 1546 5Atreus‚
776 1497 972 1544 Thyestes,

328 1555 473 1595 Ennii,
513 1549 642 1594 Accii,
682 1552 864 1594 Pacuvii,
905 1553 976 1600 qui

331 1611 444 1646 aliter
462 1620 620 1645 tractare
637 1609 838 1658 potuerint
849 1619 973 1657 partes

329 1666 441 1702 illius
472 1666 649 1701 feminae.
711 1667 858 1703 Verum
881 1665 975 1699 haec

332 1722 464 1758 omnia
485 1733 560 1756 tam
580 1722 665 1756 sunt
693 1722 838 1756 incerta
870 1732 907 1756 et
925 1720 976 1755 la-

332 1792 430 1818 cera,
457 1788 500 1813 ut
520 1777 747 1812 tutiffimum
768 1778 904 1824 utique
924 1777 978 1812 fe·

333 1834 423 1869 ciffe
459 1833 685 1874 videamur;
718 1832 977 1881 Spaldingius,

333 1891 408 1938 qui
443 1890 550 1938 quod
593 1889 844 1937 antiquiffinli
884 1888 980 1924 libri

333 1946 601 1981 :ministrassent
620 1946 663 1980 in
685 1956 791 1981 textu
806 1956 979 1993 poneret,

337 2002 385 2037 de
407 2001 523 2036 altera
541 2001 719 2041 lectione,
742 2002 819 2036 sive
843 2015 883 2037 ea
897 2014 980 2036 cor-

335 2058 462 2093 1ectio
493 2057 564 2098 est,
601 2057 642 2091 in
664 2058 767 2093 notis
794 2070 977 2097 monens3

339 2127 435 2163 ego,
484 2113 552 2161 qui
586 2113 761 2148 lacunam
796 2114 839 2148 in
873 2127 977 2149 com-

337 2169 539 2206 mentariis
567 2168 675 2204 illius
705 2170 771 2204 hio
803 2170 978 2206 relictam

336 2226 392 2261 ita
414 2224 619 2274 explerem,
649 2235 694 2260 ut
716 2238 811 2273 quae
834 2227 880 2261 de
905 2229 979 2262 Ae·-

337 2295 434 2331 :rope
453 2292 490 2316 ec
513 2281 719 2329 tragoediis
741 2280 850 2315 illam
870 2282 978 2317 exhi-

338 2338 522 2374 bentibus
545 2336 648 2371 mihi
665 2337 917 2373 innotuissent
938 2339 980 2372 in

338 2394 513 2430 medium
561 2392 796 2442 proferrem,
857 2405 979 2428 cetera

339 2450 566 2485 doctiorum
627 2448 801 2483 examini
861 2449 978 2484 relin-

339 2519 476 2555 quens.
523 2505 704 2541 Conferri
722 2515 847 2539 autem
871 2518 979 2553 prae-

338 2572 444 2597 terea
470 2561 625 2611 possunt
652 2561 797 2609 Hygin.
826 2561 901 2596 fab.
924 2561 975 2606 86

340 2629 379 2653 et
397 2624 463 2662 38.
492 2616 622 2653 Schol.
635 2617 680 2663 ad
693 2619 783 2652 Stat.
800 2616 923 2653 Theb.
939 2623 976 2661 4,

339 2682 436 2718 307.
474 2674 516 2708 in
552 2672 707 2708 Barthii
736 2674 977 2708 Commenta-

339 2729 424 2772 rio,
451 2731 560 2767 Serv.
595 2729 642 2765 ad
675 2729 769 2767 Aen.
798 2741 860 2771 ιι,
882 2729 977 2768 262.

1029 1271 1168 1306 Niobes
1196 1272 1356 1307 nomine
1381 1273 1464 1307 fane
1482 1269 1671 1307 nobiliffi-

1028 1341 1091 1362 ma
1120 1329 1286 1363 dramata
1306 1328 1576 1377 inscripserunt
1598 1329 1672 1364 Ae-

1029 1383 1183 1430 schylus
1204 1395 1240 1419 et
1252 1383 1475 1433 Sophocles,
1498 1384 1544 1419 de
1558 1384 1668 1432 quib.

1030 1440 1111 1475 vid.
1132 1439 1299 1475 Brunck.
1323 1441 1366 1475 in
1387 1440 1522 1488 fragm.
1547 1439 1669 1489 Soph.

1032 1495 1105 1530 Sed
1126 1496 1252 1531 nescio
1275 1511 1321 1531 an
1340 1497 1470 1531 minus
1490 1506 1591 1532 recte
1614 1495 1672 1531 di-

1032 1562 1183 1587 ceretur
1227 1550 1339 1599 tristis
1371 1553 1524 1594 Niobe,
1573 1565 1672 1601 quae

1031 1608 1192 1655 superba
1230 1609 1363 1655 potius
1413 1620 1450 1643 et
1487 1621 1670 1656 arrogans

1032 1663 1131 1704 fuit,
1163 1677 1355 1712 quamque
1375 1665 1528 1699 nonnisi
1554 1665 1596 1698 in
1619 1664 1677 1698 ul-

1035 1720 1133 1755 timo
1170 1720 1351 1756 dramatis
1397 1731 1484 1755 actu
1523 1721 1674 1755 summo

1034 1777 1117 1810 sane
1149 1776 1218 1823 qui
1253 1789 1424 1823 unquam
1467 1776 1544 1811 fuit
1573 1789 1676 1811 mae·

1034 1844 1123 1866 rore
1146 1832 1359 1879 oppressam
1380 1832 1593 1879 producere
1604 1845 1676 1881 po·

1036 1888 1113 1923 tuit
1130 1898 1255 1936 poeta.
1285 1890 1454 1923 Bur-rm.

1096 1951 1160 1987 74.
1192 1955 1309 1979 erecto
1328 1964 1383 1971 --
1404 1944 1606 1993 composito
1620 1964 1676 1973 —-

1027 1997 1240 2048 supercilio.
1271 2002 1313 2037 C.
1342 2001 1385 2036 A.
1405 2001 1604 2049 Boettiger
1631 2002 1676 2036 in

1037 2055 1246 2090 doctiffima
1275 2055 1500 2092 Prolufione
1519 2058 1564 2092 de
1585 2060 1674 2092 Per-

1034 2111 1136 2146 sonis
1165 2112 1332 2153 scenicis,
1367 2111 1490 2159 vulgo
1521 2113 1675 2154 Larvis,

1035 2167 1182 2204 Viniar.
1239 2173 1358 2215 1794.
1409 2173 1449 2213 4.
1524 2181 1564 2217 p.
1610 2178 1674 2212 15.

1035 2235 1117 2259 not.
1140 2224 1361 2259 uberiorem
1379 2223 1496 2270 hujus
1516 2224 1596 2260 loci
1613 2226 1676 2261 de·

1037 2279 1286 2315 clarationem
1314 2294 1335 2314 a
1355 2279 1582 2329 Spaldingio
1603 2295 1674 2317 no·

1035 2335 1109 2371 stro
1141 2337 1398 2384 expetiveram
1438 2337 1503 2371 cui
1530 2337 1687 2373 defide-·

1034 2392 1096 2426 rio
1161 2393 1414 2428 satisfaciendi
1468 2392 1673 2429 confilium

1036 2458 1184 2484 tantum
1216 2450 1431 2498 reperimus
1458 2449 1501 2484 in
1525 2448 1674 2487 schedis

1035 2505 1136 2550 ejus,
1168 2505 1238 2541 ubi
1265 2505 1348 2554 post
1376 2505 1550 2540 notulam
1579 2518 1673 2541 con·
1726 2515 1729 2517 ⁴

1033 2560 1133 2596 ferre
1161 2562 1359 2608 jubentem
1389 2562 1497 2609 supra
1531 2573 1565 2602 ι,
1603 2574 1670 2603 11,

1037 2629 1099 2652 10.
1131 2629 1168 2653 et
1199 2617 1265 2653 hic
1296 2618 1329 2661 §.
1352 2627 1440 2664 79.,
1461 2615 1671 2652 laudatam-

1033 2685 1108 2720 que
1131 2674 1254 2709 -illam
1291 2674 1409 2722 ipsam
1454 2672 1672 2721 Boettigeri

1033 2729 1336 2768 diffamationem
1393 2729 1558 2779 spatium
1602 2742 1668 2766 va·
