1779 3062
362 143 530 206 INST·
567 143 846 191 ORATOR.
882 145 1002 190 Lm.
1039 145 1134 200 Χῖ,
1173 155 1218 199 5.
1367 153 1462 200 377

125 272 486 339 dignandunu
540 266 631 316 sed
674 280 849 317 carent
894 280 1031 327 arte,
1079 269 1310 334 ideoque
1344 266 1466 317 sunt

126 350 400 415 disciplina
443 356 495 393 et
527 345 732 394 ratione
764 343 1045 395 formandi.
1140 348 1338 396 Contra
1369 345 1465 410 qui
1487 353 1537 390 62

125 426 451 492 effinguntur
471 419 786 478 imitatione,
830 434 993 471 artem
1017 423 1244 472 habent:
1287 421 1376 470 sed.
1407 423 1468 470 hi

127 513 303 553 carent
323 511 538 550 natura:
563 498 796 563 ideoque
810 499 868 546 in
890 501 956 548 iis
980 501 1216 566 primum
1239 499 1311 547 est
1332 500 1469 547 bene

127 580 287 638 affici,
336 588 388 627 et
420 576 699 642 concipere
731 576 988 640 imagines
1020 593 1226 635 rerum,
1274 586 1326 624 et
1356 587 1471 624 tan-

128 724 251 762 animi
279 724 455 768 motus.)
488 724 565 759 Pro
589 728 715 758 carent
734 717 854 756 Goth.
879 729 1023 756 canent.
1317 720 1474 768 ideoque

120 781 223 832 sunt.
256 781 317 816 Sic
335 781 468 815 Turic.
493 778 597 815 Flor.
617 777 752 813 Ambr.
768 786 805 810 2.
827 775 953 812 Guelf.
968 777 1099 824 Camp.
1123 789 1212 812 cum
1222 777 1335 812 Bern.
1350 777 1473 810 Stoer.

132 837 300 874 Chouet.
331 837 442 871 Leid.
487 833 648 882 Reliqui
675 833 848 869 insenum
870 845 969 871 nom·
1006 832 1180 881 peffune‚
1213 846 1302 868 cum
1324 832 1375 867 sic
1394 830 1475 879 for-

132 895 260 944 mandi
297 904 500 941 perperam
536 890 748 938 accipiatur
778 902 849 937 pro
879 889 955 925 hoc
977 888 1210 937 formabiles.
1237 889 1284 924 cf.
1318 899 1354 924 et
1383 899 1478 923 mox

130 951 164 996 ᾗ.
189 951 252 986 62.
274 949 345 985 ubi
364 950 405 983 in
433 947 565 982 eadem
592 947 704 982 vocis
731 946 886 996 ideoque
906 946 1142 992 subjectione
1164 945 1272 980 nulla
1295 944 1343 981 est
1363 957 1477 992 nega-

131 1007 202 1044 tio.
263 1003 518 1041 Naturalibus
537 1002 714 1038 motibus
740 1001 1006 1039 adhibendum
1029 1003 1120 1038 artis
1142 1002 1341 1050 regimen3
1373 1001 1477 1037 fictis

131 1063 275 1100 veritas
298 1072 456 1097 naturae
478 1059 749 1108 impertienda.
811 1061 856 1094 In
885 1058 955 1096 illa
978 1060 1184 1107 negatione
1208 1059 1334 1094 noster
1355 1058 1478 1108 proti-

129 1133 203 1156 nus
225 1119 272 1155 ad
295 1131 433 1153 eorum
461 1117 574 1152 castra
596 1116 787 1158 transiret,
822 1129 920 1165 quos
942 1115 1194 1164 reprehendit
1223 1116 1330 1164 supra
1356 1120 1389 1163 ᾗ.
1415 1128 1479 1150 11.

130 1177 226 1214 Non
247 1185 327 1211 erat
354 1174 478 1223 igitur
501 1172 609 1221 quod
639 1172 705 1208 hic
731 1173 890 1221 κςιτικᾶν
912 1170 1066 1219 φύσημα
1087 1173 1246 1221 spiraret
1273 1173 1479 1211 Gibsonus‚

133 1234 206 1282 qui
235 1233 322 1268 suos
363 1230 487 1267 Codd.
518 1243 593 1264 non
629 1229 717 1264 dare
742 1242 789 1264 ne
814 1230 950 1265 diserte
974 1228 1133 1277 quidem
1158 1228 1308 1264 testatus
1333 1230 1483 1265 bonum

136 1287 411 1324 Sclirevelium
440 1287 637 1333 increpat,
677 1285 950 1333 reddendaque
981 1286 1066 1320 sune
1091 1285 1299 1332 scriptu-rae
1331 1285 1483 1320 ratione

138 1346 255 1380 etiam
287 1342 569 1392 philosophum
597 1341 752 1390 prorsus
789 1342 908 1376 exuit.
968 1343 1077 1377 Hanc
1107 1351 1234 1376 autem
1267 1341 1482 1381 emendare,

137 1414 219 1437 non
240 1400 412 1436 recidere
432 1398 552 1433 modo
574 1397 738 1433 debebat
758 1398 921 1446 Cappcr.
936 1411 1051 1447 quem
1073 1397 1199 1433 miror
1227 1397 1293 1433 hic
1322 1398 1484 1446 lapsum,

140 1471 230 1494 cum
252 1458 362 1505 supra
384 1462 420 1499 4,
445 1465 482 1496 2,
509 1463 574 1501 29·
594 1466 732 1489 verum
752 1454 921 1490 vidiss'et.
1155 1453 1351 1503 disciplina
1375 1463 1410 1488 et
1427 1467 1486 1487 ra·

142 1517 254 1550 tione.
285 1514 349 1547 Sic
370 1512 503 1546 Turio.
528 1509 632 1545 Flor.
658 1511 790 1559 Camp.
819 1522 907 1545 cum
929 1509 1032 1546 Alm.
1057 1509 1314 1560 probantibus
1338 1522 1408 1545 nec
1435 1520 1488 1544 ta·

139 1584 230 1607 rnen
262 1567 542 1617 recipientibus
574 1568 709 1604 Burm.
751 1577 789 1602 et
821 1567 932 1603 Gesu.
974 1566 1136 1616 Reliqui
1172 1565 1390 1616 disciplinae
1420 1574 1490 1600 tra·

142 1627 298 1662 dicione.

231 1715 296 1752 62.
329 1716 366 1751 1ιί
387 1723 523 1751 carent.
558 1713 691 1750 Ambr·
712 1723 750 1752 2.
784 1716 808 1750 ἱ.
831 1728 860 1751 c.
889 1715 955 1760 (cf.
976 1715 1043 1752 61.
1067 1713 1157 1763 56.)
1182 1713 1302 1751 Goth.
1327 1716 1354 1750 ii
1376 1728 1404 1750 c.

316 1774 361 1808 iis
389 1775 560 1821 primum.
602 1771 666 1806 Sic
698 1771 829 1808 Turio.
868 1772 1003 1808 Ambr.
1037 1780 1074 1807 2.
1116 1770 1234 1806 Goth.
1260 1772 1358 1808 Jens.
1388 1772 1492 1817 (tac.

143 1829 278 1879 Gesn.)
312 1842 401 1864 cum
435 1829 520 1863 edd.
552 1838 637 1862 ante
665 1827 775 1862 Basil.
819 1828 891 1862 Sed
916 1829 1049 1876 Camp.
1074 1829 1104 1861 is
1122 1841 1159 1875 p.
1191 1826 1352 1875 Reliqui
1376 1828 1430 1862 his
1454 1842 1492 1875 p.

144 1887 271 1922 Modo
295 1885 398 1921 Flor.
424 1883 662 1932 effugiuntur.
698 1885 798 1919 Mox
819 1885 935 1920 verbis
955 1884 1061 1919 idem
1085 1894 1122 1919 et
1135 1883 1267 1918 Turio.
1290 1897 1363 1930 pro
1386 1886 1492 1919 veris.

145 1943 267 1979 Goth.
285 1941 321 1991 si
342 1942 444 1977 velit.
477 1940 608 1976 Turio.
631 1939 734 1976 Flor.
758 1942 889 1990 Camp.
909 1955 932 1976 a
948 1940 1054 1976 nobis
1074 1953 1162 1976 cum
1175 1938 1495 1975 Bodl.Ald.Bad‚

146 2000 259 2036 Bam.
291 1997 442 2046 Gryph.
475 1997 598 2032 tribus
630 1997 716 2032 edd.
748 2011 807 2045 ap.
833 1998 935 2034 Gibs.
961 1997 1052 2032 anni
1078 2002 1193 2042 1542.
1219 1995 1320 2030 Gibs.
1345 1996 1495 2031 Rollin.

149 2057 313 2106 Capper.
374 2056 419 2089 In
450 2064 551 2089 tanta
574 2054 717 2088 erroris
747 2053 932 2090 facilitate
958 2053 1062 2089 nihil
1086 2053 1255 2088 dandum
1275 2052 1500 2088 auctoritati

151 2113 292 2154 censui,
324 2121 456 2147 contra
478 2123 595 2158 quam
619 2109 721 2146 Gibs.
742 2110 808 2145 hic
831 2121 989 2160 repente
1009 2110 1214 2158 religiosus
1237 2108 1368 2144 factus.
1403 2110 1503 2144 Mox

152 2170 275 2206 Goth.
305 2169 446 2216 accepit
468 2178 505 2202 et
534 2178 607 2216 pro
631 2168 728 2202 enim
745 2166 850 2202 idem
876 2170 965 2214 (tac.
990 2162 1124 2217 Gesn.)
1146 2174 1279 2202 autem.
1322 2168 1397 2201 Pro
1423 2174 1503 2200 tan-

217 2291 645 2343 icleoque—formandi.
658 2291 799 2329 cf-not.
856 2295 1029 2335 „ratione
1048 2290 1201 2342 poffit,“
1224 2290 1284 2325 sed
1303 2299 1340 2325 et
1361 2287 1504 2325 millies

158 2351 246 2386 crit.
286 2351 532 2398 Quantopere
566 2349 686 2395 hujus
722 2347 803 2385 loci
859 2351 913 2386 ita
937 2351 1165 2386 Ciceronem
1190 2348 1316 2383 dicere
1338 2346 1505 2386 testatur,

159 2407 208 2443 [it
235 2408 392 2442 rationis
423 2404 673 2446 vocabulum,
703 2407 802 2442 Bur·
859 2420 986 2456 neque
1018 2407 1102 2441 sane
1134 2405 1270 2440 attinet
1300 2415 1382 2437 rem
1410 2394 1505 2441 adeo

159 2477 326 2500 mannus
359 2463 473 2499 docet
504 2461 740 2511 appellandis
760 2463 805 2499 [ἱ-
860 2475 994 2500 notam
1009 2460 1196 2510 exemplis
1209 2459 1383 2495 astruere.
1402 2459 1508 2494 Nam

159 2520 323 2557 milibus
360 2519 559 2555 sententiis
595 2532 660 2561 11,
693 2530 730 2561 2,
765 2532 803 2565 9.
864 2531 902 2557 et
931 2520 1056 2556 noster
1088 2518 1167 2552 fere
1195 2517 1340 2565 semper
1373 2516 1426 2551 ita
1448 2529 1509 2551 ra·

164 2587 227 2617 ²2,
251 2587 288 2618 2,
314 2583 349 2620 4.
374 2576 433 2620 (id
457 2575 564 2624 quod
587 2575 665 2611 huc
685 2568 806 2611 maxi-
866 2580 1009 2614 tionem
1033 2576 1199 2622 usurpat.

160 2646 224 2669 me
258 2633 478 2682 pertinet),
509 2631 588 2669 Cic·
619 2633 663 2668 de
698 2633 806 2670 Orat.

165 2701 201 2730 ²2
225 2698 290 2735 55·
312 2689 500 2736 22(virtus)
521 2689 549 2725 si
568 2689 688 2726 modo
702 2690 802 2727 tradi
919 2689 984 2726 62.
1016 2678 1238 2736 berze⁸'c1ffici
1256 2706 1309 2715 —
1329 2687 1509 2735 imagines
