1820 3062
312 222 372 266 32
552 221 555 225 ·
617 207 689 254 Μ.
740 207 875 252 FAB.
921 209 1342 271 ¹QUINTILIANI

305 333 551 402 persequi
625 334 855 399 singulos
878 371 892 391 ,
966 332 1163 383 infiniti
1231 334 1395 384 fuerit
1459 336 1651 405 operis.

231 426 285 467 58
308 413 518 481 Quippe
554 428 676 459 cum
703 412 760 458 in
785 412 947 459 Bruto
972 414 1048 459 M.
1076 411 1290 460 Tullius
1314 422 1392 461 tot
1413 407 1653 463 millibus

304 486 558 537 versuum
598 486 664 535 de
706 487 960 536 Romanis
998 497 1203 536 tantum
1239 488 1534 537 oratoribus
1570 490 1652 538 lo-

304 574 521 629 quatur,
581 573 632 611 et
669 573 842 611 tamen
887 563 952 611 de
999 564 1247 612 omnibus
1291 565 1467 613 aetatis
1513 562 1652 623 suae,

301 641 628 706 quibuscum
670 639 909 698 vivebat,
970 641 1197 706 exceptis
1240 638 1452 690 Caesare
1493 651 1651 705 atque

300 797 398 839 (tac.
424 794 566 837 Gesn.)
595 793 712 829 Tarv.
741 805 774 828 a.
798 806 832 842 q.
866 804 953 828 cum
977 792 1063 828 edd.
1083 803 1167 828 ante
1189 793 1338 842 Gryph.
1363 805 1442 829 exc.
1462 793 1555 829 Bad.
1579 793 1649 829 sec.

300 850 348 886 cf.
382 856 427 893 4,
464 860 510 891 2,
553 856 642 893 128.
709 849 849 896 Neque
879 860 1003 885 tamen
1031 861 1136 884 certo
1170 849 1317 891 dicam,
1362 863 1410 884 an
1438 850 1648 886 neceffario

300 906 569 956 transpositum
596 907 650 940 fit.

384 978 451 1016 58.
484 973 695 1021 quibuscum
725 972 884 1008 vivebat.
939 972 1072 1009 Turio,
1101 973 1260 1022 quidque
1281 972 1500 1008 contuuebit.
1536 987 1556 1007 a
1577 973 1648 1010 sec.

295 1041 348 1064 m.
400 1028 488 1076 quid
524 1030 675 1077 quisque
724 1028 930 1064 coniuebat.
1001 1027 1105 1063 Flor.
1152 1029 1249 1076 quod
1288 1029 1394 1077 quiclf
1424 1029 1646 1065 convivabit.

295 1083 425 1120 Guelf.
449 1084 537 1132 quid
558 1087 707 1132 quisque
728 1084 941 1120 convivebat
961 1097 1048 1119 cum
1074 1084 1191 1120 Goth.
1214 1086 1305 1128 (err.
1329 1085 1461 1129 Gesn.)
1483 1086 1588 1122 Voss'.
1605 1094 1644 1122 2.

295 1139 397 1178 Vall.
428 1139 497 1182 nisi
532 1140 638 1187 quod
671 1140 736 1175 hic
766 1141 924 1188 quidem
959 1141 1177 1175 connivebat
1203 1141 1290 1174 dare
1322 1151 1510 1175 narratur.
1571 1142 1645 1176 Sed

293 1197 427 1243 Camp.
469 1196 668 1243 quibusque
696 1196 912 1230 convivebat
959 1208 1047 1230 cum
1080 1197 1171 1230 md,
1205 1197 1272 1231 sec.
1320 1197 1465 1243 quidem
1495 1199 1646 1246 quisquo

292 1251 511 1287 connivebat
541 1252 638 1289 Jens.
662 1251 776 1285 Tarv.
805 1252 899 1285 Loe.
922 1246 1032 1285 Ruso.
1091 1252 1239 1300 quidem
1260 1255 1410 1300 quisque
1429 1253 1646 1288 convivebat

291 1307 425 1344 Venet.
486 1307 670 1342 Nostrum
704 1306 749 1341 ab
791 1305 893 1341 Aldo
933 1306 1023 1341 inde
1066 1307 1238 1347 obtinet,
1289 1307 1358 1341 nist
1398 1308 1504 1355 quod
1547 1308 1646 1345 Obr.

292 1363 381 1412 quid
400 1364 550 1410 quisque
573 1362 798 1402 condiderat,
826 1361 1071 1410 improbante
1095 1373 1197 1396 recte
1220 1363 1458 1399 Burmanno.
1497 1364 1644 1412 Regius

289 1417 370 1466 legi
397 1418 484 1454 vult
516 1432 588 1467 qua
620 1419 771 1466 quisque
804 1418 1023 1453 connivebat
1052 1419 1178 1458 sensu,
1208 1418 1277 1453 nifi
1306 1417 1442 1459 fallor,
1470 1419 1568 1461 hoc,
1600 1430 1645 1457 ut

288 1475 559 1522 unusquisque
586 1473 633 1508 ad
666 1475 839 1522 pejorem
878 1474 1034 1509 dicendi
1063 1475 1256 1510 rationem
1289 1475 1489 1510 Ciceronis
1521 1487 1643 1512 aetate

289 1529 518 1570 defluxerit,
569 1530 672 1577 quasi
715 1530 963 1564 dormitando
996 1530 1022 1564 i.
1056 1545 1086 1565 e.
1123 1531 1363 1565 connivendo.
1431 1531 1642 1567 Robustior

289 1585 395 1620 enim
418 1585 614 1625 sententia,
645 1586 670 1618 fi
693 1596 862 1620 oratores
884 1585 984 1632 ipsos
1005 1586 1146 1633 accipis
1169 1586 1443 1625 conniventes,
1476 1600 1592 1634 quam
1614 1588 1642 1623 fi

286 1641 436 1688 judices
467 1651 686 1680 oratorum,
728 1651 771 1675 ut
803 1640 960 1675 videtur
991 1640 1220 1676 intellexisse
1257 1640 1422 1682 Badius',
1466 1643 1536 1689 qui
1566 1643 1640 1677 im-

286 1697 427 1745 probat
453 1697 642 1732 rationem
670 1696 904 1744 Regianam;
944 1707 1046 1731 recte
1074 1697 1154 1733 ille.
1192 1698 1438 1733 Burmannus
1459 1697 1640 1747 vulgatae

285 1752 542 1800 tautologiam
575 1762 756 1799 gravatus
781 1764 906 1800 optet:
941 1754 1002 1800 qui
1024 1767 1104 1788 cum
1126 1755 1284 1787 maxime
1301 1753 1487 1799 vigebant.
1545 1756 1639 1790 Ges-

284 1821 422 1849 nerus,
454 1808 559 1843 idem
592 1808 663 1842 effe
694 1821 835 1855 negans
865 1808 906 1842 in
937 1807 1101 1856 aiicujus
1132 1817 1276 1847 aetate,
1309 1820 1345 1843 et
1367 1810 1412 1843 iis
1431 1804 1638 1845 homiuibus

285 1864 496 1914 qulbus-cum
530 1866 634 1899 vivat
683 1862 982 1912 (praeterquam
1023 1865 1129 1912 quod
1160 1866 1200 1899 in
1232 1865 1365 1899 critica
1395 1876 1485 1900 nota
1517 1876 1637 1902 tentat

285 1922 419 1955 aetatis
434 1920 525 1968 suae
543 1920 708 1968 quidem,
740 1922 873 1968 quique
895 1929 970 1954 cum
990 1921 1186 1960 vivebant‚·
1216 1930 1253 1955 et
1270 1920 1312 1955 id
1333 1920 1492 1968 quidem
1512 1922 1638 1957 mani·

283 1976 394 2011 festae
426 1975 673 2019 iterationis)
703 1988 805 2010 recte
827 1976 965 2024 reponi
988 1977 1111 2011 censet
1132 1979 1281 2025 quisque
1303 1975 1394 2024 (pro
1415 1977 1635 2026 quibusque)

283 2033 523 2073 convivebam
554 2031 658 2066 nihil
680 2031 824 2067 obstare
848 2042 998 2079 putans,
1025 2033 1132 2080 quod
1156 2034 1346 2068 convivere
1367 2033 1527 2068 notione
1551 2046 1635 2068 con-

281 2089 435 2123 vivandi
466 2088 664 2135 usurpavit
685 2087 809 2122 noster
830 2095 866 2130 5,
894 2099 930 2134 9,
958 2095 1019 2131 14.
1052 2098 1087 2131 7,
1109 2097 1147 2131 3,
1169 2097 1236 2131 31.
1267 2088 1384 2131 (addo
1414 2102 1447 2127 1,
1475 2089 1510 2129 6,
1535 2090 1633 2135 44).

280 2144 390 2178 Hanc
424 2158 495 2192 ego
523 2143 787 2179 difficultatem
814 2156 894 2178 non
927 2143 1021 2179 adeo
1056 2157 1215 2192 parvam
1253 2145 1405 2183 cense03
1445 2156 1515 2179 nec
1547 2145 1633 2180 satis

283 2201 555 2236 comminiscor
582 2200 677 2248 quid
698 2199 787 2234 loco
810 2199 959 2237 faciam.
1017 2202 1078 2235 Ex
1097 2199 1231 2235 Turic-
1259 2198 1326 2234 illa
1346 2199 1532 2248 scriptura
1551 2200 1631 2236 for-

339 2339 403 2377 53.
447 2343 504 2369 tot
543 2333 705 2369 millibus
747 2331 925 2382 versuum.
985 2343 1213 2381 gumentum
1260 2343 1460 2381 urgeatur,
1517 2342 1632 2380 negat

281 2387 328 2423 cf.
353 2399 388 2431 7,
420 2405 453 2431 1,
481 2400 545 2434 37.
984 2390 1098 2425 illum
1120 2400 1222 2425 recte
1244 2390 1346 2436 poffe
1368 2388 1554 2424 accenseri
1566 2388 1628 2427 iis,

339 2449 496 2493 exceptis
514 2466 569 2473 ——
589 2446 789 2481 Marcello.
840 2445 924 2482 vid.
984 2446 1054 2493 qui
1084 2445 1284 2482 Ciceronis
1316 2455 1433 2481 aetate
1458 2444 1630 2479 maxime

280 2500 363 2537 Cic.
396 2503 503 2536 Brut.
537 2513 587 2545 71
614 2523 664 2529 -
689 2509 753 2545 75.
823 2503 924 2536 Cum
982 2502 1179 2549 vigerent,
1209 2502 1352 2549 quippe
1382 2502 1450 2549 qui
1483 2500 1628 2535 obierit

280 2556 413 2591 errasse
443 2557 568 2593 dictus
602 2558 690 2593 esset
724 2558 848 2593 noster
881 2558 924 2592 in
981 2571 1012 2591 a.
1038 2572 1074 2593 u.
1097 2570 1126 2591 c.
1145 2563 1234 2599 704.
1259 2569 1293 2591 et
1315 2557 1512 2605 aliquanto
1526 2566 1625 2596 ante,

277 2611 348 2647 Ed.
374 2612 566 2653 Leidenfi,
598 2616 864 2652 Burmannus,
895 2614 922 2647 Ιὶ
981 2626 1094 2661 quam
1116 2613 1156 2647 in
1178 2612 1264 2647 foro
1288 2611 1464 2648 floruerit
1475 2611 1624 2651 Cicero,

276 2667 376 2703 forte
400 2669 592 2704 Hortensii
615 2670 654 2705 in
678 2672 800 2705 Bruto
824 2670 921 2704 facta
979 2668 1164 2704 celebrari
1204 2668 1365 2704 deflerit.
1431 2669 1493 2704 De
1534 2666 1623 2703 loco

274 2725 422 2760 mentio
451 2725 577 2771 hujus*
593 2725 841 2762 accusationis
862 2739 919 2760 ar·
976 2725 1105 2761 nostro
1125 2723 1205 2759 vid.
1229 2735 1308 2759 not.
1337 2725 1422 2762 crit.
