1779 3062
428 156 600 204 ΙΝτεΤ.
639 158 917 206 ORATOR.
946 138 1077 224 ΜΒ.
1114 161 1212 223 XI,
1245 172 1290 215 3.
1429 170 1531 216 407

185 284 293 333 illis
318 281 540 347 quidem
570 283 754 343 tensis,
793 288 889 351 qui
913 285 1071 353 supra
1095 286 1231 336 sunt.

183 361 405 408 extremi
437 361 668 426 palmam
704 363 836 410 circa
870 366 977 412 ima
1012 365 1224 430 pollicis
1262 376 1528 430 premunt,

184 434 295 501 ipse
327 437 598 502 prioribus
635 437 702 487 ad
736 439 943 489 medios
972 442 1221 490 articulos
1261 443 1526 507 jungitur:

182 514 401 561 interim
434 526 656 579 quartus
695 515 915 580 oblique
945 519 1247 583 reponitur3
1307 519 1527 567 interim

183 601 416 655 quatuor
453 592 666 643 remissis
707 594 875 658 magis
913 610 1070 657 quam
1103 593 1284 651 tensis,
1332 596 1528 659 pollice

182 667 328 717 intus
373 669 663 729 inclinato,
723 670 972 719 ‘habilem
1020 669 1428 721 demonstrando
1469 674 1528 721 in

180 743 347 804 latus,
388 757 478 796 aut
511 746 929 814 distinguendis,
971 764 1113 811 quae
1136 747 1380 806 dicimus,
1418 766 1528 796 ma-

179 839 315 870 num
347 820 598 882 facimus,
640 842 763 874 cum
787 823 976 890 supina
1002 825 1061 871 in
1082 823 1350 873 sinistrum
1371 825 1527 883 latus,

178 915 348 964 prona
378 901 437 948 in
471 902 696 950 alterum
730 901 913 950 fertur.

177 974 379 1040 gestus,
429 994 553 1026 cum
595 995 786 1028 manus
829 979 1019 1026 leviter
1059 978 1309 1042 pandata,
1350 980 1524 1043 qualis

176 1053 498 1104 voventium
523 1053 611 1114 est,
650 1057 828 1122 parvis
851 1055 1166 1112 intervallis,
1193 1065 1244 1103 et
1267 1053 1526 1104 subaffen-

264 1208 329 1246 99.
358 1199 522 1236 Interim.
549 1200 612 1235 Sic
634 1200 767 1236 Turio.
791 1199 895 1236 Flor.
912 1200 1047 1237 Ambr.
1065 1209 1100 1236 2.
1124 1199 1254 1238 Guelf.
1278 1200 1411 1248 Camp.
1434 1212 1524 1235 cum

173 1250 277 1289 Alm.
309 1255 423 1293 Bern.
464 1255 623 1304 Reliqui
653 1257 912 1306 praemittunt
942 1258 1049 1297 Duo,
1094 1257 1201 1305 quod
1243 1257 1381 1292 eodem
1409 1256 1524 1297 redit,

174 1308 236 1344 sed
258 1323 328 1345 nec
353 1324 448 1359 opus
470 1323 549 1348 erat
569 1324 606 1348 et
621 1313 837 1361 anaphorae
858 1313 985 1361 figura
1007 1314 1050 1347 in
1073 1314 1201 1348 fronte
1225 1315 1372 1348 interim
1394 1314 1524 1361 posce-

176 1363 250 1401 bat.
281 1381 391 1402 unam
415 1369 563 1416 pollicis
582 1371 680 1408 Jens.
701 1370 817 1405 Tarv.
859 1369 944 1404 Post
966 1383 1076 1417 quam
1097 1370 1286 1404 omittunt
1313 1368 1420 1418 tensis
1442 1370 1523 1403 Tu-

173 1423 243 1457 ric.
264 1423 369 1458 Flor.
391 1437 481 1459 cum
498 1425 600 1462 Alm.
836 1424 1122 1473 demonstrando
1147 1428 1184 1460 irz
1206 1427 1316 1461 lacus.
1347 1427 1435 1461 Hoc
1459 1437 1523 1460 01·-

176 1479 268 1514 dine
299 1481 432 1515 Turic-
465 1481 570 1517 Flor.
603 1482 731 1518 Guelf.
757 1481 887 1529 Camp.
928 1481 1089 1529 Reliqui
1110 1484 1132 1517 ι’.
1156 1483 1180 1517 l.
1204 1483 1240 1516 d.

292 1534 569 1584 distinguendis.
613 1538 676 1574 Sic
704 1538 836 1574 Turio.
864 1537 969 1572 Flor.
999 1538 1134 1573 Ambr.
1153 1547 1188 1571 2.
1223 1536 1351 1573 Guelf.
1385 1538 1518 1586 Camp.

175 1605 267 1628 cum
296 1592 413 1628 Goth.
445 1594 550 1632 Voff.
591 1609 624 1630 1.
655 1605 692 1630 2.
721 1596 837 1629 Bern.
874 1593 1036 1641 Reliqui
1057 1591 1328 1641 distinguendo.
1369 1593 1523 1627 Mirum

174 1649 283 1698 quod
303 1662 351 1683 ex
363 1648 463 1686 Alm.
479 1651 648 1686 refertur
664 1648 958 1698 demonstrandis
977 1659 1044 1685 aut
1064 1647 1322 1698 distinguendo
1336 1650 1400 1694 (cf.
1416 1646 1518 1697 97.).

264 1740 356 1764 100.
388 1732 612 1765 voventium.
645 1730 778 1765 Turio.
801 1728 1026 1777 fomentium
1057 1742 1146 1764 cum
1179 1728 1280 1764 Alm.
1312 1727 1427 1763 Bodl.
1468 1729 1522 1763 Et

172 1785 278 1821 Flor.
310 1798 380 1832 per
411 1786 689 1834 compendium
712 1784 868 1833 fon-itini.
902 1786 1037 1821 Ambr.
1061 1795 1097 1820 2.
1127 1785 1246 1821 Goth.
1277 1784 1377 1823 Jens.
1417 1783 1519 1832 (tac.

175 1840 532 1888 Gesn.)foz>entium
553 1856 642 1877 cum
657 1843 762 1881 Voff.
780 1857 814 1878 1.
829 1854 863 1878 2.
880 1852 917 1886 5.
940 1853 978 1876 et
999 1841 1252 1889 edd.posterr.
1267 1851 1352 1875 ante
1366 1839 1519 1888 Gryph.

174 1896 274 1943 (exc.
306 1897 417 1932 Basil.
448 1898 519 1946 qui
547 1901 795 1939 vomentium,
826 1899 868 1933 in
901 1911 993 1947 quas
1023 1897 1149 1932 sordes
1178 1898 1299 1937 forte,
1331 1907 1374 1931 ut
1393 1897 1517 1944 spero,

174 1954 343 2000 incidit)
375 1967 450 1989 acc.
485 1954 580 1990 Obr.
611 1954 823 2003 faventium
853 1954 981 1991 Guelf.
1011 1955 1104 1989 Exc.
1134 1955 1284 1990 Santen.
1330 1952 1518 1988 Nostrum

172 2012 250 2057 jam
272 2011 315 2045 in
337 2010 469 2059 Camp.
498 2011 544 2046 cf.
565 2012 596 2056 §.
622 2012 685 2056 63.
712 2014 870 2047 maxime
893 2013 1014 2047 altera
1030 2009 1134 2057 facie
1155 2025 1246 2058 pace
1269 2025 1298 2045 e.
1321 2023 1353 2057 q.
1378 2009 1518 2044 dimide

173 2068 308 2103 Turic.
330 2066 440 2102 Flor·
455 2077 543 2118 apte
565 2069 698 2118 Camp.
737 2070 797 2103 Ex
817 2068 920 2104 Alm.
950 2082 996 2102 m.
1021 2067 1138 2102 altera
1151 2066 1255 2115 facie
1277 2075 1367 2116 apta
1389 2079 1512 2115 parce.

1310 288 1528 336 Interim
1549 302 1603 341 99

995 902 1129 949 Sunt
1160 912 1211 948 et
1230 903 1314 949 illi
1335 901 1522 951 breves
1536 918 1601 942 100

154 2189 180 2222 ⁷-
233 2204 324 2227 100.
353 2191 483 2228 leviter
500 2193 682 2240 pandata.
720 2192 815 2228 Nou

172 2248 366 2289 alienum,
399 2250 508 2297 quod
535 2249 602 2284 hic
633 2260 816 2284 annotare

141 2308 143 2311 '
172 2304 325 2343 Vallam
354 2305 499 2341 Badius
532 2307 669 2346 refert,
714 2305 817 2340 illud

174 2361 327 2403 Curtii,
380 2362 576 2410 „copidas
624 2362 817 2398 vocabant

173 2417 351 2466 „gladios
385 2420 515 2454 leviter
548 2430 715 2456 curvatos
746 2417 816 2453 fal-

172 2475 313 2516 „cibus
336 2474 522 2511 [imiles.“
551 2477 739 2511 Pandatur
751 2489 816 2510 au-

176 2542 254 2567 tem
283 2545 441 2580 manus,
491 2546 592 2574 cum,
628 2543 817 2581 quantum

174 2588 266 2624 fieri
285 2587 415 2636 potest,
438 2600 677 2630 recurvatur,
700 2590 753 2624 ita
777 2600 818 2624 ut

174 2645 319 2681 cavitas
342 2644 529 2693 quaedam
551 2646 620 2682 fiat
640 2647 682 2680 in
706 2656 816 2693 tergo

177 2703 272 2750 ejus,
304 2714 384 2738 non
407 2703 449 2736 in
469 2702 571 2740 vola.
603 2703 744 2752 Neque
770 2702 819 2738 est

873 2192 982 2241 quod
1021 2204 1110 2227 cum
1143 2192 1310 2227 Gesnero
1351 2200 1515 2230 metuas,

873 2249 1107 2285 contrariam
1128 2249 1198 2284 effe
1221 2260 1378 2283 manum
1397 2245 1515 2281 talem

864 2305 1012 2355 supinis
1037 2305 1130 2345 illis,
1161 2305 1302 2353 quibus
1326 2315 1417 2339 vota
1440 2302 1513 2337 sol-

872 2362 1015 2398 lemnia
1073 2362 1239 2397 fiebant:
1312 2358 1515 2395 recurvari

874 2419 979 2454 enirn
995 2418 1115 2468 potest
1143 2430 1277 2452 manus
1309 2417 1422 2451 etiam
1455 2416 1514 2451 su·

872 2477 977 2525 pina,
1010 2474 1050 2509 h.
1078 2489 1110 2510 e.
1129 2475 1236 2520 cujus
1257 2473 1346 2508 vola
1370 2472 1517 2507 sursum

873 2534 1034 2581 [pectam
1075 2544 1200 2578 neque
1232 2530 1319 2570 hic,
1362 2540 1405 2564 ut
1435 2528 1515 2577 ipse

875 2588 1050 2624 observat
1074 2588 1261 2622 Gesnerus
1276 2611 1287 2625 ‚
1317 2584 1517 2622 sollemnia

874 2655 967 2680 vota
1034 2643 1181 2679 indicat
1239 2641 1516 2692 Quintilianus.

875 2703 1049 2738 Burin,
