1779 3062
408 194 580 241 1Ns‘r.
618 195 899 244 ORATOR.
937 191 1060 242 Lm.
1097 185 1196 254 Χῖ,
1231 209 1275 254 3.
1416 196 1516 254 467

161 333 337 376 natam
379 313 648 385 quandam
696 324 998 384 lenitatem3
1073 323 1115 374 si
1155 322 1516 375 misericordia

161 399 597 457 commovendos,
626 397 834 449 flexum
864 403 1026 460 vocis,
1060 413 1112 450 et
1135 399 1375 451 flebilem
1400 400 1515 450 sua-

150 477 415 534 vitatem,
475 492 580 540 qua
619 478 905 544 praecipue
951 478 1272 545 franguntur
1319 478 1513 537 animi,

162 569 410 618 quaeque
453 551 528 601 est
562 554 790 602 maxime
825 557 1094 605 naturalis.
1175 558 1318 607 Nam
1351 557 1511 604 etiam

163 630 324 680 orbos
349 629 650 696 viduasque
679 630 863 680 videas
891 632 951 678 in
974 631 1098 698 ipsis
1120 631 1405 682 funeribus
1430 649 1512 680 ca-

159 723 299 761 noro
342 707 578 772 quodam
614 708 780 757 modo
819 708 1216 773 proclamantes.
1298 711 1398 758 Hic
1436 720 1586 762 ‹et-17²

161 784 270 832 iam
305 782 450 833 fusca
480 786 572 833 illa
608 802 743 843 vox,
796 785 1006 849 qualem
1046 787 1234 835 Cicero
1269 784 1515 835 fuisse'in

160 862 398 911 Antonio
429 862 583 920 dicit,
622 862 756 910 mire
782 860 964 910 faciet:
1010 862 1168 911 habet
1196 864 1337 911 enim
1361 864 1419 910 in
1445 861 1514 921 se,

159 938 313 1004 quod
348 939 634 988 imitamur.
723 939 943 1004 Duplex
977 938 1049 987 est
1085 949 1262 988 tamen
1302 938 1516 988 misera-

157 1017 265 1074 tio;
316 1015 476 1064 altera
514 1033 636 1065 cum
676 1016 910 1074 invidia,
950 1017 1122 1081 qualis
1162 1017 1326 1066 modo
1371 1015 1513 1065 dicta

151 1091 225 1141 de
250 1092 587 1142 damnatione
612 1092 941 1143 Philodami:
984 1094 1143 1142 altera
1173 1111 1298 1142 cum
1323 1094 1511 1159 depre-

153 1171 362 1219 catione
385 1169 659 1220 demiffior.
740 1174 940 1239 Quare,
980 1169 1181 1219 etiamfi
1210 1170 1282 1219 est
1313 1172 1372 1219 in
1401 1171 1509 1220 illis
1522 1193 1590 1230 172

153 1263 374 1314 quoque
402 1258 588 1298 cantus
624 1246 925 1307 obscurior,
975 1251 1042 1296 In
1078 1259 1222 1299 coetu
1261 1265 1391 1298 vero
1415 1266 1514 1315 po-

244 1470 337 1503 ¹7¹·
368 1461 472 1495 dicit.
506 1459 670 1498 Omittit
691 1462 826 1510 Camp.
1113 1460 1247 1510 faciet.
1280 1464 1343 1498 Sic
1375 1462 1512 1500 Turio.

152 1516 259 1555 Flor.
280 1517 414 1553 Ambr.
441 1528 476 1553 2.
500 1517 630 1553 Guelf.
668 1522 911 1566 (quanquam
941 1518 984 1553 in
1008 1517 1087 1554 hoc
1120 1519 1171 1555 ob
1202 1518 1392 1554 defectum
1424 1533 1511 1555 ver-

151 1575 214 1611 sus
237 1573 443 1609 desinentis
464 1576 497 1609 ci
521 1574 738 1617 omittitur)
769 1587 857 1609 cum
886 1574 1003 1610 Goth.
1039 1575 1138 1613 Jens.
1173 1586 1210 1610 et
1236 1576 1322 1610 edd.
1351 1575 1511 1624 posterr.

152 1642 240 1667 ante
266 1629 416 1678 Gryph.
448 1629 610 1676 Reliqui
636 1630 744 1678 facit,
778 1631 880 1666 unde
911 1631 1158 1667 recedentem
1182 1633 1316 1679 Camp.
1337 1645 1418 1668 non
1440 1645 1511 1668 no·

149 1687 245 1723 tavi.
523 1688 721 1722 imitamur.
756 1687 817 1723 Sic
851 1688 984 1723 Turic.
1017 1687 1122 1723 Flor.
1157 1688 1289 1723 Ambr.
1315 1698 1351 1725 2.
1377 1687 1510 1727 Guelf.

151 1744 286 1792 camp.
319 1744 570 1790 (quanquam
598 1743 665 1779 hic
700 1746 915 1787 imiramur)
947 1756 1035 1779 cum
1068 1743 1171 1779 Alm.
1205 1745 1311 1781 Voff.
1340 1756 1376 1786 2,
1408 1744 1508 1783 Jens.

150 1800 268 1836 Tarv.
304 1801 458 1834 miratur
490 1799 608 1835 Goth.
645 1802 828 1835 imitemur
863 1800 1022 1848 reliqui.
1053 1801 1153 1835 dicta
1187 1801 1337 1837 omittit
1370 1803 1506 1851 Camp.

151 1855 422 1908 dampnatione
442 1855 633 1897 Plzilolam
654 1856 788 1894 Turio.
812 1854 996 1906 dimfflor
1016 1855 1122 1894 Flor.
1143 1858 1277 1906 Camp.

161 2067 163 2069 ’
210 2071 305 2101 1'71·
335 2061 407 2096 Hic
425 2058 627 2108 —faciet.
655 2060 800 2096 Proba·
864 2067 900 2106 4.
921 2074 960 2110 p.
988 2059 1078 2110 169.
1103 2072 1174 2097 nec
1193 2059 1513 2109 praetermittunt

149 2116 289 2156 biliter
314 2117 499 2154 Francius
530 2117 689 2167 reponit
722 2119 803 2153 Huc
861 2118 1017 2155 Lexica.
1283 2121 1289 2129 ⁸

150 2187 227 2225 pro
260 2175 328 2210 hic.
365 2173 411 2209 cf.
447 2181 483 2218 4,
517 2183 555 2214 2,
589 2181 655 2217 55.
714 2175 803 2211 Nisi
917 2175 1029 2210 habet
1059 2194 1110 2201 —
1154 2174 1254 2223 quod
1305 2176 1509 2212 imitamur.

150 2242 282 2269 tamen
301 2230 462 2279 propria
476 2231 525 2266 est
548 2229 698 2267 locutio
712 2234 803 2267 mire
858 2232 961 2267 Eum
993 2232 1116 2280 ipsum
1151 2231 1351 2272 affectum,
1392 2244 1513 2280 quem

148 2287 277 2338 facere
296 2288 334 2323 in
356 2288 485 2338 aliqua
504 2300 544 2322 re
566 2299 656 2334 pro:
691 2302 800 2336 prae·
859 2288 1049 2338 fingendo
1087 2288 1310 2328 imitamur,
1351 2288 1512 2336 praestat

153 2344 294 2382 clarum
315 2342 407 2393 effe,
450 2353 487 2379 et
508 2344 663 2379 multam
685 2347 804 2381 virtu·
862 2345 965 2381 fusca
987 2344 1055 2380 illa
1074 2358 1168 2386 vox,
1202 2343 1354 2392 qualem
1377 2344 1419 2379 in
1437 2348 1511 2379 An·

156 2409 234 2437 tem
263 2413 426 2440 exerere.
459 2400 572 2448 quale
601 2400 664 2442 est,
697 2402 806 2449 quod
864 2402 976 2437 tonio
997 2402 1109 2437 fuisse
1123 2411 1250 2436 narrat
1263 2399 1400 2436 Cicero
1418 2403 1515 2436 Bru-

154 2456 331 2505 quuitur
350 2456 383 2500 ᾖ.
412 2465 503 2501 173.
535 2458 626 2491 mire
638 2456 740 2505 facit
767 2460 805 2493 in
864 2467 906 2494 to
929 2470 961 2494 c.
985 2465 1050 2502 58.
1074 2458 1153 2500 ubi,
1180 2466 1418 2506 quantopere
1438 2458 1512 2492 mi·

154 2514 394 2563 peroratione
411 2532 464 2540 —
487 2511 677 2562 confeffio.
754 2516 807 2550 Et
864 2514 1047 2550 [crationi
1069 2513 1286 2550 movendae
1316 2512 1515 2562 profuerit

155 2568 236 2607 tuit
273 2569 472 2605 observata
510 2569 603 2605 haec
639 2569 807 2618 faciendi
863 2570 945 2612 illa,
976 2570 1081 2606 idem
1113 2572 1280 2607 testatur.

155 2625 344 2676 potestas,
399 2625 507 2675 quasi
537 2627 804 2664 remediorum
924 2628 1039 2663 modo
1061 2628 1171 2663 dicta.
1199 2631 1232 2674 §.
1252 2625 1340 2663 162.

137 2681 457 2734 'proficientium
478 2682 649 2731 propria,
671 2684 717 2719 de
731 2697 804 2732 qua
926 2694 1014 2727 172.
1061 2686 1104 2719 ln
1133 2693 1237 2720 coeca
1266 2693 1305 2719 et
1339 2683 1416 2720 Vos
1444 2682 1513 2720 Al,

158 2739 243 2792 agit
260 2740 396 2779 Burm.
415 2739 472 2790 ⁴ad.
490 2740 614 2780 nostri
638 2739 751 2782 Deci.
772 2748 811 2790 8,
867 2741 976 2784 bani,
1006 2741 1088 2777 vid.
1117 2745 1152 2791 ς.
1180 2740 1271 2786 ι67.
1297 2740 1362 2780 Est
1381 2751 1512 2788 autem

988 2821 1113 2873 ng
