1820 3062
361 138 527 183 1Nsr.
570 135 856 185 ORATOR.
904 115 1142 194 max,
1194 151 1236 183 ι.
1408 149 1489 194 25-

111 265 330 332 quoque
403 264 584 328 aliquo
643 263 852 323 juvari:
932 263 1081 329 quod
1141 264 1346 331 alligata
1407 264 1474 313 ad
1497 281 1548 320 29

113 353 306 391 certam
351 340 554 407 pedum
596 337 948 388 necesfitatem
997 359 1110 390 non
1152 340 1357 407 semper
1391 343 1476 391 uti

113 419 345 486 prOpriis
374 416 522 483 poffit
538 453 552 474 ,
590 414 680 463 sed
702 414 918 481 depulsa
942 428 1080 464 recta
1101 419 1184 466 via
1200 455 1214 477 ,
1255 416 1477 467 neceffa-

112 498 196 547 rio
229 495 295 544 ad
330 491 622 559 eloquendi
656 492 917 557 quaedam
939 492 1264 543 deverticula
1287 494 1478 545 confu-

114 575 245 638 giat:
294 588 392 621 nec
421 580 630 620 mutare
660 568 918 634 quaedam
950 570 1115 620 modo
1148 573 1335 630 verba,
1386 571 1477 622 sed

116 649 426 707 extendere,
491 647 784 712 corripere,
841 657 1181 705 convertere,
1231 647 1476 698 dividere

116 737 357 791 cogatur:
420 742 518 774 nos
547 740 678 772 vero
717 735 942 772 armatos
978 722 1109 772 stare
1141 725 1200 772 in
1232 726 1369 783 acie,
1427 737 1480 775 et

24 802 339 856 saefummis
370 801 437 851 de
470 801 628 850 rebus
666 799 976 859 decernere,
1019 811 1070 849 et
1107 801 1174 849 ad
1197 802 1480 852 victoriam

194 936 345 981 juvari.-
377 936 486 985 quotl.
545 934 647 972 Vall.
680 935 773 970 Bad.
803 936 930 980 juvari
959 933 1100 984 poscit.-
1141 935 1253 983 quod.

199 992 361 1039 alligata
377 1013 434 1019 —
455 991 566 1042 poffit
586 1011 637 1018 —
660 991 813 1041 depulsa
843 1000 941 1026 recta
963 1011 1015 1019 —
1036 991 1478 1040 confugiat—cogatur.

115 1049 179 1085 Sic
210 1047 343 1086 Turio.
374 1048 478 1084 Flor.
512 1050 599 1093 (nifi
629 1048 737 1097 quod
759 1048 824 1082 hic
847 1048 1062 1096 alligatam)
1094 1048 1222 1083 Guelf.
1283 1049 1358 1084 Sed
1377 1050 1476 1086 Jens.

115 1105 234 1141 Tarv.
277 1106 438 1155 alligata
459 1125 513 1133 —
533 1104 653 1155 poscit
681 1105 786 1150 (hoc
819 1115 855 1140 et
885 1103 987 1142 Vall.
1016 1105 1109 1139 Bad.
1141 1115 1179 1140 et
1205 1104 1360 1154 aliquot
1390 1106 1477 1142 edd.

115 1175 175 1210 ap.
217 1163 377 1208 Burm.)
421 1183 476 1190 —
533 1161 668 1211 repulsi
700 1177 723 1196 a
753 1171 852 1196 recca
878 1180 930 1188 -—
958 1160 1179 1209 confugiant
1201 1181 1254 1189 -
1283 1171 1478 1209 cogantur.

113 1218 277 1266 Reliqui
309 1222 509 1268 (quorum
544 1230 582 1254 et
614 1219 777 1267 Camp.)
819 1219 970 1265 alligati
989 1238 1043 1245 —
1062 1217 1201 1267 pqffint
1219 1240 1273 1246 —
1293 1218 1434 1268 depulsi
1454 1233 1480 1253 α

113 1284 276 1309 recta-
291 1274 574 1323 confugiant—
590 1284 783 1322 cogantur.
843 1275 948 1309 Hine
971 1274 1163 1315 recedunt
1180 1287 1334 1310 eatenus
1358 1275 1478 1312 Goth.

114 1328 219 1379 (err.
245 1332 388 1374 Gesn.)
419 1332 525 1368 Voss.
550 1340 586 1366 2.
627 1332 734 1378 quod
759 1328 1118 1378 alligata—poffit.
1179 1331 1267 1366 Ald.
1290 1330 1424 1380 repuffl
1442 1345 1478 1367 α.

113 1387 223 1423 Bafil.
256 1388 454 1434 alligatum
473 1406 529 1413 —
548 1386 722 1436 poffit—
735 1385 930 1435 depulsum
952 1386 1480 1435 a—confugiat-cogatur

115 1443 290 1479 consulto
322 1444 618 1479 accommodans
649 1444 693 1477 ad
724 1456 849 1490 genus.
1087 1446 1142 1478 uti
1168 1446 1341 1491 propriis.
1414 1443 1480 1485 Sip

113 1499 219 1535 Flor.
254 1500 387 1548 Camp.
418 1499 536 1535 Goth.
569 1500 667 1537 Jens.
699 1498 800 1546 (tac.
833 1500 978 1545 Gesn.)
1007 1511 1095 1533 cum
1131 1500 1216 1535 edd.
1247 1510 1333 1535 ante
1367 1499 1480 1536 Bam.

114 1558 154 1591 ἰη
172 1557 334 1604 propriis
364 1556 494 1591 Turio.
518 1555 645 1590 Guelf.
667 1555 828 1602 Reliqui
856 1557 1019 1603 propriis
1044 1557 1110 1590 uti.
1335 1565 1480 1591 mutare

114 1612 308 1663 quaedam.
347 1612 480 1648 Turio.
503 1612 607 1647 Flor.
643 1614 682 1657 (a
701 1625 762 1661 pr.
784 1624 835 1646 111.
862 1612 1007 1660 uterq.)
1046 1625 1091 1647 ηι.
1118 1626 1197 1663 que.

116 1726 255 1762 Simile
278 1726 397 1775 quid,
429 1728 494 1762 etsi
515 1726 645 1762 nostro
668 1724 769 1760 mol·
825 1724 947 1761 modo
973 1738 1048 1774 pro
1075 1739 1191 1773 genus
1212 1746 1267 1755 —
1290 1741 1481 1776 compara-

115 1782 217 1823 lius,
252 1795 314 1823 10,
339 1793 376 1827 7,
403 1792 472 1826 51.
533 1783 594 1818 Ad
623 1797 770 1828 compa·
829 1793 906 1818 tum
938 1793 1102 1831 reponat
1135 1793 1284 1830 gentem
1305 1805 1359 1812 —
1381 1799 1481 1820 com-

116 1849 238 1875 ratum
268 1840 472 1875 subaudies
506 1838 577 1889 effe
609 1839 770 1875 referes·
826 1848 1011 1889 paratam.
1073 1841 1190 1887 Saepe
1221 1854 1313 1888 gens
1337 1841 1418 1878 abit
1438 1842 1482 1876 in

117 1910 195 1945 que
219 1895 265 1930 ad
289 1898 570 1931 meminerimus.
828 1908 945 1944 genus
978 1906 1014 1930 et
1045 1896 1244 1944 genitivus
1267 1898 1481 1945 figurarum.

177 1963 242 1999 29.
277 1961 411 1987 certam
431 1953 568 2000 pedum
586 1950 771 2003 neceffita-
829 1951 1044 1988 attrahebat
1076 1966 1215 2000 genus,-
1246 1955 1312 1989 cui
1339 1954 1482 1989 deinde

118 2018 207 2061 tem.
237 2009 285 2044 cf.
312 2022 344 2048 1,
363 2015 401 2053 8,
429 2014 491 2053 ²4·
829 2009 1190 2044 accommodaretur
1202 2010 1480 2059 pa1‘ticipium3

176 2066 335 2113 alligata
374 2085 430 2094 —
469 2064 636 2114 depulsa.
700 2067 772 2102 Fe·
830 2065 877 2100 cf.
901 2069 934 2113 ᾗ.
960 2075 1029 2109 5¹·
1091 2066 1131 2101 Si
1162 2067 1279 2102 effent
1308 2066 1377 2101 illa
1397 2079 1482 2115 par-

114 2121 268 2159 'minina
322 2122 416 2158 haec
467 2123 771 2171 participiorum
830 2122 965 2171 ticipia
985 2121 1192 2158 masculina
1212 2122 1380 2171 pluralia
1398 2123 1482 2158 alli-

117 2181 205 2215 sunt
229 2179 275 2215 ab
301 2178 505 2215 oblivione
533 2190 571 2214 et
594 2190 711 2228 grata,
745 2182 772 2214 fi
829 2177 1130 2229 gaci—depuffi
1156 2179 1198 2214 in
1219 2179 1482 2215 vetufiiffimis

118 2237 185 2272 cui
207 2236 259 2271 ita
279 2235 471 2285 appellare
491 2235 623 2277 lubet,
647 2236 772 2285 negli-
830 2235 966 2277 libris,
1010 2248 1100 2271 cum
1137 2235 1261 2271 Badio
1292 2235 1483 2285 interpre-

118 2292 251 2341 gentia
283 2294 388 2339 ejus,
431 2293 502 2341 qui
534 2306 649 2340 genus
685 2294 772 2341 qui·
830 2302 932 2328 taret
970 2305 1087 2341 genus
1119 2292 1384 2328 subaudiendo
1417 2293 1483 2327 ho-

119 2349 231 2388 dem,
287 2349 396 2398 quod
427 2348 548 2384 modo
580 2350 772 2398 posuerat,
831 2351 970 2384 minum
991 2351 1054 2394 (ut
1073 2361 1130 2397 ap.
1152 2349 1264 2396 Virg.
1287 2349 1430 2397 Georg.
1451 2362 1483 2389 ι,

120 2404 266 2447 nollet,
298 2416 435 2454 utpote
456 2415 652 2446 neutrum,
685 2406 773 2442 diu·
832 2406 897 2449 63.
929 2406 1103 2442 nostrum
1132 2419 1166 2443 1,
1197 2419 1231 2444 ι,
1254 2406 1332 2449 8.),
1365 2415 1402 2440 et
1422 2419 1485 2454 ap·

119 2461 200 2497 tius
233 2463 434 2511 usurpare,
467 2473 504 2497 et
528 2475 598 2510 pei·
627 2463 772 2511 synefin
831 2461 1035 2511 pofitionis
1057 2461 1145 2496 loco
1169 2460 1366 2502 haberem,
1398 2461 1484 2498 sub·

120 2517 361 2566 intelligeret
386 2519 518 2567 poefin
554 2519 630 2562 (cf.
660 2531 705 2567 9,
734 2529 772 2561 2,
831 2519 978 2565 jectum
1004 2518 1097 2554 voci
1122 2523 1265 2566 po'e'tas.
1319 2517 1377 2554 cf.
1400 2529 1485 2555 not.

122 2575 232 2620 79.)‚
272 2574 383 2609 sicuti
412 2588 509 2609 mox
539 2575 589 2610 est
608 2573 772 2624 historia.
833 2575 920 2610 crit.

120 2631 279 2680 Nimiae
315 2631 430 2666 *enim
468 2631 621 2667 fortaffe
653 2632 776 2668 fuerit:
890 2630 1043 2681 depulsa
1070 2639 1170 2667 recta
1189 2633 1264 2667 via.
1299 2630 1349 2669 cf·
1375 2643 1424 2676 2,
1444 2641 1484 2679 5.

123 2687 303 2747 audaciae
357 2687 545 2728 criticae,
603 2689 632 2724 fi
685 2689 774 2739 quis
835 2701 871 2738 9.
902 2698 998 2725 recto
1034 2690 1166 2725 itinere
1192 2687 1298 2740 lapfi.
