1779 3062
213 179 314 234 256
460 219 468 226 .
541 175 794 227 Μ.,ΕΑΒ.,
829 179 1247 241 QUINTILIANI

210 324 310 374 pro
332 303 385 354 se
407 303 518 371 ipse
540 304 696 363 dicat,
734 303 1005 370 frequenti
1035 306 1392 365 translatione,
1428 305 1572 363 fictis

211 393 302 433 aut
321 383 559 448 repetitis
582 399 646 430 ex
670 381 927 432 vetustate
950 383 1142 441 verbis,
1167 383 1662 449 compofitione5972

175 503 178 509 ,
210 477 346 526 quae
367 458 433 508 [it
453 460 680 508 maxime
706 476 735 507 a
755 460 967 526 vulgari
987 458 1089 509 usu
1122 470 1342 518 remota,
1382 461 1574 510 decur-

208 537 457 587 rentibus
494 536 748 603 periodis,
787 554 948 602 quam
985 535 1265 585 laetissimis
1295 538 1427 587 locis
1456 536 1573 587 sen-

211 615 502 680 tentiisque
565 613 830 662 dicentem
854 615 877 662 ’ἓ
963 615 1099 662 Non
1156 612 1383 679 perdant
1441 614 1573 669 haec
1641 671 1643 673 ¹

211 693 396 741 osni-nia
443 689 787 740 necessarium
831 690 1152 756 periclitanti
1195 688 1574 748 sollicitudinis

206 770 472 826 colorem,
543 768 944 834 petendumque
987 768 1146 816 etiam
1191 767 1572 824 innocentibus

131 851 183 890 50
209 844 607 894 misericordiae
677 845 984 894 auxilium?
1082 845 1571 903 Commoveaturne

203 923 490 987 quisquam
527 925 640 983 ejus
676 921 921 979 fortuna,
977 938 1141 986 quem
1169 921 1469 981 tumidum,
1511 935 1574 972 ac·

200 998 286 1048 sui
318 1003 622 1061 jactantem,
662 1009 714 1047 et
748 997 1094 1048 ambitiosum
1128 997 1426 1048 institorem
1459 1001 1572 1050 elo-

199 1077 450 1141 quentiae
485 1077 543 1124 in
565 1077 784 1141 ancipiti
822 1074 960 1124 sorte
989 1075 1204 1123 videat?
1242 1077 1374 1125 Non
1397 1078 1568 1127 immo

199 1153 378 1203 oderit
405 1169 560 1201 reum
585 1154 745 1202 verba
769 1163 1139 1217 aucupantem,
1177 1162 1228 1200 et
1254 1154 1471 1203 anxium
1499 1154 1568 1203 de

122 1246 173 1284 51
200 1229 341 1278 fama
366 1230 589 1295 ingenii,
629 1239 681 1278 et
716 1230 805 1278 cui
826 1226 924 1277 effe
953 1227 1148 1279 diserto
1177 1231 1362 1277 vacet?
1404 1231 1568 1300 Quod

194 1373 299 1411 Alm.
534 1373 648 1409 dicat.
679 1372 814 1408 Turic.
844 1372 949 1410 Flor.
983 1373 1068 1417 (hic
1087 1386 1106 1407 a
1128 1386 1186 1421 pr.
1206 1374 1278 1418 m.)
1310 1373 1448 1410 dicant.

208 1421 225 1425 '⁴
280 1438 348 1466 aut
368 1432 549 1478 repetitis.
583 1431 646 1466 Sic
669 1432 778 1465 MSS.
803 1440 838 1465 et
860 1430 944 1465 edd.
966 1440 1051 1465 ante
1070 1429 1182 1465 Bafil.
1214 1430 1368 1480 (Camp.
1402 1431 1564 1480 quidem

193 1495 383 1538 atquerd
413 1486 459 1521 de
487 1486 607 1523 Goth.
640 1487 739 1525 Jens.
771 1497 840 1523 tac.
866 1487 995 1532 Gesn.)
1026 1486 1189 1535 Reliqui
1219 1502 1309 1522 aer.
1340 1488 1454 1524 Bafil.
1476 1498 1563 1525 etr·

218 1578 220 1580 .
276 1543 451 1593 quaesit.
494 1543 627 1579 Turic.
663 1558 698 1594 q.
715 1542 818 1591 sunt.
1112 1542 1317 1593 laetiffimis
1352 1545 1454 1582 locis.
1497 1546 1562 1592 Sie

193 1600 332 1636 Turio.
363 1599 470 1634 flor.
500 1599 637 1635 Ambr.
661 1609 698 1635 2.
741 1600 874 1647 Camp.
915 1612 1003 1634 cum
1037 1599 1157 1635 Goth.
1194 1599 1296 1638 Vall.
1328 1601 1441 1637 Tarv.
1470 1601 1566 1640 Ald.

189 1656 283 1690 Ba‘d.
337 1657 499 1704 Capper.
550 1656 660 1691 Gesn.
719 1655 809 1704 Bip.
859 1654 1046 1704 latiffimis
1086 1656 1177 1691 locis
1229 1655 1358 1692 Guelf.
1400 1657 1560 1707 Reliqui

188 1711 215 1748 Ζ.
231 1714 340 1757 jocis.
573 1711 815 1761 periclitanti.
857 1712 990 1748 'rm-ic.
1030 1712 1301 1761 periclitantia.
1332 1714 1431 1751 Jens.
1460 1717 1559 1762 peri-

188 1769 261 1803 culi
293 1771 392 1804 tanti
419 1781 510 1805 cum
542 1768 702 1816 posterr.
733 1779 820 1803 ante
852 1767 937 1804 Ald.
971 1782 1051 1804 non
1077 1770 1210 1816 Camp.
1240 1769 1387 1817 Regius
1418 1783 1559 1806 verum

185 1824 329 1861 suadet.
363 1825 495 1861 Simili
519 1837 651 1861 errore
672 1837 768 1860 mox
788 1823 894 1861 Flor.
925 1823 965 1872 (a
984 1839 1045 1874 pr.
1065 1823 1139 1874 m.)
1169 1824 1299 1861 Guelf.
1329 1827 1424 1862 Exc.
1452 1828 1555 1864 Sant-

184 1878 442 1929 institutorem.

283 1947 351 1982 5ο.
384 1940 729 1975 Commoveaturne.
762 1938 867 1974 Flor.
900 1941 1155 1975 conveniatne.
1187 1937 1322 1974 Ambr.
1346 1949 1382 1975 2.
1423 1939 1554 1975 Guelf-

183 1994 306 2031 Goth.
338 1994 430 2041 (tac.
457 1996 588 2042 Gesn.)
619 1997 713 2031 Exc.
749 1999 852 2032 sant.
882 2005 1122 2031 moveaturne
1151 2008 1240 2031 eum
1261 1995 1366 2030 Voss'.
1393 2009 1427 2032 1.
1453 2005 1489 2032 2.
1515 2006 1552 2041 3.

182 2050 322 2087 Colb.‘
530 2054 697 2087 anxium.
728 2053 864 2089 Turio.
894 2052 999 2087 flor.
1033 2052 1218 2087 auxilium
1251 2064 1340 2087 cum
1359 2052 1463 2090 Alm.

265 2106 418 2158 diser-w.
451 2109 586 2158 Camp.
621 2107 799 2158 disertum
831 2122 919 2145 cum
947 2108 1067 2145 Goth.

174 2222 382 2270 Ligarium
439 2221 653 2258 describere
707 2221 836 2256 noster
960 2229 1024 2266 50.
1056 2222 1146 2257 Non
1165 2223 1278 2257 immo
1301 2222 1433 2260 oderit.
1493 2223 1551 2258 Ita

175 2278 335 2314 videtur
365 2278 573 2325 Gedoyno.
895 2278 1156 2314 continuanda
1182 2280 1309 2314 oratio
1336 2292 1409 2327 per
1429 2280 1549 2314 inter-

232 2335 514 2383 compositione.
547 2335 594 2371 οἱ.
611 2346 647 2382 9,
673 2340 709 2379 4,
741 2340 833 2378 ²45·
892 2336 1061 2382 rogandi
1099 2335 1291 2382 figuram3
1351 2348 1454 2376 non,
1507 2345 1551 2371 ut

172 2390 243 2427 ubi
321 2391 435 2427 valde
508 2390 652 2427 similia
724 2389 833 2426 hisce
892 2391 1038 2438 vulgo,
1067 2392 1156 2426 Non
1187 2405 1207 2425 a
1242 2394 1380 2428 ceteris
1414 2391 1546 2427 distin·

170 2448 322 2484 nostris.
893 2447 1022 2483 ctione
1043 2447 1327 2490 revellendum,
1355 2459 1400 2483 ut
1418 2449 1466 2484 sit
1486 2462 1547 2483 re-

226 2503 432 2554 laetiffi'mis
461 2505 564 2540 locis.
624 2507 723 2541 Sunt
759 2505 828 2553 qui
885 2504 1036 2550 sponsio
1100 2504 1148 2539 ad
1205 2504 1316 2540 illam
1365 2504 1542 2554 priorem

169 2571 206 2595 et
228 2562 351 2596 uberes
382 2562 567 2597 dicuntur
591 2569 625 2605 5,
663 2571 725 2604 13,
759 2569 824 2605 42.
884 2561 1159 2608 quaestionem.
1181 2561 1231 2596 cf.
1245 2563 1293 2597 ad
1314 2561 1541 2597 sententiam

165 2623 205 2662 4,
240 2631 274 2658 1,
311 2627 373 2666 59.
423 2628 461 2653 et
489 2618 614 2667 ipsum
644 2619 821 2654 nostrum
883 2620 1151 2660 11,5‚5.Non
1173 2610 1225 2653 est
1244 2631 1319 2667 pro
1337 2631 1470 2656 nonne,
1495 2627 1540 2653 ut

164 2675 381 2720 appositum
403 2675 453 2710 est
477 2681 516 2722 4,
543 2682 578 2718 5,
609 2689 643 2711 1.
677 2675 726 2711 cf.
747 2687 819 2710 nos
877 2674 999 2709 modo
1022 2678 1055 2721 ς.
1079 2682 1143 2722 49.
1174 2687 1271 2710 mox
1296 2684 1359 2719 52.
1391 2675 1439 2709 cf.
1472 2686 1538 2716 xo,

162 2728 211 2765 ad
236 2742 298 2772 ιο,
333 2745 377 2772 ι,
410 2730 474 2775 46.
725 2749 732 2768 ι
880 2743 924 2771 ι,
956 2736 1022 2775 48.
