1779 3062
213 161 311 221 636
533 161 613 208 Μ.
647 163 784 209 ΕΑΒ.
820 163 1239 226 QUINTILIANI

212 288 462 355 quentiae
502 300 788 357 componet
822 301 1016 349 artem,
1054 279 1147 341 aut
1182 291 1658 358 pulcherrimis-‚noa

163 386 188 422 ⁵
211 369 354 416 vitae
396 368 691 435 praeceptis
731 367 960 433 dignum
999 385 1058 418 os
1098 368 1258 417 dabit.
1298 372 1566 434 Frequen-

209 445 400 493 tabunt
449 461 578 494 vero
632 448 750 506 ejus
805 445 1033 495 domum
1093 446 1287 511 optimi
1341 441 1566 508 juvenes

208 539 361 571 mole
401 532 665 581 veterum,
707 533 758 571 et
797 539 975 572 veram
1016 522 1233 572 dicendi
1269 525 1412 573 viam
1449 524 1566 573 xel-

210 610 273 650 ut
321 616 386 648 ex
430 600 649 650 oraculo
700 611 893 666 petent.
990 605 1104 651 Hos
1161 601 1255 649 ille
1311 600 1566 651 formabit

210 675 363 742 quasi
402 678 740 742 eloquentiae
777 695 984 745 parens,
1024 689 1076 726 et
1107 688 1171 728 ut
1195 687 1348 728 vetus
1371 678 1566 744 guber-

210 765 367 804 nator
405 755 562 805 litora
602 765 654 803 et
692 765 894 821 portus,
935 766 986 804 et
1023 771 1160 821 quae
1196 754 1566 822 tempestatum

207 831 382 898 signa,
424 832 560 897 quid.
600 830 842 883 secundis
881 831 1120 893 flatibus,
1161 833 1296 898 quid
1336 831 1568 883 adversis

208 911 333 960 ratis
359 909 552 976 poscat,
594 908 821 968 docebit,
860 928 973 961 non
1006 911 1354 961 humanitatis
1387 909 1565 961 solum

210 988 490 1037 communi
530 987 723 1037 ductus
769 984 968 1046 officio,
1008 987 1098 1037 sed
1122 1005 1301 1038 amore
1327 986 1565 1053 quodam

158 1083 184 1121 6
214 1066 403 1131 operis.
446 1066 626 1115 Nemo
667 1066 814 1115 enim
852 1066 1031 1115 minui
1068 1066 1201 1116 velit
1239 1065 1314 1125 id,
1351 1066 1411 1115 in
1451 1080 1564 1130 quo

208 1267 282 1306 ric.
304 1264 412 1302 Flor.
435 1264 563 1302 Guelf.
587 1264 689 1301 Alm.
711 1266 809 1305 Jens.
835 1267 924 1310 (tae.
948 1266 1078 1310 Gesn.)
1100 1277 1138 1302 et
1155 1266 1249 1316 post.
1271 1277 1358 1302 aute
1375 1265 1463 1302 Ald.
1485 1277 1561 1304 acc.

207 1323 324 1414 Bad.l
449 1331 532 1359 arte
561 1322 666 1359 Flor.
706 1331 825 1359 artem
846 1332 1040 1371 componet
1059 1324 1194 1374 Camp.
1247 1324 1312 1360 hos
1332 1323 1440 1359 dabit
1457 1322 1562 1363 flor.

204 1392 243 1417 c·
274 1382 307 1418 A
327 1393 380 1416 m.

327 1478 364 1516 5.
398 1484 500 1507 more
521 1480 694 1507 votorum
713 1470 818 1507 Flor.
859 1485 945 1508 vere
975 1471 1122 1508 dicendi
1147 1470 1279 1509 Turio.
1304 1470 1408 1508 Flor.
1430 1469 1561 1507 Guelf.

202 1528 390 1579 formavit
412 1528 548 1564 Turic.
574 1526 678 1564 Flor.
713 1542 807 1577 quae
824 1542 898 1577 pro
918 1528 1024 1578 quasi
1043 1529 1177 1565 Turic-
1197 1528 1304 1565 Flor.
1328 1527 1455 1564 Guelf.
1488 1541 1563 1578 qua

210 1595 310 1621 atate
329 1582 526 1634 pestatium
546 1584 650 1620 Flor.
712 1586 812 1632 quod
834 1587 921 1622 adv.
942 1586 1075 1622 Turio.
1301 1594 1403 1621 ratus
1427 1586 1557 1620 Turie.

209 1651 331 1678 ratum
354 1654 476 1688 marg.
498 1640 608 1676 Bafil.
640 1643 752 1676 ratim
776 1641 905 1677 Gueff.

212 1698 345 1744 Geta.)
381 1699 519 1734 amoris
541 1698 676 1747 Camp-

211 1868 376 1905 offensus
419 1867 470 1902 est
506 1865 640 1914 itaque
685 1865 859 1912 ejusdem

207 1925 324 1962 verbi
341 1924 387 1959 ad
401 1923 598 1972 superiora
621 1933 859 1958 monumenta

209 1996 329 2017 terum
347 1977 506 2029 posteris
527 1978 731 2015 relatione.
760 1981 858 2015 sane

206 2037 540 2087 ‚‚quaerentibus“
557 2037 643 2082 jura
654 2035 858 2076 ‚,tradcre“

209 2108 290 2131 non
316 2094 400 2130 satis
430 2105 649 2142 congruum
675 2092 856 2135 videtum

208 2151 407 2199 solentque
431 2150 647 2199 scriptores,
663 2162 752 2184 cum
775 2150 853 2186 duo

206 2209 331 2244 sensus
356 2207 404 2242 ad
424 2220 548 2242 unum
569 2204 734 2241 verbum
757 2207 856 2242 refe·

207 2276 314 2305 runt,
344 2264 523 2314 propiori
536 2262 636 2298 illud
659 2263 782 2310 magis
795 2276 854 2299 ac-

209 2321 460 2357 commodare
496 2332 610 2369 quam
632 2319 852 2356 remotiori.

208 2380 264 2415 Ita
285 2390 447 2426 zeugma
460 2376 539 2416 hic,
567 2377 609 2411 in
629 2375 751 2412 verbo
773 2378 854 2412 red·

207 2436 295 2470 dere
317 2435 381 2479 (cf.
405 2449 440 2475 1,
460 2447 521 2474 ιο,
544 2440 613 2482 47.
639 2439 677 2479 8,
698 2440 736 2476 5,
751 2435 852 2480 51.),

207 2504 289 2526 non
310 2491 405 2527 adeo
429 2489 573 2526 durum
593 2489 658 2525 sit:
685 2500 722 2525 et
746 2490 857 2538 equi-

209 2547 298 2582 dem
330 2547 600 2584 addicentibus
622 2559 727 2581 nunc
754 2547 855 2594 opti·

208 2604 283 2638 mis
327 2605 449 2650 codd„
472 2603 587 2653 plane
619 2614 770 2639 transeo
810 2605 855 2640 in

209 2660 430 2711 spaldingii
460 2661 696 2697 sententiam.

269 2725 305 2763 5.
337 2731 438 2756 more
458 2726 633 2756 veterum.
663 2716 755 2758 vid.
769 2717 853 2756 Cic.

1078 1641 1179 1677 Nam
1199 1641 1298 1678 hum.
1329 1641 1450 1680 Goth.
1467 1643 1557 1688 (tac.

917 1866 964 1902 de
983 1868 1070 1904 Sen.
1095 1872 1134 1912 8.
1154 1878 1194 1916 9.
1228 1877 1266 1904 et
1291 1865 1465 1904 nostrum
1498 1877 1563 1907 ao,

919 1930 956 1967 5.
994 1935 1058 1973 19.

973 2036 1062 2085 quid
1075 2056 1127 2064 -
1139 2038 1231 2072 ratis
1251 2035 1392 2086 poscat.
1424 2035 1563 2079 „Num

913 2102 1025 2136 „rate
1058 2093 1226 2130 vehetur
1257 2091 1561 2142 gubernator?“

913 2149 1164 2200 Spaldingius
1195 2149 1424 2199 quaerebat;
1477 2162 1558 2184 me-

911 2208 1002 2244 rito.
1075 2207 1176 2243 Nam
1207 2206 1408 2255 poe-'ticum
1439 2204 1560 2251 hujus

911 2263 1023 2300 vocis
1043 2263 1151 2298 usum
1175 2263 1220 2298 de
1241 2276 1338 2299 nave
1367 2261 1470 2312 apud
1489 2261 1557 2297 bo-

910 2334 981 2357 nae
1011 2330 1124 2356 notae
1153 2320 1357 2368 scriptores
1389 2331 1470 2355 non
1497 2318 1559 2353 in-

909 2376 1063 2414 venias:
1085 2375 1250 2412 alterum
1262 2376 1472 2426 proprium
1490 2373 1559 2409 ha·

912 2434 980 2471 bes
1000 2433 1109 2482 supra
1133 2446 1195 2473 ιο,
1212 2444 1247 2473 2,
1263 2443 1299 2478 7.
1333 2433 1474 2468 ratibus
1493 2430 1560 2466 ad-

911 2492 981 2527 huc
1010 2491 1270 2538 navigaretur.-
1320 2489 1416 2525 adde
1450 2488 1487 2529 6,
1520 2496 1559 2531 3.

914 2547 979 2596 96.
1023 2554 1063 2589 5,
1093 2552 1132 2591 8,
1163 2556 1227 2591 25.
1267 2545 1468 2583 verissima
1487 2545 1559 2579 ita-

911 2617 987 2653 que
1036 2602 1141 2638 mihi
1190 2604 1350 2652 quidem
1398 2601 1560 2638 videtur

911 2659 1085 2707 ejusdem
1122 2660 1343 2709 Spaldingii
1383 2656 1559 2694 emend·-

911 2717 990 2755 tio:
1023 2717 1283 2767 quid—ratio
1301 2713 1443 2767 poscat.
