1779 3062
415 180 575 228 INST.
615 181 893 226 ORATOR.
936 182 1056 226 LIB.
1091 181 1189 237 XI,
1227 192 1272 236 5.
1413 179 1507 238 367

88 324 377 365 ιοοευενεον,
412 299 483 364 'et‚
537 307 712 370 Turpe
735 302 841 377 sit,
878 316 945 366 et,
995 308 1208 355 Timere.
1289 311 1399 361 Jam
1436 304 1511 355 se·
1536 328 1588 370 49

174 384 348 436 cunda
371 382 644 448 respiratio
667 382 916 432 increscat
943 395 1169 450 oportet,
1210 394 1261 432 et
1283 385 1513 435 naturali

173 459 409 526 quodam
439 470 656 518 conatu,
692 476 801 523 quo
837 461 1017 509 minus
1050 460 1242 525 pavide
1268 461 1513 520 dicimus,

174 555 309 604 quae
346 536 671 602 sequuntur,
727 547 779 585 et
820 537 969 601 quod
1001 537 1314 602 magnitudo
1350 540 1515 586 animi

173 616 399 667 {Milonis
424 613 734 671 ostenditur,
759 616 1075 678 Minimeque
1096 614 1288 671 deceat,
1310 633 1421 662 cum
1455 617 1513 664 T.

173 693 381 744 Annius
403 687 511 763 ipse
534 694 708 760 magis
734 694 809 740 rei
823 687 1060 754 publicae
1080 692 1144 738 de
1151 686 1348 762 salute,
1361 710 1516 754 quam

175 771 239 818 de
255 765 357 840 sua
375 766 720 832 perc‘nrbecur.
802 767 1015 817 Deinde
1045 767 1192 832 quasi
1215 768 1513 834 objurgatio

175 845 255 896 sui
272 845 359 903 eft,
375 849 469 894 Me
491 847 564 893 ad
583 845 691 910 ejus
712 841 919 916 causam
938 861 1122 909 parem
1144 847 1300 892 animi
1313 849 1515 914 magni-

175 925 400 971 tudinem
431 918 633 994 afferre
658 941 755 971 non
774 917 937 995 poffess
985 925 1128 970 Tum
1153 922 1517 981 invidioliora‚
1541 946 1590 984 50

186 1001 380 1048 Tamen
418 997 544 1047 llaec
584 1002 706 1048 novi
730 998 916 1062 judicii
952 1015 1092 1047 nova
1123 995 1316 1067 forma
1360 1010 1521 1048 terret

176 1076 357 1126 oculos.
435 1077 530 1124 Illa
555 1093 686 1125 vero
715 1080 817 1137 jam
840 1092 1006 1141 paene
1030 1077 1236 1140 apertis,
1275 1087 1338 1124 ut
1359 1080 1520 1138 ajunt,

175 1146 338 1212 tibiis,
383 1153 502 1228 Qui,
542 1171 841 1218 quocunque
867 1154 1163 1211 inciderunt,
1204 1149 1522 1225 conficetudz'-

178 1297 309 1345 Camp.
351 1296 514 1344 Reliqui
543 1296 641 1332 dum.
669 1295 717 1332 cf.
743 1308 806 1337 10,
831 1294 866 1336 6,
889 1305 924 1338 7.
955 1293 1059 1330 Inter
1087 1297 1168 1331 viro
1202 1306 1239 1330 et
1268 1308 1378 1345 quam
1402 1295 1521 1332 Goth.

176 1352 268 1398 (tac.
282 1354 411 1399 Gel'n.)
423 1353 555 1388 inserit
576 1355 694 1388 (licere
714 1365 802 1387 eum
815 1353 913 1391 Jens.
931 1362 968 1386 et
989 1351 1074 1386 edd.
1088 1351 1247 1399 posterr.
1273 1363 1358 1387 ante
1370 1353 1522 1400 Gryph-

178 1410 250 1446 Sed
286 1409 414 1445 Guelf.
446 1424 524 1444 cum
557 1410 705 1445 omittit
746 1419 831 1445 ante
859 1407 964 1457 Etsi,
1000 1418 1044 1442 ut
1082 1418 1119 1442 et
1146 1409 1243 1444 Jens.
1278 1412 1367 1451 (tac.
1393 1410 1522 1453 Gesn.)

177 1480 264 1502 cum
286 1465 370 1502 edd.
389 1466 546 1515 poster-r.
572 1477 658 1502 ante
689 1465 777 1501 Ald.
805 1478 880 1501 acc.
912 1465 1048 1500 Badio.
1088 1465 1189 1499 Mox
1219 1465 1352 1514 Camp.
1384 1478 1457 1514 pro
1487 1474 1524 1501 et

181 1524 325 1559 Timere
351 1524 414 1558 dat
427 1525 541 1558 etiam
566 1523 608 1559 T.

261 1608 327 1649 49.
369 1600 466 1649 quod
492 1594 729 1649 'magnitudo-
771 1602 834 1637 Sic
868 1601 1002 1636 Turic.
1031 1599 1137 1636 Flor.
1162 1599 1299 1635 Ambr.
1323 1608 1361 1634 2.
1394 1599 1524 1636 Guelf.

178 1661 308 1706 Camp.
339 1672 426 1694 cum
456 1661 570 1694 Bern.
611 1659 772 1708 Reliqui
795 1672 865 1706 quo
898 1672 944 1694 m.
1210 1658 1264 1691 rei
1282 1657 1454 1704 publicae
1476 1658 1523 1691 de

170 1715 303 1765 salute.
343 1716 404 1751 Sic
437 1716 569 1750 Turio.
599 1715 704 1751 Flor.
756 1714 918 1762 Reliqui
940 1715 985 1749 de
1005 1729 1031 1750 r.
1053 1728 1092 1763 p.
1110 1712 1144 1762 s.
1168 1726 1256 1749 cum
1285 1713 1366 1748 Cic.
1394 1713 1522 1749 libris.

178 1773 251 1807 Sed
273 1773 393 1806 iidem
415 1773 534 1807 modo
561 1773 691 1816 majus.
732 1774 834 1806 ΜοΧ
856 1782 998 1818 partem
1016 1782 1053 1806 et
1075 1768 1263 1816 invidiosa
1284 1783 1351 1804 ora
1373 1770 1478 1805 Flor.

995 1848 1060 1883 Sic
1089 1848 1225 1883 Turio.
1256 1846 1361 1882 Flor.
1395 1847 1525 1886 Guelf.

261 1860 328 1895 50.
360 1851 577 1890 inciderunt,
625 1849 936 1899 consuetudinem.

238 1991 302 2032 49.
333 1997 403 2032 quo
436 1984 555 2017 minus
575 1982 711 2029 pavide
733 1981 823 2016 dici-

139 2065 142 2069 ·
183 2055 270 2077 mus.
330 2041 495 2076 Dictum
529 2039 576 2073 est
601 2053 671 2088 quo
706 2040 824 2073 minus

180 2111 253 2147 pro
288 2099 375 2148 quia
404 2098 520 2131 minus
551 2096 618 2141 (sic
639 2110 681 2130 eo
706 2097 824 2129 minus

180 2161 221 2199 8,
249 2163 286 2198 5,
316 2155 411 2198 ιδ.),
445 2165 527 2188 non
559 2162 597 2186 ut
621 2166 663 2186 eo
685 2154 823 2189 minax&

180 2212 242 2247 sed
272 2211 349 2246 hoc
377 2209 488 2245 facile
509 2208 743 2257 intelligitur
765 2209 823 2242 in-

183 2268 374 2304 dicativo,
434 2279 516 2301 non
555 2264 823 2311 conjunctivo,

181 2325 365 2369 subjecto.
409 2324 550 2357 Parum
592 2333 717 2356 tanren
748 2321 825 2355 hoc

184 2379 426 2415 attenderunt
447 2379 516 2426 qui
535 2391 630 2413 mox
645 2378 725 2413 fere
741 2390 826 2412 om-

183 2448 250 2471 nes
280 2448 376 2482 „quo
397 2434 628 2482 magnitudo
639 2453 695 2461 -—
706 2433 825 2470 osten-

182 2491 347 2533 ,‚ditur“
387 2503 525 2525 verum
566 2492 826 2527 crediderunt.

183 2561 256 2596 quo
278 2559 496 2595 pronomen
518 2545 736 2586 relativum,
753 2546 825 2581 nisi

183 2603 322 2644 fallor,
360 2603 677 2650 interpretantes,
718 2601 825 2652 quod

184 2659 396 2694 referretur
431 2659 478 2692 ad
514 2666 716 2701 „conatu“‚
762 2671 825 2694 eo-

187 2715 350 2765 demque
384 2715 574 2752 trahentes
605 2716 716 2766 prius
739 2728 823 2766 quo.

880 1979 976 2015 Inde
997 1981 1048 2016 est
1067 1980 1175 2029 quod
1195 1980 1376 2016 Rollinus
1399 1991 1433 2016 et
1444 1982 1528 2030 post

882 2047 1031 2086 oportet
1068 2039 1347 2086 supervacuum
1391 2040 1528 2079 censet,

880 2095 953 2131 nisi
972 2094 1071 2130 forte
1090 2095 1282 2142 significet
1301 2096 1434 2134 etiam:
1460 2096 1528 2130 cui

881 2149 983 2187 nihil
1046 2151 1211 2199 opponit
1264 2152 1526 2187 Burmannus.

882 2209 957 2243 Sed
990 2207 1196 2256 respondet
1227 2217 1263 2242 et
1299 2206 1376 2241 hoc
1414 2207 1526 2242 alteri

883 2275 969 2299 ante
1022 2264 1151 2313 quod,
1209 2262 1390 2298 sententia
1434 2263 1523 2298 tali:

882 2322 996 2361 „Non
1021 2319 1145 2368 solum
1167 2318 1333 2355 naturali
1355 2320 1527 2367 quodam

882 2389 1064 2419 ‚,conatu,
1083 2377 1171 2425 quia
1183 2375 1377 2424 sequentia
1394 2377 1527 2412 minus

883 2435 1051 2482 „pavide
1095 2433 1286 2472 dicimus,
1344 2432 1528 2468 increscat

883 2501 1069 2539 „oportet
1112 2489 1271 2524 secunda
1305 2488 1527 2536 respiratio,

881 2545 972 2594 „sed
1013 2548 1124 2581 etiam
1170 2555 1373 2593 propterea
1418 2544 1525 2592 quod

881 2602 1136 2650 „magnitudo
1190 2601 1312 2636 animi.
1354 2600 1524 2642 Milonis

880 2658 1162 2700 „ostenditur.“

939 2722 1005 2759 50.
1037 2714 1363 2764 apertis—tibiis.
1404 2713 1526 2752 Nihil
