1779 3062
165 461 210 501 25

160 1073 208 1111 26

235 161 334 223 692
507 181 510 185 *
558 158 636 206 M.
664 158 801 207 ΕΑΒ.
839 157 1258 222 QUINTILIANI

238 288 328 338 vel
364 285 699 353 negligentia.
751 288 994 336 Proxima
1034 287 1094 335 in
1132 286 1305 346 nobis,
1344 289 1441 353 qui
1469 304 1583 338 mo-

240 366 346 415 rari
399 365 459 412 in
509 380 573 413 eo
624 363 773 430 quod
822 365 1104 422 novimUS,
1176 381 1336 430 quam
1385 365 1583 415 discere

242 458 379 509 quae
408 441 657 491 nondum
686 440 893 500 scimus,
918 443 1111 491 melius
1140 453 1398 507 putamus.
1439 445 1584 492 'Nam

238 531 301 569 ut
341 518 408 567 de
445 517 638 568 nostris
662 516 987 586 potissimum
1015 518 1203 567 studiis
1227 518 1416 578 dicam,
1449 519 1586 584 quid

239 597 426 646 attinet
462 605 568 645 tam
608 597 794 647 multis
832 597 999 655 annis,
1037 613 1198 661 quam
1235 597 1293 646 in
1319 613 1482 647 ·more
1512 596 1586 645 eft

237 674 603 741 plurimorum
643 675 731 740 (ut
766 673 832 722 de
870 674 971 733 liis,
1008 691 1036 721 a
1076 673 1274 738 quibus
1310 687 1500 739 magna
1525 675 1587 723 in

236 751 343 801 hoc
368 767 486 817 pars
512 751 692 800 aetatis
730 749 1039 808 absumitur,
1077 758 1296 816 taceam)
1337 751 1589 800 declami-

238 839 350 878 tare
387 829 447 876 in
486 826 692 886 schola,
755 839 807 877 et
845 838 1051 877 tantum
1091 828 1288 878 laboris
1324 830 1383 876 in
1422 828 1586 878 rebus

236 905 378 956 falsis
420 904 746 964 consumere,
786 923 909 955 cum
950 905 1067 955 satis
1106 903 1170 953 sit
1209 904 1426 956 modico
1450 915 1584 954 tern-

237 1000 370 1050 pore
409 982 695 1049 imaginem
734 984 851 1031 veri
892 983 1244 1041 discriminis,
1283 993 1334 1031 et
1365 982 1584 1032 dicendi

239 1062 379 1126 leges
419 1056 760 1126 comperisse?
819 1059 980 1128 Quod
1019 1076 1132 1108 non
1174 1059 1312 1118 dico,
1353 1060 1479 1125 quia
1517 1059 1583 1108 fit

235 1153 476 1202 unquam
518 1136 809 1187 omittenda
851 1136 1066 1185 dicendi
1114 1138 1440 1196 exercitatio,
1489 1135 1583 1186 fed

234 1216 362 1282 quia
400 1231 514 1263 non
551 1212 617 1262 fit
652 1216 712 1262 in
750 1231 858 1263 una
884 1217 997 1275 ejus
1017 1212 1187 1281 specie
1213 1212 1582 1264 consenescen-

231 1394 369 1433 Turic.
598 1392 661 1428 vol
689 1391 914 1440 neglegendi
941 1392 1075 1429 Turio.
1108 1393 1211 1430 Flor.
1247 1393 1376 1430 Guelf.
1406 1391 1487 1442 (sed
1513 1393 1581 1429 hic

229 1465 301 1503 per
330 1452 380 1496 1).
611 1451 820 1500 proximam
855 1450 893 1483 in
923 1449 1031 1485 nobis
1059 1451 1192 1487 Turio.
1234 1454 1444 1499 proximam
1475 1451 1581 1487 nobis

232 1510 368 1558 camp.
603 1508 642 1542 ἰη
668 1520 712 1542 eo
742 1505 842 1556 quod
871 1506 977 1542 nobis
1006 1507 1141 1557 discere
1163 1508 1298 1544 Turio.
1320 1507 1425 1544 Flor.
1446 1507 1576 1544 Guelf.

350 1594 411 1633 ¹5·
442 1599 531 1623 nam
559 1596 594 1622 et
623 1586 670 1621 de
700 1584 828 1621 Guelf.
1006 1587 1051 1621 de
1082 1589 1127 1622 iis
1157 1603 1181 1623 a
1212 1587 1330 1624 Goth.
1359 1588 1458 1626 Jens.
1488 1592 1580 1634 (tac.

231 1644 377 1693 Gesn.)
413 1643 502 1679 ΑΜ.
567 1642 655 1678 ‘sed
690 1641 862 1677 nostrum
905 1641 1074 1691 digitum
1112 1644 1315 1680 intendere
1347 1645 1507 1681 videtur
1535 1645 1580 1681 in.

231 1701 435 1749 quosdam,
669 1699 789 1745 partis
824 1700 961 1734 aetatis
988 1700 1121 1736 Turic.
1153 1699 1258 1735 Flor.
1506 1701 1579 1737 dis-

231 1759 382 1793 crimine
407 1755 477 1807 sed
505 1755 611 1793 Flor.
642 1753 773 1790 Guelf.
824 1756 882 1790 >In
912 1756 1006 1791 Exc.
1050 1758 1152 1792 Sant.
1189 1757 1397 1794 discrimine
1426 1768 1579 1794 tantum

229 1824 421 1850 notatum.

353 1870 416 1907 16.
447 1883 543 1920 quae
566 1882 640 1919 pro
670 1868 769 1918 quod
798 1867 932 1918 Camp.
993 1883 1070 1905 non
1098 1870 1180 1907 dico
1211 1885 1283 1920 qua
1309 1870 1442 1908 Turio.
1468 1871 1574 1908 Flor.

230 1924 397 1976 discendi
426 1928 562 1963 Turio.
799 1924 870 1973 sed
900 1928 989 1976 quia
1019 1929 1095 1964 ima
1121 1925 1174 1976 sit
1201 1930 1280 1973 ejus
1301 1926 1426 1977 specie
1456 1928 1578 1978 conse-

229 1983 448 2032 nescendum
484 1983 618 2020 Tui-ic.
662 1983 757 2020 item
792 1981 897 2020 Flor.
939 1983 1013 2018 nisi
1041 1985 1149 2032 quod
1177 1984 1245 2019 hic
1276 1988 1313 2020 in
1343 1986 1428 2020 ima.
1501 1987 1578 2023 Sed

231 2039 358 2075 Guelf.
387 2039 457 2088 sed
488 2042 576 2090 quia
605 2054 677 2075 una
707 2040 785 2084 ejus
807 2039 869 2090 sp.
901 2054 930 2075 c.
964 2041 1064 2085 (nisi
1093 2041 1204 2088 quod
1234 2041 1363 2090 Spald.
1403 2043 1579 2079 enotavit

229 2106 381 2132 tantum
409 2110 533 2145 usque
564 2097 610 2133 ad
637 2109 777 2133 vocem
809 2111 895 2137 una,
926 2107 971 2132 ut
990 2097 1070 2133 fere
1098 2098 1273 2147 suspicer,
1303 2098 1440 2145 fugiss'e
1462 2097 1579 2135 illum

229 2153 398 2188 verbum
420 2151 476 2201 sic
503 2154 588 2202 post
617 2166 756 2190 vocem
787 2155 893 2197 una).
921 2152 992 2202 sed
1020 2156 1109 2204 quia
1137 2168 1212 2189 non
1234 2152 1290 2203 sit
1319 2168 1394 2189 una
1426 2156 1502 2200 ejus
1514 2155 1577 2204 sp.

229 2223 262 2244 c.
307 2209 439 2257 Camp.
478 2209 608 2248 Colin.
650 2210 795 2248 Vidov.
848 2209 883 2259 s.
918 2226 952 2260 q.
988 2225 1023 2246 n.
1047 2209 1103 2260 sit
1133 2212 1211 2255 ejus
1239 2209 1365 2259 specie
1393 2225 1421 2246 c.
1455 2211 1576 2248 Goth.

227 2265 335 2304 Voff.
373 2277 409 2302 2.
438 2266 537 2305 Jens.
572 2279 609 2304 et
637 2266 729 2316 post.
765 2277 851 2302 ante
879 2265 989 2303 Bafil.
1021 2266 1094 2316 qui
1121 2267 1271 2315 primus
1302 2267 1479 2308 nostram,
1511 2270 1570 2304 in·

227 2332 379 2357 certum
416 2336 436 2357 e
476 2322 562 2359 cod.
596 2339 643 2360 an
673 2338 693 2360 e
724 2325 957 2368 conjectura.
1024 2324 1156 2372 Ipsane
1189 2323 1425 2371 Quintiliani
1452 2324 1571 2361 verba

225 2375 452 2421 habeamus,
482 2379 668 2416 dubium:
702 2379 762 2414 sed
795 2381 951 2423 sensum,
983 2380 1112 2422 credo,
1143 2381 1344 2417 habemus.
1377 2381 1480 2416 Nam
1498 2394 1571 2418 vo-

227 2443 311 2469 cem
342 2449 416 2471 una
442 2435 472 2470 si
499 2438 666 2478 omittas,
691 2434 854 2485 speciem
885 2437 1031 2473 dicendi
1062 2437 1211 2473 dictum
1243 2438 1289 2473 sit
1309 2451 1382 2486 pro
1408 2440 1569 2488 imagine

224 2489 383 2528 dicendi.
415 2492 534 2541 Quod
563 2493 712 2530 falsum.
742 2493 972 2530 Discrimim's
1000 2493 1160 2542 quidem
1191 2496 1391 2543 imaginem
1417 2505 1565 2534 tantum

282 2656 345 2693 15.
372 2650 419 2686 cle
440 2651 507 2689 his.
530 2652 578 2689 cf.
600 2663 683 2688 not.
708 2653 793 2689 crit.
923 2654 995 2690 hac
1022 2653 1238 2703 addiscendi
1270 2654 1453 2703 potestate
1480 2668 1567 2692 ver-0

276 2706 500 2758 compertffe.
561 2711 750 2761 Ignotum
762 2709 866 2749 mihi
923 2710 1030 2748 bum.
1061 2710 1229 2749 Aufuit
1258 2709 1498 2762 combikiffe?
