1779 3062
201 197 306 255 326
441 233 446 237 .
533 179 1245 258 M..FAB.QU1NT1L1AN1

202 339 384 393 genus.
462 322 580 371 Nec
613 319 726 370 fere
755 321 1006 387 pluribus
1040 324 1099 371 in
1121 326 1342 372 Oratore
1367 321 1568 371 eadem.

202 399 308 450 Sed
332 400 445 448 illic
468 403 528 448 L.
555 397 776 458 Crassus,
811 416 934 448 cum
973 400 1115 464 apud
1136 398 1373 448 summos
1398 410 1571 449 orato-

203 494 337 536 105,1
391 477 767 543 hominesque·
793 476 1159 527 eruditissimos
1220 475 1389 534 dicat,
1449 475 1573 525 satis

205 555 394 613 habet,
432 565 637 620 partem
666 556 803 603 113110
835 555 988 603 velut
1018 564 1202 602 notare
1231 554 1378 601 >inter
1409 570 1573 618 agno-

165 630 427 686 5scentes.
544 636 609 682 Et
648 633 738 682 hic
781 632 971 681 Cicero
1020 632 1299 695 alloquens
1344 632 1574 678 Brutum

209 708 429 758 testatur
469 706 566 758 esse
602 710 744 759 haec:
765 710 817 757 ei
846 720 998 767 nota3
1037 708 1273 771 ideoque
1304 707 1523 755 brevius
1547 722 1577 754 3

213 785 264 837 se
295 786 437 845 dici‚·
459 803 768 852 quanquam
801 784 867 834 sit
901 784 1052 834 fusus
1088 786 1260 842 locus,
1301 793 1578 832 tractetur-

212 881 320 929 que
346 881 385 911 2a
422 863 757 932 philosophis
790 864 961 912 latius.
1044 864 1162 912 ‘Nos
1182 860 1577 910 iustitutionem

213 939 438 1008 profeffi,
478 958 591 991 non
624 940 801 991 solum
832 940 1122 989 scientibus
1155 938 1264 997 ista,
1304 938 1395 987 sed.
1416 939 1577 987 etiam

215 1017 541 1077 gliscentibus
577 1019 866 1067 tradimus:
943 1017 1177 1081 ideoque
1212 1017 1376 1083 paulo
1406 1011 1579 1082 pluri-

170 1106 193 1142 6
216 1097 319 1146 bus
338 1096 518 1146 verbis
544 1095 700 1144 debet
722 1096 907 1144 haberi
935 1096 1106 1143 venia.
1189 1099 1363 1162 Quare
1386 1103 1580 1142 notum

214 1173 280 1221 [it
327 1184 446 1220 ante
510 1175 715 1230 omnia,
767 1172 902 1237 quid.
945 1173 1281 1229 conciliando,
1341 1170 1583 1228 docendo,

217 1250 476 1299 movendo
496 1249 665 1312 judici
691 1250 1001 1298 conveniat:
1042 1248 1178 1312 quid
1200 1265 1414 1313 quaque
1433 1257 1581 1313 parte

217 1327 475 1391 0131101115
523 1336 778 1392 petamus.
873 1328 950 1373 Ita
1001 1342 1178 1389 neque
1222 1327 1432 1383 vetera,
1493 1333 1583 1380 aut

213 1397 492 1461 translata,
543 1414 634 1453 aut
668 1401 792 1451 ficta
824 1403 987 1452 verba
1020 1404 1079 1451 in
1113 1403 1423 1468 incipiendo,
1461 1417 1585 1450 nar*-

214 1583 351 1628 Turic.
375 1582 480 1619 Flor.
503 1582 633 1619 Guelf.
656 1583 790 1630 Camp.
824 1580 986 1630 Reliqui
1016 1595 1082 1616 nec
1103 1599 1155 1608 —
1177 1596 1243 1617 nec
1265 1601 1322 1610 --
1345 1596 1423 1619 nec.
1455 1581 1583 1617 Modo

215 1639 344 1677 Guelf.
376 1654 441 1675 nec
480 1640 608 1688 (quod
641 1651 679 1676 et
710 1638 830 1674 Goth.
862 1650 931 1673 tac.
971 1637 1104 1686 Gesn.)
1155 1649 1291 1674 tamen.
1351 1639 1452 1674 Mox
1484 1641 1517 1685 ᾗ.
1545 1637 1582 1674 6.

213 1697 321 1733 Flor.
357 1696 486 1731 Guelf.
522 1696 643 1732 Goth.
664 1696 764 1734 Jcns.
798 1698 886 1741 (130.
918 1695 1050 1743 60111.)
1084 1696 1216 1744 Camp.
1248 1709 1314 1729 nec
1334 1704 1462 1730 vetera
1491 1707 1583 1729 cum

218 1753 304 1790 edd.
328 1764 413 1788 ante
436 1752 586 1801 Gryph.
617 1766 692 1787 nce.
718 1751 815 1787 Obr.
838 1752 935 1786 item
958 1753 1091 1801 Camp.
1124 1766 1188 1787 nec
1207 1753 1346 1787 decurr.

296 1809 393 1857 fere.
436 1810 540 1845 Flor.
585 1803 625 1861 (a
647 1823 707 1857 pr.
729 1808 803 1855 m.)
832 1808 940 1854 flere.
1235 1809 1408 1844 Oratore.
1451 1807 1582 1845 Guelf.

218 1867 338 1911 Goth.
361 1867 460 1904 Jenf.
494 1869 585 1911 (tac.
608 1866 739 1908 Gesn.)
772 1867 889 1900 Tarv.
921 1865 1055 1912 Camp.
1089 1866 1274 1900 oratione.

307 1930 343 1966 5.
377 1923 465 1958 haec
487 1925 532 1959 εἰ.
564 1921 669 1958 Flor.
704 1921 825 1958 Goth.
858 1916 948 1972 (tac.
972 1921 1100 1965 Gesn.)
1130 1935 1160 1956 e.
1182 1922 1216 1955 h.
1454 1921 1580 1959 latius.

219 1981 354 2028 Camp.
401 1980 543 2015 latinis.
838 1975 1120 2024 institutionem.
1165 1978 1299 2014 Turio.
1345 1975 1583 2026 institutione

218 2051 308 2072 cum
341 2036 446 2075 Voff.
485 2050 519 2072 1.
553 2045 590 2079 3.
857 2035 966 2069 debet
1000 2035 1138 2070 haberi.
1189 2034 1320 2070 Guelf.
1365 2036 1401 2070 d.
1434 2035 1580 2071 habere.

217 2094 339 2129 Goth.
375 2093 478 2128 ‹lecec
500 2093 535 2127 h.
576 2093 623 2128 cf.
645 2102 691 2136 5,
723 2104 770 2140 9,
802 2099 839 2137 3.
871 2097 910 2136 8,
945 2100 992 2134 3,
1028 2105 1091 2126 11.
1122 2104 1192 2126 nec
1225 2102 1303 2126 tam
1325 2090 1440 2133 male,
1464 2105 1582 2140 quam

216 2150 428 2186 videbatur
460 2150 643 2189 Gesnero,
681 2150 709 2184 fi
736 2151 885 2184 veniam
924 2148 1123 2183 scribatur.
1165 2147 1212 2183 cf.
1236 2160 1286 2194 9,
1321 2155 1363 2192 4,
1396 2148 1461 2191 67.
1493 2149 1583 2183 Tac.

217 2208 319 2242 Anu.
349 2213 410 2249 15,
445 2206 510 2249 67.
549 2207 686 2247 „nosci
714 2206 868 2240 decebat
897 2203 1079 2239 militaris
1111 2204 1192 2239 viri
1229 2205 1353 2240 sensus
1384 2205 1582 2240 incomtos

216 2274 285 2306 „et
312 2262 508 2298 validos.“

304 2320 338 2355 6.
365 2318 420 2367 sit
453 2328 552 2356 ante.
599 2320 662 2355 Sic
686 2318 819 2354 Turic-
843 2317 948 2353 Flor.
985 2315 1069 2362 (hic
1097 2329 1116 2350 a
1141 2329 1200 2364 pr.
1223 2315 1296 2362 m.)
1328 2319 1462 2367 Camp.
1493 2331 1584 2354 cum

214 2376 320 2413 Alm.
352 2376 515 2423 Reliqui
546 2377 721 2411 inserunt
751 2375 870 2410 nobis.
895 2400 905 2408 .
1105 2382 1172 2410 auc
1204 2375 1399 2410 translata.
1445 2376 1582 2424 Camp-

214 2447 280 2469 nec
313 2443 339 2471 ε.
380 2445 470 2468 cum
491 2433 586 2469 Bad.
615 2431 728 2468 Bam.
753 2431 850 2468 Obr.
877 2429 992 2466 male.
1285 2433 1324 2466 in
1355 2431 1580 2479 incipiendo.

211 2580 331 2622 „effet
383 2578 487 2629 apud
538 2580 768 2617 Ciceronem
821 2579 868 2614 de
926 2577 1124 2620 „Oratore
1155 2590 1188 2614 c.
1211 2586 1277 2615 21.
1308 2579 1391 2628 sq.“
1445 2577 1580 2614 Gesne-

212 2636 319 2679 „hoc
343 2648 588 2685 argumento.
645 2639 742 2672 Sunt
764 2637 869 2671 enim
925 2648 1005 2671 rus.

211 2692 424 2740 „pluscula.
485 2695 541 2728 Ita
582 2691 686 2727 illud
723 2703 867 2740 aptum,
984 2700 1129 2728 notare.
1160 2692 1207 2727 cf.
1236 2706 1271 2732 1,
1305 2698 1339 2735 5,
1375 2701 1437 2735 17.

210 2749 348 2799 „quod
369 2748 502 2798 πρέπον
523 2760 650 2789 vocat,
666 2743 868 2785 tractat'in
986 2749 1023 2786 G.
1056 2748 1302 2788 concilianda
1336 2747 1384 2785 cf.
1407 2753 1444 2792 4,
1475 2755 1514 2793 3,
1542 2758 1581 2797 9.
