1779 3062
225 172 292 218 fio
532 162 609 208 Μ.
658 160 794 206 FAB.
848 161 1267 222 QUINTILIANI

224 291 436 344 meruit.
480 292 615 338 Sunt
636 289 762 337 clari
777 288 1062 355 hodieque,
1084 301 1135 339 et
1152 291 1246 355 qui
1259 290 1389 339 olim
1402 290 1577 339 nomi*

224 436 293 487 nifi
321 435 428 471 labor
460 436 538 479 ejus
566 447 693 469 amore
727 426 814 469 cum
849 434 967 469 Goth.
993 434 1097 470 Voff.
1129 446 1162 469 1.
1193 442 1229 467 2.
1253 442 1290 476 3.
1323 445 1360 469 et
1382 434 1468 469 edd.
1489 444 1576 470 ante

220 494 308 530 Ald.
337 506 415 528 exc.
442 493 573 540 Camp.
597 490 667 538 qui
689 490 887 524 manifesto
915 491 1080 525 nostram
1105 490 1167 524 dat
1187 489 1426 536 scripturam.
1471 492 1578 526 Haeo

220 551 368 599 igitur,
401 561 517 596 quam
545 547 685 582 merito
708 545 893 595 praetulit
915 547 1079 594 Regius,
1113 546 1180 580 ubi
1203 546 1424 586 inventam,
1457 559 1576 594 quan-

222 619 337 656 quam
360 604 512 652 aliquot
531 602 766 651 exemplaria
790 602 996 650 appellans,
1029 616 1109 637 non
1133 602 1306 642 testatus,
1337 601 1451 637 nobis
1472 615 1577 637 nunc

221 664 266 700 ab
298 663 469 698 editione
496 660 673 709 principe
709 658 783 694 [ola
818 659 1113 694 commendatur
1142 657 1212 702 (in
1235 671 1308 704 qua
1329 658 1394 692 hie
1416 658 1577 706 quidem
1615 691 1619 693 ,

221 719 373 768 aliquid
404 716 578 752 consulto
608 726 801 751 mutatum
834 729 913 750 non
946 715 1083 754 credo,
1117 715 1163 749 cf.
1189 714 1235 754 6,
1260 724 1306 757 3,
1331 721 1395 757 47.
1417 725 1454 750 et
1475 727 1512 762 9,
1540 720 1576 757 4,

223 775 316 820 115.
347 774 416 810 ubi
448 773 625 821 profecto
656 772 804 819 aliquid
836 771 1151 819 interpretationi
1172 771 1277 805 dedit
1295 772 1477 819 Camp.);
1509 763 1578 805 'nili

219 834 320 870 sorte
362 829 474 865 fidele
513 829 563 864 est
592 828 693 863 illud
734 828 896 864 Gibsoni
926 828 967 861 in
1001 827 1233 862 Britannicis
1266 828 1340 862 suis
1371 827 1576 863 filentium.

218 892 346 932 „Sunt
385 898 534 925 tamen,
590 885 659 932 qui
686 884 816 932 legant
849 893 885 918 et
914 886 951 918 in
976 883 1074 932 scrib
1100 885 1172 919 ndo
1207 884 1314 919 labor
1345 886 1423 929 ejus
1451 898 1578 919 amore

216 934 486 994 *praecipuum
517 941 579 976 sed
610 954 690 976 non
718 941 914 988 procedit,
948 941 992 975 de
1024 940 1148 987 lyrico
1179 941 1304 980 enim,
1344 941 1386 976 in
1419 953 1498 989 quo
1531 941 1580 977 de

217 1014 376 1045 „amore
398 999 508 1034 labor
528 999 592 1038 fit,
624 997 742 1046 paulo
765 997 849 1045 post
869 997 1012 1032 dicet.“
1050 997 1207 1032 Badius.
1251 997 1346 1032 Non
1368 997 1467 1032 male
1487 996 1577 1038 illeg

220 1059 291 1108 qui
324 1060 359 1091 in
383 1054 602 1104 scribendo,
637 1055 663 1090 i.
689 1068 734 1089 e.·
755 1053 1028 1093 describendo,
1065 1067 1189 1088 amore
1219 1054 1383 1100 junxisse
1404 1054 1577 1094 videtur.¹

217 1115 412 1151 Postrema
443 1112 524 1156 ejus
556 1124 693 1158 parum
713 1109 906 1158 intelligo.
968 1110 1073 1156 Quid
1096 1110 1198 1144 enim
1222 1110 1266 1145 de
1290 1112 1427 1145 amoris
1448 1110 1578 1145 labore

217 1172 262 1207 in
284 1168 518 1218 paucissimis
541 1167 642 1206 istis,
676 1180 771 1215 quae
798 1180 892 1201 mox
914 1167 1148 1214 sequuntur,
1181 1167 1227 1202 de
1252 1166 1378 1213 lyrico
1402 1164 1574 1214 genere?

213 1226 376 1273 Reliqui.
404 1225 445 1259 in
475 1223 642 1258 vocibus
677 1222 745 1272 tufi
766 1243 822 1248 —
841 1236 966 1257 amore
996 1224 1206 1268 agnoscunt
1229 1237 1311 1258 eam
1336 1223 1575 1263 sententiam,

215 1296 313 1331 quae
342 1283 452 1330 [upra
478 1279 620 1327 legitur
643 1279 689 1319 6,
727 1289 774 1322 5,
809 1287 845 1321 3.
880 1278 950 1313 ubi
984 1278 1154 1312 nostrum
1188 1278 1320 1314 locum
1358 1278 1577 1326 defignabat

212 1342 470 1376 Burmannus,
492 1349 556 1370 me
577 1336 737 1383 quidem
757 1335 893 1370 frustra
906 1345 1123 1381 quaerente.
1155 1336 1308 1370 Poterat
1320 1349 1360 1369 ea
1373 1334 1577 1372 rectiffime

212 1396 311 1446 poni
343 1409 362 1429 a
386 1395 460 1440 Qu.
486 1403 620 1440 agente
646 1393 691 1427 de
713 1392 902 1427 Cicerone
923 1392 1011 1431 suo,
1045 1390 1091 1424 de
1117 1393 1284 1426 Horatio
1305 1404 1574 1439 nequaquam3

213 1454 261 1489 cf.
296 1451 519 1500 proximam
559 1460 693 1484 notam
734 1458 772 1483 et
812 1446 1023 1495 malignam
1061 1460 1156 1482 mox
1197 1448 1371 1493 ejusdem
1405 1447 1574 1489 laudem,

211 1510 310 1545 item
348 1522 391 1548 1,
427 1514 472 1550 3,
509 1505 545 1541 6.
617 1505 733 1551 Quod
763 1504 834 1551 qui
862 1504 1023 1551 spectet,
1075 1516 1182 1539 eruat
1207 1504 1359 1539 fortass'e
1392 1517 1410 1538 e
1440 1504 1574 1541 Turic.

211 1567 400 1613 scriptura
430 1574 549 1603 „nou
581 1561 685 1595 enim
717 1560 830 1595 labor
865 1560 945 1605 ejus
979 1573 1109 1595 amore
1124 1567 1146 1580 ‘⁶
1176 1561 1203 1597 i.
1230 1575 1259 1595 e.
1291 1571 1376 1596 tuto
1399 1573 1574 1608 pronun-

214 1622 315 1657 ciare
345 1620 497 1667 possum
513 1644 522 1657 ‚
554 1631 628 1651 non
657 1619 753 1650 enim
785 1628 855 1651 cet.
917 1616 1053 1653 Nihili
1074 1628 1200 1652 tamen
1219 1616 1297 1651 hoc
1319 1616 1504 1651 coll-atum
1526 1616 1574 1651 ad

212 1678 361 1712 nostrae
404 1674 584 1710 lectionis
626 1674 908 1720 proprietatem
950 1684 988 1708 et
1026 1674 1229 1709 veritatem
1260 1683 1298 1708 et
1330 1672 1577 1720 elegantiam,¹

215 1747 312 1782 quae
334 1731 446 1766 unice
468 1730 584 1777 digna
607 1728 657 1763 est
670 1729 915 1776 Quintiliano
938 1743 1007 1764 nec
1027 1730 1158 1778 potuit
1177 1730 1352 1777 profecto
1374 1731 1420 1764 fic
1441 1730 1580 1777 sponte-

213 1791 326 1827 nasci.
402 1785 612 1834 Quomodo
667 1799 707 1820 ea
759 1785 875 1820 lateat
918 1786 961 1820 in
1002 1785 1082 1822 illis
1119 1786 1335 1824 Turicenfis
1377 1785 1578 1827 ductibus„

215 1845 373 1883 difficile
405 1844 534 1883 dictu,
577 1855 797 1889 quanquam
827 1855 898 1879 nec
931 1842 1087 1890 despero
1122 1843 1293 1890 peritum
1323 1842 1505 1877 criticum
1535 1852 1575 1877 et

215 1901 515 1951 dipiomaticum
545 1898 622 1933 hoc
655 1898 1028 1939 demonstraturum,
1061 1900 1086 1933 fi
1117 1899 1338 1948 praesertim
1370 1898 1417 1933 ad
1438 1898 1573 1933 obscu-

214 1971 336 1995 ratam
367 1957 617 2004 scriptionem
642 1966 791 1990 mature
817 1955 1010 1990 accefferit
1031 1955 1188 1991 molesta
1209 1955 1441 2003 corrigentis
1463 1954 1574 1989 sedu-

212 2016 325 2056 litas,
379 2013 450 2061 qui
478 2011 545 2047 illa
579 2025 627 2046 ex
657 2012 761 2046 sexto
793 2011 897 2047 libro
928 2011 1006 2047 huc
1037 2013 1195 2048 obtorto
1227 2011 1330 2047 collo
1365 2010 1574 2051 attraxerit,

212 2073 329 2108 nixus
349 2070 516 2105 maxime
535 2081 632 2104 voce
653 2070 882 2115 praecipuus.
1058 2070 1249 2116 hodieque.
1310 2067 1440 2114 Camp.
1461 2067 1573 2102 hodie

213 2142 358 2178 quoque
387 2140 474 2161 cum
508 2124 624 2161 Goth.
658 2125 760 2161 Voff.
785 2136 819 2159 2·
860 2137 895 2161 et
927 2126 1012 2162 edd.
1045 2137 1130 2160 ante
1153 2124 1302 2173 Gryph.
1326 2126 1572 2158 Burmannus

214 2184 365 2233 ablegat
402 2183 449 2217 ad
473 2181 671 2217 Gronovii
698 2191 829 2214 notam
850 2182 892 2216 in
917 2182 1006 2216 Liv.
1036 2196 1050 2215 1
1067 2206 1078 2220 ‚
1100 2181 1174 2221 26,
1206 2190 1267 2224 13.
1308 2180 1410 2214 unde
1431 2192 1450 2212 a
1470 2180 1572 2213 Dra-

213 2239 459 2276 kenborchio
485 2238 722 2272 dimittimur
744 2236 790 2270 ad
809 2237 899 2273 Liv.
925 2246 969 2280 5,
994 2248 1044 2280 27
1063 2264 1073 2277 ,
1102 2251 1134 2272 1.
1268 2234 1569 2272 nominabuntur.

215 2298 348 2333 Turio.
373 2295 477 2331 Flor.
503 2294 596 2341 (hic
619 2307 638 2328 a
656 2306 714 2342 pr.
738 2294 818 2337 m.)
842 2294 1142 2328 nominabantur.
1173 2294 1220 2330 cf.
1246 2299 1309 2338 45.

215 2421 542 2464 „Amazonide“;
580 2417 650 2454 ubi
681 2430 728 2451 an
761 2418 864 2451 Mar-
981 2417 1072 2451 Sunt
1093 2435 1149 2443 —
1169 2417 1467 2452 nominabuntur.
1518 2416 1580 2457 cf„

214 2479 274 2514 sus
307 2479 350 2512 fit
380 2478 433 2518 is,
466 2477 511 2511 de
535 2468 617 2524 quo·
647 2474 796 2521 egimus
817 2473 864 2507 ad
924 2483 959 2517 5,
988 2486 1020 2511 1,
1043 2482 1106 2507 21.
1140 2473 1242 2508 unde
1269 2473 1386 2519 hujus
1410 2485 1580 2521 quoque,

217 2534 253 2575 6,
272 2543 307 2576 3,
334 2545 422 2569 102.
444 2532 626 2582 plurimis
650 2530 747 2565 loeis
763 2531 863 2563 Mar·-
921 2529 1001 2565 loci
1026 2529 1389 2577 interpretationem
1413 2540 1512 2577 pete,
1542 2529 1571 2564 si

214 2589 299 2625 tiafi
312 2590 360 2624 ob
375 2591 697 2638 epigrammatum
713 2585 862 2633 elegati·
921 2587 1019 2621 forte
1063 2585 1207 2620 haeres.
1285 2587 1424 2634 Neque
1465 2578 1570 2620 enim

215 2646 308 2681 tiam
339 2646 535 2685 laudatus,
580 2643 721 2679 merito
750 2642 862 2678 dubi·
922 2642 1100 2680 dubium,
1127 2642 1222 2688 quin
1239 2642 1450 2689 utrobique
1463 2641 1569 2675 idem

191 2727 194 2730 -
213 2713 328 2738 tatur.
921 2698 1047 2733 testari
1064 2697 1238 2732 voluerit
1263 2699 1337 2744 Qu.
1398 2697 1478 2744 Qui
1497 2697 1570 2733 sint
