1779 3062
463 139 626 188 INST.
665 140 945 187 ORATOR.
979 142 1100 189 LIB.
1138 142 1235 197 XI,
1280 153 1325 197 3.
1464 153 1560 198 557

217 280 333 318 tum
360 267 588 315 'interim
628 267 863 332 recipere
902 266 1014 316 sine
1060 269 1334 318 intellectu
1376 265 1556 318 m‘orae

212 340 408 394 neceffe
444 342 542 392 est:
585 362 694 409 quo
731 344 852 392 loco
887 344 1033 408 quasi
1063 344 1428 411 surripiendus
1453 345 1553 395 est:

211 421 414 485 alioqui
435 419 478 468 si
497 420 680 469 inscite
707 420 1008 485 recipiatur,
1042 440 1154 471 non
1177 424 1355 472 minus
1377 419 1557 471 afferat

216 495 575 556 obscuritatis,
616 515 776 562 quam
809 496 999 545 vitiosa
1035 498 1316 548 distinctio.
1373 501 1555 549 Virtus

208 585 384 622 autem
409 574 771 641 distinguendi
789 571 995 622 fortasse
1015 573 1078 622 sit
1101 593 1274 641 parva.
1312 574 1423 623 sine
1447 594 1550 640 qua

204 660 381 700 tamen
409 649 507 699 effe
529 653 677 700 nulla
701 652 801 700 alia
821 651 879 699 in
901 651 1104 715 agendo
1126 651 1310 719 potest.
1346 653 1548 702 Ornata
1575 662 1626 701 40

116 727 282 775 1006est
312 730 726 794 pronunciatio,'
754 729 841 776 cui
872 724 1184 793 suffragatur
1219 747 1328 778 vox
1348 726 1551 797 facilis,

206 823 420 874 magna,
454 803 621 864 beata,
647 803 918 873 flexibilis,
947 802 1143 873 firma,
1181 806 1359 862 dulcis,
1393 807 1552 853 dura-

205 879 344 940 bilis,
383 882 552 941 clara,
588 900 754 948 pura,
793 877 974 954 secans
1001 887 1127 931 ae'rcz
1153 893 1204 931 ec
1227 879 1439 931 auribus
1455 878 1551 953 se-

202 1059 293 1082 cum
312 1047 415 1085 Flor.
440 1047 575 1099 camp.
626 1049 754 1086 Modo
775 1049 880 1086 Flor.
914 1050 1092 1085 contextis
1115 1058 1152 1084 et
1172 1061 1268 1084 mox
1289 1047 1416 1085 Guelf.
1432 1046 1549 1098 surri-

198 1106 387 1152 piendum.

284 1201 351 1242 40.
404 1196 526 1233 beata.
561 1194 689 1232 Guelf.
716 1196 841 1234 boatu.
871 1196 968 1234 Obr.
1001 1197 1114 1234 laem.
1147 1198 1283 1236 Burm.
1313 1196 1423 1231 malit
1451 1197 1548 1237 lata,

200 1251 291 1287 usus
312 1252 497 1288 varietate
517 1253 562 1288 in
583 1260 619 1295 5,
652 1264 713 1296 14,
739 1262 806 1296 51.
831 1253 920 1297 (ubi
947 1264 984 1288 et
1003 1252 1106 1288 Flor.
1121 1253 1254 1288 Ambr.
1273 1267 1306 1288 1.
1333 1251 1549 1301 beatissimi)
1616 1261 1619 1263 ·

201 1318 240 1343 et
261 1307 326 1343 hic
351 1312 384 1356 §0
408 1316 474 1353 82.
506 1309 704 1350 „latiorem
722 1314 901 1344 vocem.“
931 1310 1119 1344 Gesnerus
1139 1309 1255 1343 latum
1274 1308 1315 1343 in
1335 1309 1435 1343 vitio
1452 1308 1548 1356 poni

200 1364 410 1400 arbitratur
443 1368 476 1412 ᾗ.
496 1378 556 1401 10.
588 1365 658 1400 ubi
687 1365 882 1400 vocabulo
915 1365 992 1400 hoc
1025 1364 1151 1399 noster
1177 1364 1336 1412 quidem
1364 1377 1446 1399 non
1469 1364 1547 1399 uti-

200 1430 279 1462 tur,
307 1421 369 1456 sed
388 1421 439 1457 iis
458 1422 555 1463 sane,
578 1433 656 1469 quo
679 1421 738 1456 ibi
755 1434 825 1457 nos
845 1421 1014 1457 remittit
1035 1421 1120 1467 Qu.,
1144 1420 1242 1456 locis
1263 1420 1412 1456 Cicero.
1439 1423 1545 1455 Bur·

199 1490 344 1513 manno
378 1488 507 1513 autem
548 1477 846 1513 demonstratum
885 1477 1105 1525 exemplum
1145 1477 1267 1524 ipsius
1298 1478 1546 1523 conjecturae

199 1545 411 1582 :repugnat3
441 1534 501 1569 ibi
523 1534 625 1569 enim
646 1534 824 1582 profecto
846 1533 894 1568 est
913 1534 957 1568 in
977 1533 1079 1568 vitio
1098 1532 1259 1568 latitudo
1283 1533 1405 1569 vocis.
1446 1534 1544 1568 Bea-

201 1599 279 1625 tam
299 1591 423 1638 igitur
442 1603 565 1625 vocem
589 1602 678 1624 cum
692 1590 857 1625 Gefirero
876 1588 1095 1638 intelligere
1121 1599 1192 1630 „ut
1205 1587 1309 1635 felix
1330 1590 1545 1636 ingeniun2“

200 1658 335 1695 cogor,
379 1660 515 1695 „quae
559 1645 725 1682 virtutes
763 1658 898 1681 omues
935 1644 1094 1687 habeat,
1147 1658 1244 1693 quae
1276 1644 1437 1680 sufficiat
1467 1656 1545 1680 una.

196 1703 411 1743 „omnibus
434 1702 763 1743 contentionibus,
784 1702 1087 1743 remiffionibus,
1120 1715 1215 1751 quae
1243 1702 1387 1742 eadem,
1420 1710 1544 1749 prout

196 1772 338 1808 ‚‚opus‚
366 1760 410 1795 sit
432 1770 536 1794 acuta
561 1769 597 1794 et
619 1760 748 1805 gravis
772 1764 872 1794 etc.“
901 1771 1121 1807 quanquam
1142 1757 1254 1805 plane
1278 1757 1439 1804 quidem
1459 1770 1543 1793 non

198 1816 439 1863 acquiescens
470 1815 512 1849 in
542 1814 614 1849 hac
642 1814 976 1862 interpretatione.
1033 1813 1135 1849 Illud
1158 1814 1199 1847 in
1223 1825 1362 1860 genere
1381 1813 1542 1848 videtur

197 1871 409 1906 tenendum
441 1871 483 1905 in
512 1871 584 1906 hac
612 1871 875 1919 appositorum
897 1870 1008 1905 vocis
1029 1869 1307 1909 multitudine,
1338 1881 1418 1904 non
1439 1879 1543 1903 certa.

198 1937 236 1962 et
261 1928 309 1962 ad
335 1928 426 1962 artis
455 1926 665 1962 formulam
699 1927 850 1962 redacta
882 1926 1108 1961 discrimina
1127 1926 1193 1960 hic
1217 1925 1357 1965 notari,
1389 1925 1450 1959 sed
1471 1923 1541 1959 ali-

195 1983 294 2031 quid
323 1983 438 2019 latius
473 1983 609 2023 fundi,
635 1984 678 2018 in
707 1996 785 2032 quo
816 1982 927 2031 poffit
955 1996 1031 2017 una
1060 1981 1268 2031 appellatio
1292 1980 1403 2016 alteri
1425 1975 1540 2016 velde

153 2041 156 2044 ”
192 2041 434 2088 respondere.
503 2039 609 2087 Quid
641 2050 768 2075 autem
809 2040 854 2075 [it
886 2039 994 2087 quod
1028 2052 1100 2088 pro
1139 2039 1250 2073 beata
1287 2036 1405 2074 Goth.
1428 2045 1471 2071 2..
1498 2046 1537 2072 et

193 2098 319 2145 Kapp.
351 2096 536 2131 dicuntur
565 2096 652 2131 dare
676 2095 794 2144 foris,
832 2095 943 2144 plane
975 2108 1056 2131 non
1087 2106 1229 2142 exputo
1263 2092 1537 2142 [Corruptum

191 2153 352 2188 'videtur
371 2167 389 2188 e
410 2151 526 2200 fortis
543 2154 901 2202 interpretamento.
921 2153 1006 2194 B.].
1037 2150 1155 2188 Nihil
1174 2150 1248 2186 tale
1266 2150 1309 2185 in
1328 2149 1425 2184 meis
1447 2148 1535 2197 qui-

194 2208 283 2244 dem
301 2209 427 2245 libris.
475 2209 601 2245 Mirus
626 2210 741 2245 etiam
761 2208 897 2250 Aidus,
929 2208 973 2243 id
993 2208 1099 2256 quod
1121 2219 1236 2243 nemo
1267 2205 1431 2246 notavit,
1453 2203 1536 2253 post

194 2265 303 2300 beata
321 2266 488 2301 inserens
511 2265 620 2300 bona.
661 2266 855 2303 Robertus
877 2264 1017 2304 Titius,
1048 2264 1243 2300 indicante
1270 2265 1417 2302 Burni„
1437 2262 1537 2295 elata

195 2322 407 2371 reponebat
423 2334 495 2371 pro
517 2321 636 2358 beata.
849 2327 935 2359 aiira
960 2330 996 2357 et
1014 2321 1172 2357 auribus.
1194 2320 1259 2355 Sic
1272 2318 1402 2354 Turic.
1429 2316 1535 2353 Flor.

256 2461 323 2498 40.
355 2456 480 2493 beata.
509 2456 555 2492 cf.
577 2467 662 2498 not.
679 2458 765 2494 crit.
895 2456 1082 2494 serto‘hic
1111 2456 1266 2491 demum
1297 2462 1344 2488 et.
1396 2452 1537 2500 Neque

246 2511 378 2561 secans
415 2520 502 2549 αὲνα
536 2523 575 2549 et
611 2515 758 2549 auribus
781 2513 839 2563 se-
897 2515 1001 2550 enim
1029 2514 1071 2548 in
1103 2523 1203 2547 tanta
1233 2507 1536 2546 enumerationis

199 2570 300 2604 dens.
374 2570 464 2604 Hoc
524 2571 839 2619 conjungendum
895 2569 1149 2606 multitudine
1186 2576 1222 2602 ec
1258 2567 1312 2602 ita
1338 2565 1537 2612 subjicere-

197 2626 346 2673 unique
389 2626 501 2661 vocis
531 2627 760 2675 proprietati
790 2628 841 2663 as-
897 2638 981 2667 tur,
1012 2627 1040 2661 si
1069 2625 1253 2660 ultimum
1284 2634 1402 2670 aeque
1431 2620 1538 2655 dista-

198 2682 427 2732 fignandum
447 2681 506 2722 est,
536 2692 580 2719 ut
600 2694 756 2732 apparet
778 2684 838 2719 in·
895 2693 955 2719 ret
968 2697 986 2718 a
994 2682 1192 2733 proximo,
1205 2676 1539 2729 quamareliquis·
