1779 3062
379 157 539 202 INST.
579 158 858 204 ORATOR.
893 159 1015 231 1313.
1055 157 1151 214 XI,
1185 167 1233 212 3.
1377 167 1473 216 397

129 283 230 335 bus
255 281 306 331 se
325 285 383 330 in
405 281 726 349 proferenda
750 301 914 333 manu
939 283 1116 350 digitis
1133 322 1147 342 ,
1187 284 1473 334 continuos

131 371 184 409 et
217 359 554 409 decurrentes
587 360 732 409 locos
756 363 981 410 maxime
1008 361 1170 409 decet.
1250 363 1318 410 At
1351 377 1476 410 cum

129 435 417 503 speciosius
452 436 586 502 quid
609 437 940 500 uberiusque
967 438 1259 487 dicendum
1286 436 1374 496 est,
1413 447 1477 486 ut

130 513 288 572 illud,
327 515 474 564 Saxa
503 525 660 579 atque
670 509 982 585 solitudines
1011 518 1127 564 voci
1152 511 1475 586 respondent,

131 591 425 658 expatiatur
457 593 515 640 in
547 592 711 649 latus,
761 600 813 638 et
842 590 950 655 ipsa
990 591 1390 656 quodammodo
1422 590 1475 640 se

132 686 256 718 cum
291 667 436 733 gestu
461 668 644 718 fundit
667 668 850 717 oratio.
928 670 1126 717 Manus
1166 685 1322 726 vero,
1362 667 1473 717 sine
1494 676 1549 718 85

131 746 327 812 quibus
351 756 538 795 trunca
571 742 692 793 effet
722 744 857 794 actio
892 761 948 793 ac
986 744 1204 805 debilis,
1240 745 1333 794 vix
1365 745 1474 795 dici

132 902 276 940 motus,
322 899 568 936 commendat
592 899 750 936 Badius.
959 904 973 920 ²
1040 913 1162 936 manu.
1184 899 1289 936 Flor.
1314 913 1475 936 manum.

128 957 265 993 Ambr.
291 965 328 991 2.
362 969 550 1004 magnum.
584 957 684 992 Mox
707 957 878 992 continuo
893 955 965 1004 sed
988 956 1212 993 decurrentis
1232 955 1335 992 Flor.
1351 957 1476 992 decur-

129 1015 243 1048 rentis
265 1014 380 1049 etiam
399 1014 535 1049 Ambr.
558 1022 594 1049 2.
835 1012 1052 1062 speciosius.
1086 1014 1204 1050 Goth.
1231 1014 1320 1059 (tac.
1343 1014 1474 1060 Gesn.)

122 1068 350 1120 speciosum,
382 1070 567 1118 idemque
587 1071 707 1106 modo
732 1069 786 1106 Ac
803 1083 877 1120 pro
897 1070 962 1112 At,
992 1071 1126 1120 Camp.
1153 1082 1282 1106 autem
1308 1071 1367 1105 Ue.
1395 1071 1476 1106 Lo·

131 1137 203 1163 cat.
226 1127 305 1163 Aut
325 1140 413 1162 cum
434 1129 571 1165 Venet.
594 1129 705 1164 Rufe.
754 1130 829 1163 Pro
851 1128 1066 1176 uberiusque
1086 1128 1220 1176 Camp.¹
1241 1136 1308 1162 aut
1332 1126 1478 1162 uberius

132 1185 224 1229 (err.
254 1184 335 1220 Ger.
361 1183 403 1218 in
431 1183 549 1219 Goth.
586 1184 657 1231 qui
689 1197 769 1219 non
791 1183 977 1232 recedit),
1009 1184 1195 1232 idemque
1208 1182 1264 1232 sie
1287 1196 1382 1218 mox
1400 1196 1475 1231 pro

132 1237 195 1285 eft,
228 1251 266 1276 et
286 1238 520 1288 responderet
543 1240 586 1275 in
607 1239 696 1276 loco
719 1240 800 1278 Cio.
826 1239 930 1276 Flor.
951 1242 1133 1289 expiator.
1155 1240 1288 1275 Tui-ic.
1308 1238 1413 1276 Flor.
1433 1247 1478 1276 ut

131 1295 224 1346 ipsa.
256 1296 390 1334 Tul-ic.
408 1296 536 1346 secum
557 1307 594 1333 et
611 1295 767 1344 fundico
789 1298 899 1334 ratio.

221 1382 286 1420 85.
318 1377 431 1412 accio.
454 1377 586 1412 Tui-ic.
609 1375 713 1412 Flor.
736 1375 854 1413 Goth.
878 1376 967 1422 (tac.
989 1375 1121 1424 Gern.)
1140 1377 1203 1412 fed
1220 1376 1286 1412 hic
1309 1390 1328 1412 a
1347 1388 1406 1424 pr.
1424 1387 1477 1411 m.

133 1435 280 1472 oratio,
313 1433 437 1474 male,
480 1432 678 1468 aberrante
705 1433 752 1467 ad
780 1432 977 1480 superiora
1004 1432 1193 1474 librario;
1217 1435 1264 1469 cf.
1286 1438 1325 1479 4,
1352 1445 1386 1473 1,
1411 1441 1477 1474 32.

135 1492 199 1528 Sic
219 1489 383 1525 viciffim
404 1490 504 1525 infra
526 1492 559 1536 §.
575 1490 640 1537 96.
658 1488 788 1524 Guelf.
806 1490 900 1523 Exc.
915 1491 1067 1524 Santen.
1090 1492 1230 1525 actioni
1252 1502 1341 1525 cum
1354 1488 1476 1525 Goth.

132 1548 233 1588 Jens.
269 1557 306 1582 et
341 1545 424 1581 edd.
453 1546 611 1595 posterr.
637 1557 723 1581 ante
744 1547 867 1581 Stoer.
901 1546 1000 1580 Mox
1019 1545 1087 1581 hic
1108 1546 1211 1583 Flor.
1230 1554 1337 1595 patet
1360 1544 1475 1594 quod.

132 1604 266 1641 Ambr.
290 1614 326 1638 2.
357 1601 438 1651 ipsa
467 1602 566 1638 verb.
589 1603 707 1639 Goth.
732 1601 830 1647 (tac.
853 1601 993 1648 Gesn.)
1014 1601 1252 1653 persequatur
1280 1602 1414 1648 (idem
1434 1613 1477 1635 ao

135 1660 324 1697 desiderat
354 1670 440 1694 ante
474 1657 620 1706 debil.)v.
647 1659 743 1695 Obr.
767 1657 1059 1708 prosequantur,
1092 1661 1199 1708 quod
1222 1661 1337 1696 etiam
1359 1660 1478 1694 Fran-

135 1719 218 1753 cius
251 1717 479 1762 conjecerat.
523 1716 593 1751 Per
617 1729 755 1751 verum
786 1714 854 1756 est,
884 1715 974 1762 quia
1000 1715 1068 1751 hie
1091 1730 1172 1752 non
1203 1717 1246 1752 id
1273 1717 1478 1764 spectatur,

135 1773 243 1822 quod
255 1785 391 1807 manus
408 1773 526 1808 verba
539 1770 717 1821 sequitur,
737 1771 799 1806 sed
820 1771 927 1819 quod
950 1773 1076 1807 omnia
1096 1773 1280 1820 sequitur.
1313 1770 1480 1820 Alioqui

135 1828 257 1866 nihili
285 1829 331 1864 fit
357 1841 486 1876 paene.
519 1829 654 1865 Ambr.
678 1840 714 1865 2.
740 1824 901 1877 propefi.
929 1826 1062 1865 Tutic.
1083 1828 1187 1865 Flor.
1218 1827 1299 1879 ipsa
1319 1828 1478 1878 loquan-

192 1968 259 2010 34.
275 1962 502 2000 decurrentes
513 1964 627 1999 locos.
645 1963 692 1999 cf.
711 1978 727 1999 1
742 1978 775 2004 1,
832 1961 905 1996 sibi
923 1962 1002 2011 ipse
1021 1963 1171 2013 fingere
1192 1963 1298 2011 quasi
1321 1964 1478 2012 cogitur

141 2017 177 2063 ι’,
201 2020 236 2057 6.
273 2031 310 2066 9,
334 2024 369 2063 4,
394 2022 457 2057 61.
497 2030 560 2062 12,
588 2033 624 2068 9,
648 2030 686 2055 2.
833 2019 1075 2062 orationem,
1106 2034 1177 2056 nec
1205 2021 1414 2069 perfectam
1439 2032 1480 2059 et

194 2077 408 2126 expatiatur
437 2081 475 2112 in
500 2078 598 2112 latus
616 2097 671 2103 —
695 2091 776 2113 ora·
834 2075 1082 2112 dubitatione
1113 2091 1275 2113 vacuam
1299 2078 1437 2125 accipit
1457 2091 1478 2113 a

136 2135 206 2171 tio.
274 2134 376 2169 Cave
413 2134 520 2170 idem
562 2135 776 2182 subjectum
831 2131 1038 2180 scriptore3
1069 2134 1187 2169 subiit
1207 2148 1256 2169 ex
1277 2132 1478 2169 vetustiffi-

136 2190 315 2239 agnoscas
345 2191 388 2226 in
428 2201 597 2239 utroque
634 2192 771 2228 verbo.
831 2201 989 2224 morum
1017 2191 1223 2239 scriptura,
1252 2199 1292 2226 ut
1319 2203 1394 2239 pto
1426 2199 1478 2232 εἴ»

137 2249 244 2294 Quae
271 2247 374 2282 enim
402 2247 519 2282 fuerit
541 2250 661 2284 οναεὶο
683 2262 780 2296 quae
838 2244 932 2281 haec
953 2247 1119 2283 efficere:
1150 2256 1217 2288 „ut
1235 2245 1480 2296 ipsa—fun·

139 2305 347 2351 expatietur
376 2305 413 2338 ῑη
443 2303 568 2339 latus?
617 2307 669 2342 At
703 2305 780 2342 hoc
835 2304 931 2345 „dat
954 2305 1121 2339 oratio.“
1139 2304 1185 2339 cf.
1201 2308 1235 2351 ᾖ.
1252 2311 1317 2350 98.
1337 2312 1408 2345 „uc
1425 2319 1480 2331 —

139 2359 192 2395 est
214 2358 431 2401 brachium,
466 2359 532 2396 vel
551 2362 674 2409 gestus
695 2362 780 2398 bra·
835 2361 1073 2401 ,‚videatur.“
1100 2361 1162 2395 De
1174 2359 1372 2408 fundendo
1386 2372 1478 2395 con-

139 2413 232 2451 chio
262 2415 479 2457 faciendus,
509 2418 578 2464 qui
599 2419 677 2464 jam
698 2433 780 2455 non
835 2416 916 2452 fule
941 2430 1003 2458 10,
1026 2423 1064 2460 5,
1092 2429 1152 2452 ιι.
1204 2418 1308 2452 Saxa
1329 2426 1366 2453 et
1383 2416 1480 2467 soli-

139 2471 332 2506 moderate
366 2474 617 2520 projicitur-i.
652 2490 684 2513 e.
716 2477 780 2511 ad-
838 2474 983 2509 cudines
1015 2474 1096 2510 Cic.
1123 2486 1197 2523 pro
1218 2473 1362 2509 Archia.
1379 2486 1412 2510 c.
1435 2479 1477 2519 8·

139 2530 294 2566 'versum
333 2529 452 2564 modo
481 2532 680 2579 procedit,
720 2532 783 2568 sed
837 2530 929 2567 vide
953 2530 1068 2566 nostr.
1097 2542 1161 2571 ιι,
1183 2542 1218 2570 1,
1239 2535 1306 2578 54.

141 2585 258 2621 etiam
288 2587 325 2620 in
358 2586 454 2620 latus
483 2589 693 2635 egreditur.
730 2588 778 2624 cf.
1130 2597 1133 2601 ’

138 2644 174 2688 §.
199 2651 262 2689 93.
294 2649 385 2687 114.
433 2644 532 2680 Cum
560 2655 686 2680 tamen
714 2644 783 2680 du·
897 2651 962 2689 35.
991 2646 1055 2680 vix
1076 2643 1149 2679 dici
1169 2640 1301 2692 potest.
1341 2644 1485 2682 Trans·

137 2698 228 2735 :ritie
240 2712 321 2736 non
333 2710 467 2743 careat,
481 2700 587 2750 quod
597 2701 648 2738 fic
659 2701 784 2738 lector
840 2701 1070 2752 ponendum
1091 2701 1222 2738 censeo
1244 2701 1282 2740 d.
1304 2702 1368 2740 vix
1386 2715 1428 2752 p.
