1779 3062
377 197 540 246 msT.
581 200 860 248 ORATOR.
895 202 1026 248 Lm.
1059 203 1160 260 Χῖ»,
1197 214 1243 259 5.
1380 211 1478 263 [μμ

134 324 408 382 nouerit,
441 312 529 374 *ita
561 326 830 390 cingatur,
871 338 932 377 ut
967 328 1178 376 tunicae
1209 329 1480 394 prioribus

135 401 244 451 oris
259 399 398 449 infra
420 418 594 468 genua
614 403 852 468 paulum,
876 402 1258 470 posterioribus
1282 405 1349 455 ad.
1367 424 1480 457 me-

132 598 200 623 tus
230 587 278 624 ab
311 589 514 628 omnibus,
561 589 632 638 qui
662 589 707 626 de
736 603 779 627 re

131 643 305 680 vestiaria
339 656 376 682 et
406 647 576 682 maxime
602 646 648 682 de
670 658 778 683 utro-

132 713 209 748 que
236 700 346 738 clavo
368 691 607 751 scripserunt,
632 703 678 738 ad
696 716 780 753 par-

134 766 190 792 tes
211 769 372 795 vocatus
394 760 577 807 varieque
598 770 779 796 tractatus

134 813 198 848 est.
237 814 407 850 Prostant
436 826 565 850 autem
588 816 659 851 hae
684 816 779 852 Aldi

133 871 175 904 P.
200 871 241 905 F.
265 871 450 913 mauii,
481 872 567 907 Oct.
598 873 778 914 Ferrarii,

132 924 287 962 Alberti
315 927 510 968 Rubenii,
549 928 780 965 dissertatio-

133 994 201 1017 nes
245 982 289 1016 in
336 983 541 1019 volumine
593 985 780 1020 Thesauri

134 1037 344 1073 Graeviani
366 1040 492 1080 sexto,
525 1042 590 1076 cui
618 1041 696 1090 ipse
725 1052 779 1077 et-

132 1094 210 1129 iam
248 1095 436 1133 Graevius
475 1097 666 1133 nonnulla
703 1098 781 1133 huc

132 1150 379 1198 potiffimum
416 1153 596 1189 facientia
633 1155 779 1203 praefa-

134 1216 195 1241 tus
221 1208 284 1244 est.
342 1209 507 1246 Alberto
542 1222 669 1246 autem
702 1213 781 1247 Ru-

134 1261 253 1298 benio
293 1264 395 1301 illud
432 1267 629 1314 imprimis
677 1280 779 1303 acce-

132 1329 246 1367 ptum
276 1322 458 1363 debetur,
499 1323 606 1372 quod
636 1324 682 1360 de
714 1337 778 1358 na-

134 1384 219 1410 tura
239 1377 438 1414 clavorum
457 1379 621 1415 illorum
640 1381 779 1416 certio-

132 1444 193 1467 res
243 1434 363 1471 hodie
413 1436 556 1472 sumus.
627 1437 781 1473 Constat

135 1490 241 1524 enim
276 1504 380 1527 nunc
412 1493 572 1541 quidem
604 1493 707 1528 inter
739 1505 779 1528 0-

132 1547 413 1588 mnes,clavum
423 1549 512 1584 fuist
517 1563 535 1584 e
546 1548 689 1584 lineam
702 1549 778 1585 sive

132 1602 286 1650 virgam
325 1606 516 1653 purpurei
551 1605 696 1641 coloris
725 1605 779 1641 ita

133 1660 286 1695 tunicae
306 1661 507 1702 intextam,
526 1671 569 1697 ut
585 1675 604 1696 a
626 1663 778 1698 summo

133 1727 289 1763 pectore
330 1718 527 1754 adimam
567 1731 676 1754 oram
715 1719 778 1755 de-

132 1773 346 1809 scenderet:
383 1775 535 1816 deinde,
564 1774 684 1811 latum
707 1776 781 1811 cla·

133 1842 231 1864 vum
261 1831 416 1866 nonnisi
445 1845 570 1868 unum
599 1832 710 1868 fuiffe
738 1832 783 1868 in

134 1886 264 1922 media
276 1887 422 1929 tunica,
437 1889 547 1935 cujus
568 1888 671 1929 loeo,
695 1888 782 1936 qui-

137 1941 210 1978 bus
239 1943 302 1989 J'us
334 1943 403 1979 lati
437 1944 546 1991 clavi?
570 1958 652 1980 non
682 1944 782 1984 ess'et.

138 2000 314 2047 equiteS,
350 2001 429 2036 duo
462 2002 639 2050 angustos
674 2013 782 2050 gere-

137 2056 242 2092 bant.
300 2058 403 2092 Nam
433 2068 664 2099 ceterorum,
697 2058 784 2107 qui-

138 2112 212 2149 bus
242 2127 291 2149 ne
317 2114 466 2163 angusti
492 2115 651 2164 quidem
681 2114 785 2150 clavi

137 2170 202 2218 jus
235 2171 345 2211 effet,
385 2172 487 2207 ratio
526 2172 592 2207 hic
624 2171 784 2220 quidem

138 2223 250 2263 xiulla
268 2227 406 2264 haberi
418 2228 562 2277 potuit.
593 2230 680 2267 Jam
697 2241 787 2263 cum

142 2284 410 2331 Quintilianus
440 2285 570 2320 nostro
591 2285 669 2320 hoc
698 2284 787 2321 loco

142 2340 339 2376 cincturae
361 2342 404 2377 in
427 2342 555 2376 tunica
570 2341 789 2390 angusticla·

141 2396 208 2434 via
227 2398 419 2433 rationem
448 2397 523 2439 det,
547 2408 584 2433 et
605 2410 700 2434 mox
721 2398 792 2434 lati

136 2455 309 2489 ,modum
335 2454 548 2503 praecipiat
577 2454 682 2490 hunc
710 2465 793 2497 „ut

144 2511 218 2552 „sit
254 2510 416 2563 paulum
456 2513 584 2546 cinctis
620 2512 792 2547 summis-

143 2568 297 2611 ,‚[ior“;
329 2567 405 2615 ipsa
436 2567 708 2604 sententiarum
739 2569 793 2604 se-

146 2623 224 2660 :ties
245 2624 380 2671 jubere
399 2625 568 2664 videtur,
601 2635 646 2662 ut
669 2627 794 2661 cinctis

147 2681 213 2718 his
253 2693 327 2731 pro
363 2679 534 2716 ablativo
572 2681 794 2722 habeamus,

150 2738 272 2787 quia
312 2737 579 2787 comparativo
619 2738 796 2790 pendeat.

838 590 954 636 Quod
976 591 1004 626 si
1022 601 1210 634 tenemus,
1242 606 1289 629 ex
1317 593 1387 630 hac
1408 596 1481 631 cin·

837 654 977 681 ctorum
1027 649 1271 697 oppositione
1321 652 1482 687 manife-

837 701 934 737 stum
957 703 1024 743 sit,
1055 704 1225 739 tunicam
1246 705 1482 743 laticlaviam

838 757 943 806 cingi
971 759 1121 795 solitam
1152 773 1232 796 non
1261 762 1394 802 fuiffe,
1438 774 1485 800 ut

837 826 925 849 cum
941 815 1033 850 fastu
1056 815 1188 865 aliquo
1207 817 1304 854 latus
1326 817 1393 854 ille
1407 819 1483 854 cla-

836 883 910 907 vus
933 870 1129 907 deflueret.
1154 874 1258 921 Quae
1278 874 1379 909 ratio
1391 887 1483 910 con-

836 927 1016 963 firmatur
1045 929 1135 964 loco
1158 931 1336 966 Suetonii
1365 932 1483 966 notis·

837 983 933 1020 simo
958 985 1004 1019 de
1016 985 1181 1026 Caesare,
1205 993 1316 1033 c.45.
1335 988 1484 1028 „Usum

836 1041 972 1083 „enim
1004 1042 1083 1078 lato
1117 1042 1224 1077 clavo
1258 1043 1306 1077 ad
1345 1056 1484 1080 manus

835 1097 1090 1139 „fimbriatm
1136 1110 1206 1134 nec
1233 1109 1278 1135 ut
1310 1112 1483 1148 unquam

835 1153 976 1196 „aliter
1009 1168 1125 1204 quam
1146 1155 1261 1204 super
1291 1171 1373 1191 eum
1409 1158 1484 1192 cin-

836 1219 1009 1258 „geretur
1045 1223 1084 1247 et
1121 1211 1280 1260 quidem
1316 1211 1485 1249 fluxiore

835 1268 1050 1307 ,‚einctura.
1070 1268 1182 1303 Unde
1201 1270 1384 1304 emanass'e
1398 1269 1484 1305 Sul-

836 1322 922 1364 „lae
944 1323 1103 1364 dictum,
1120 1324 1322 1373 optimates
1336 1326 1483 1373 saepius

835 1379 1130 1422 „admonentis,
1178 1392 1223 1419 ut
1248 1381 1349 1417 male
1375 1396 1484 1429 prae·

836 1438 1019 1475 „cinctum
1056 1451 1223 1486 puerum
1263 1444 1485 1475 caverent.“

835 1492 979 1526 Latum
1002 1492 1157 1528 clavum
1180 1495 1226 1529 ad
1249 1508 1378 1529 manus
1395 1495 1486 1530 fim-

837 1547 1007 1582 briatum
1039 1562 1173 1585 omnes
1204 1561 1306 1585 recte
1337 1550 1485 1586 intelli-

837 1615 937 1652 gunt
961 1603 1007 1639 de
1030 1606 1160 1641 tunica
1185 1605 1379 1642 laticlavia
1406 1620 1486 1642 ma-

836 1660 975 1702 nicam,
1009 1673 1106 1711 quae
1136 1662 1314 1699 fimbrias
1339 1662 1488 1699 habue-

837 1719 892 1754 rit
920 1718 964 1753 in
987 1719 1164 1756 manicis.
1224 1721 1333 1755 Hanc
1363 1719 1488 1768 igitur

838 1774 1023 1814 tunicam,
1050 1787 1202 1823 praeter
1229 1789 1393 1816 morem,
1425 1777 1487 1812 in-

838 1830 999 1866 cinxiffe
1012 1832 1219 1871 Caesarem,
1233 1844 1280 1866 ex
1292 1832 1485 1875 hocloco,

839 1886 981 1923 collato
1020 1888 1244 1936 praesertim
1277 1888 1488 1936 Quintilia-

839 1955 928 1985 neo,
966 1958 1082 1980 nemo
1113 1958 1193 1980 non
1224 1944 1485 1994 intelligeret:

840 2000 915 2035 nisi
955 2001 1150 2037 accederet
1192 2002 1329 2037 tertius
1372 2001 1490 2037 etiam

843 2057 1040 2093 Macrobii
1068 2059 1220 2094 Saturn.
1261 2069 1297 2100 2,
1328 2067 1379 2102 3„
1417 2058 1490 2095 ubi

841 2125 1054 2150 memorata
1088 2114 1254 2150 Caesaris
1284 2114 1490 2164 „praecin-

843 2175 1006 2211 ,‚ctura“
1034 2170 1260 2217 subjicitur:
1309 2171 1409 2220 „qui
1435 2171 1490 2206 ita

843 2236 966 2275 „toga
989 2227 1314 2276 praecingebatur,
1346 2237 1391 2262 ut
1415 2237 1490 2263 tra-

846 2283 1005 2324 „hendo
1028 2284 1209 2319 laciniam
1229 2285 1339 2321 velut
1358 2283 1495 2320 mollis

846 2341 1090 2381 „incederem
1125 2341 1220 2376 adeo
1235 2352 1278 2376 ut
1297 2339 1404 2377 Sulla
1416 2351 1498 2376 tan-

847 2410 990 2446 „quam
1011 2397 1203 2447 providus
1228 2397 1373 2433 dixerit
1385 2400 1520 2432 Poma

849 2454 988 2503 „pejoz
1024 2454 1127 2490 Cave
1163 2453 1239 2489 tibi
1268 2453 1384 2489 illum
1404 2467 1498 2503 Pue-

848 2524 965 2551 „rum
983 2509 1083 2545 male
1100 2510 1404 2558 p1·aecinctum.“
1420 2510 1498 2546 Hic

848 2567 981 2615 itaque
1000 2566 1112 2602 locus
1131 2567 1255 2601 ansam
1274 2567 1381 2603 dedit
1398 2579 1496 2602 non-

849 2622 982 2663 nullis,
1002 2623 1171 2658 maxime
1185 2623 1352 2660 Graevio
1371 2624 1414 2660 in
1426 2637 1497 2659 no-

853 2681 903 2717 tis
935 2679 981 2714 ad
1010 2680 1192 2716 Suetonii
1219 2678 1246 2715 l.
1279 2679 1306 2716 l.
1319 2707 1331 2722 ‚
1375 2688 1422 2716 ut‘
1452 2680 1500 2715 de

855 2739 1021 2775 cinctura
1058 2737 1174 2775 etiam
1211 2746 1323 2788 togae
1356 2736 1500 2788 cogita·
