1779 3062
323 162 423 210 284
646 152 720 197 M.
756 151 891 196 ΕΑΒ.
930 150 1348 211 QUINTILIANI

321 277 468 327 causa
512 277 786 327 videretur
828 274 1021 335 facere,
1064 288 1245 327 contra
1276 294 1411 342 quos
1447 276 1658 331 diceret..

241 362 296 406 -86
320 356 463 404 Illud
493 358 647 404 etiam
677 357 736 402 in
758 355 886 415 jocis
909 356 1125 412 monui,
1162 371 1321 418 quam
1343 356 1512 420 turpis
1538 354 1661 406 effet

317 432 565 482 fortunae
596 431 892 490 insectatio:
962 443 1014 480 et
1041 449 1109 479 ne
1151 434 1208 479 in
1240 441 1381 481 totos
1415 432 1658 492 ordines,

319 521 410 558 aut
442 521 622 575 gentes
641 547 655 567 ‚
696 520 786 558 aut
808 511 1041 575 populos
1057 546 1070 566 ‚
1108 509 1398 573 petulantia
1418 510 1659 577 incurref

315 598 406 635 ret.
488 587 589 636 Sed
621 588 836 635 interim
869 585 998 635 fides
1025 586 1310 652 patrocinii
1333 586 1473 650 cogit
1498 604 1657 651 quae-

314 664 436 712 dam
462 665 527 713 de
555 662 806 723 universo
827 681 1018 729 genere
1039 663 1345 727 aliquorum
1367 662 1656 713 hominum

311 741 513 800 clicere‘,
560 742 647 788 vel
684 731 1082 796 libertinorum,
1132 739 1220 787 vel
1250 740 1485 787 militum
1502 778 1516 798 ,
1565 742 1654 790 vel

233 831 286 870 87
310 819 745 884 publicanorum,
783 819 871 865 vel
892 817 1130 865 [imiliter
1155 818 1412 865 aliorum:
1453 818 1511 866 in
1533 819 1654 881 qui-

306 895 405 944 bus
438 896 690 945 omnibus
731 912 1016 944 commune
1037 893 1333 943 remedium
1359 892 1447 952 est,
1489 906 1553 944 ut
1577 913 1651 954 ea,

305 988 439 1035 quae
467 972 715 1029 laedunt,
756 989 867 1020 non
898 973 1125 1019 libenter
1149 982 1365 1019 tractare
1389 971 1648 1032 videaris;

301 1065 399 1097 nec
419 1051 477 1097 in
501 1051 679 1098 onmia
705 1050 967 1113 impetum
989 1047 1161 1105 facias,
1202 1046 1292 1096 sed
1314 1050 1372 1096 in
1394 1048 1467 1106 id,
1501 1049 1652 1113 quod.

301 1126 720 1192 expugnandum
746 1124 841 1183 est;
867 1135 917 1172 et
936 1124 1347 1190 reprehendens,
1370 1125 1470 1173 alia
1491 1127 1651 1175 laude

296 1278 425 1315 Guelf.
458 1280 553 1318 Ere,
585 1281 736 1314 santen.
770 1279 902 1325 Can-ip.
929 1275 1076 1326 secutus
1103 1290 1193 1312 011111
1214 1275 1318 1313 Voss'.
1342 1286 1381 1314 2.
1409 1277 1527 1318 Goth
1549 1281 1647 1318 Jens.

295 1336 413 1373 Tarv.
455 1336 642 1370 Nostrum
666 1349 684 1369 e
708 1335 952 1369 correctione
976 1335 1100 1382 Regii.
1151 1333 1330 1381 Suspicor
1349 1334 1460 1369 fuiss'e
1483 1335 1648 1384 consecu-

297 1401 374 1432 tus,
401 1405 491 1427 011111
511 1393 658 1440 primae
679 1391 844 1439 syllabae
871 1392 1149 1438 compendium
1174 1389 1284 1423 facile
1307 1391 1516 1427 excideret.
1539 1393 1586 1429 cf.
1609 1400 1646 1438 8,

293 1458 341 1492 5,
363 1458 400 1492 5.
437 1462 510 1487 10,
539 1462 554 1482 1
572 1475 581 1489 ,
607 1455 672 1492 25.
702 1448 768 1482 hic
792 1451 824 1494 ᾖ.
850 1457 913 1493 95.
957 1448 1080 1482 Modo
1104 1447 1239 1484 Turio.
1262 1447 1292 1480 is
1311 1460 1384 1497 pro
1407 1448 1473 1488 his,
1494 1459 1531 1484 et
1550 1462 1647 1485 mox

291 1506 396 1540 idem
423 1518 512 1540 cum
533 1504 637 1544 Flor.
666 1503 793 1539 Guelf.
818 1504 938 1538 dicere
954 1517 1025 1551 pro
1052 1505 1199 1542 (liceret.

377 1606 442 1652 36.
476 1608 583 1651 jocis.
625 1606 758 1641 Turio.
787 1605 891 1641 Flor.
924 1605 1052 1640 Guelf.
1086 1607 1183 1639 Exc.
1211 1607 1365 1640 Samen.
1389 1605 1520 1656 Camp.
1552 1609 1645 1644 locis

292 1675 381 1698 cum
404 1663 522 1698 Goth.
545 1664 648 1698 Voff.
668 1673 702 1697 2.
726 1673 763 1697 et
786 1663 871 1697 edd.
892 1672 977 1696 ante
998 1661 1084 1698 Ald.
1108 1662 1251 1709 Regius
1274 1662 1456 1698 correxit.

404 1729 514 1755 totos.
551 1720 684 1754 Turio.
717 1718 821 1755 flor.
850 1717 980 1756 Guelf,
1024 1727 1116 1753 toto.
1145 1731 1240 1752 mox
1268 1731 1341 1766 pro
1366 1717 1470 1765 fides
1506 1711 1640 1757 Turio.

285 1775 390 1812 Flor.
405 1776 558 1823 fideles,
583 1790 631 1811 ex
653 1775 755 1810 Alm.
780 1784 920 1810 tractes.
957 1786 1038 1809 tum
1062 1777 1187 1809 interit
1209 1776 1344 1810 Turic-

397 1834 596 1868 hominum.
611 1832 740 1868 Guelf.
763 1834 855 1866 Exc.
878 1834 1030 1867 Samen.
1056 1831 1255 1865 omittunt.
1491 1834 1551 1869 vel
1573 1834 1638 1870 lib.

284 1890 349 1925 Sic
367 1890 465 1926 Jens.
493 1890 578 1932 (tac.
605 1890 732 1932 Gesn.)
761 1902 849 1924 011111
873 1888 957 1923 edd.
975 1888 1132 1935 posterr.
1154 1898 1240 1922 aune
1263 1889 1414 1937 Gryph.
1461 1890 1537 1925 Sed
1557 1892 1636 1925 Τ11-

284 1947 352 1980 1·10.
377 1945 479 1981 Flor.
502 1946 627 1982 Guelf.
658 1947 751 1981 Exc.
776 1947 927 1980 Sauten-
955 1945 1074 1979 Goth.
1097 1948 1185 1991 (tac.
1209 1944 1337 1987 Gesn.)
1363 1947 1494 1994 Camp.
1520 1947 1637 1982 omit·

287 2013 375 2037 tunt
393 2003 452 2037 vel
465 2016 552 2037 cum
565 2003 668 2039 Voss'.
686 2013 721 2036 2.
753 2002 913 2049 Reliqui
936 2011 976 2036 ut
995 2002 1057 2035 lib.
1077 2002 1123 2035 cf.
1139 2012 1174 2047 9,
1190 2008 1223 2043 4,
1241 2009 1302 2044 53.
1336 2003 1399 2036 Sic
1411 2014 1447 2038 et
1466 2017 1479 2037 1
1495 2015 1526 2042 ι,
1542 2012 1579 2046 5,
1597 2010 1634 2046 5.

284 2060 344 2094 vel
365 2059 553 2094 omittunt
577 2059 710 2095 Turio.
731 2059 835 2094 Flor.
862 2058 948 2103 (etsi
969 2058 1036 2092 hic
1056 2071 1075 2091 a
1098 2058 1162 2092 [ec.
1186 2071 1236 2096 m.
1264 2059 1432 2106 reponit,
1465 2059 1527 2093 sed
1547 2070 1633 2094 ante

283 2114 491 2165 Equidem)
514 2129 603 2150 cum
623 2115 725 2151 Alm.

373 2225 438 2262 87.
467 2218 631 2252 laedunt.
660 2216 788 2252 Guelf.
818 2217 912 2250 Exo.
940 2219 1092 2250 Samen.
1115 2215 1253 2262 legunt.
1509 2231 1629 2266 repre.

281 2275 454 2309 hendens.
479 2275 610 2311 Turio.
641 2273 745 2310 flor.
770 2273 868 2318 (1110
895 2286 914 2308 a
942 2274 1011 2308 sec.
1035 2285 1087 2308 m.
1123 2272 1229 2307 addit
1263 2285 1302 2309 re
1332 2282 1368 2308 et
1398 2273 1448 2308 fic
1468 2274 1630 2323 Camp.)

340 2407 403 2452 36.
444 2409 485 2441 In
514 2410 611 2452 jocis
642 2409 777 2442 monui.
822 2407 922 2448 „Su-
981 2405 1114 2440 derant
1134 2406 1220 2442 VV.
1239 2406 1330 2445 DD.
1356 2407 1626 2458 accusativum.

278 2478 372 2511 „pra
410 2465 454 2503 6,
477 2475 523 2508 5,
550 2472 615 2509 23.
657 2466 698 2498 In
728 2463 923 2498 calamita·
980 2461 1106 2496 Facile
1140 2462 1259 2497 fuerit
1287 2476 1359 2510 pro
1381 2472 1416 2498 et
1435 2477 1624 2513 reponere

277 2529 377 2559 „tem
408 2522 469 2556 nti
491 2521 660 2556 ridiculo
686 2530 790 2554 vetat
808 2520 923 2554 etiam
980 2518 1104 2568 quod.-
1156 2518 1293 2553 deinde
1331 2519 1464 2554 malim
1504 2514 1623 2568 paene

276 2576 383 2615 „Cic.
408 2577 514 2613 Orat.
537 2590 569 2611 0.
590 2578 653 2614 26.
668 2582 692 2597 “
721 2576 922 2611 Gesnems.
978 2588 1154 2623 premens.
1185 2576 1382 2611 *Fran‘cius
1407 2577 1566 2621 conjicit
1587 2588 1622 2612 et

275 2632 367 2666 vide
390 2645 426 2668 et
450 2633 485 2673 6,
510 2643 547 2676 5,
571 2643 635 2677 54.
977 2645 1020 2666 ea
1043 2645 1071 2668 r.
1118 2630 1298 2665 Rollinus
1324 2641 1359 2665 et:
1383 2633 1562 2679 quaedam
1592 2648 1618 2668 r.

334 2695 398 2732 87.
430 2699 466 2725 et:
485 2691 762 2738 reprehendens.
809 2687 919 2724 Desi-
977 2686 1051 2722 Sed
1079 2686 1283 2735 singularis
1314 2689 1496 2735 praestat,
1529 2689 1619 2737 quia
