1779 3062
381 197 546 244 1NsT.
583 198 864 249 ORATOR.
898 202 1020 249 Lm.
1056 204 1154 261 Χῖ,
1203 208 1251 260 3.·
1310 226 1312 229 -
1386 212 1484 263 417

135 328 224 378 via
246 324 506 390 quaedam
533 324 769 372 membra
786 364 799 384 ,
840 327 906 376 ad
929 332 1087 392 quae,
1125 326 1167 378 si
1186 327 1384 378 necesse
1405 330 1485 391 sit,

134 404 371 467 recipere
405 400 653 467 spiritum
686 402 865 461 liceat,
905 405 972 453 ad
1005 405 1133 454 haec
1154 406 1357 471 gestum
1379 408 1486 458 dis-

134 484 362 545 pOnere:
408 489 470 528 ut
489 488 635 544 puta,
676 479 900 528 ZVovum
929 485 1141 541 crimen,
1184 484 1240 532 C.
1271 482 1486 557 Caesar,

132 556 292 606 habet
318 573 414 623 per
443 554 495 604 se
527 554 697 604 finem
722 556 992 620 quendam
1025 558 1211 618 suum,
1251 563 1388 626 quia>
1409 562 1486 611 se-

133 633 323 699 quitur
343 634 684 695 conjunctio:
726 632 938 691 deinde,
953 637 1032 683 Ec
1055 647 1174 685 ante
1198 636 1328 685 hanc
1355 642 1490 688 diem

133 729 235 760 non
274 711 536 769 auditum,
582 709 700 759 satis
735 710 1194 777 circumscriptum
1237 714 1324 763 est.
1405 715 1491 765 Ad.

133 788 263 837 haec
309 786 758 837 accommodanda
795 804 983 836 manus
1018 789 1115 848 eft,
1154 790 1321 855 idque
1356 791 1490 842 dum

46 867 239 917 ²025erit
257 867 431 931 prima
458 875 510 912 et
532 863 823 931 composita
850 866 1002 914 actio.
1062 861 1130 914 At
1149 868 1246 916 ubi
1267 885 1378 917 eam
1410 887 1487 917 ca·
1502 887 1566 909 ιιι

132 944 218 992 lor
255 942 625 999 concitaverit,
671 943 832 989 etiam
867 939 1039 1007 gestus
1074 960 1197 993 cum
1234 943 1344 1010 ipsa
1373 963 1492 995 ora-

131 1020 295 1068 tionis
329 1019 595 1067 celeritate
630 1016 904 1069 crebescet.
981 1020 1115 1068 Aliis
1144 1021 1278 1070 locis
1322 1023 1493 1082 citata,

133 1096 250 1145 aliis
272 1093 436 1162 preffa
464 1097 748 1144 conveniet
769 1097 1163 1162 pronunciatio.
1204 1098 1299 1146 Illa
1327 1110 1496 1149 trans-

134 1173 432 1232 currimus,
477 1174 844 1239 congerimus,
882 1173 1243 1234 abundamus,
1281 1175 1494 1226 festina-

135 1340 181 1376 ad
208 1341 352 1389 Georg.
380 1352 414 1381 1,
436 1337 528 1381 276.
762 1339 1089 1375 accommodanda.
1125 1340 1188 1375 Sic
1221 1340 1357 1378 Turicss
1385 1342 1498 1380 Flor.'

136 1397 271 1445 Camp.
292 1410 378 1431 cum
399 1395 501 1432 Alm.
524 1393 683 1442 Reliqui
703 1396 985 1431 commodanda.
1021 1396 1123 1432 Mox
1146 1406 1182 1431 et
1198 1411 1270 1446 pro
1293 1396 1343 1446 est
1359 1400 1495 1436 Tui-ic.

133 1453 239 1488 Flor.
263 1454 398 1502 Camp.
417 1453 504 1487 dum
525 1453 647 1499 erupit:
668 1453 737 1486 erit
761 1454 883 1499 prima
901 1453 1000 1490 Jens.
1026 1453 1141 1487 Tarv.
1165 1453 1200 1488 d.
1222 1458 1379 1503 erumpit
1400 1471 1429 1492 e.
1453 1471 1496 1505 p.

132 1510 265 1545 Locat.
292 1522 379 1545 cum
400 1509 560 1557 posterr.
586 1507 672 1543 edd.
696 1518 780 1543 ante
805 1507 915 1542 Basil.
940 1508 1010 1555 qui
1034 1509 1069 1543 d.
1093 1511 1264 1560 irrumpit
1286 1525 1315 1547 e.
1338 1526 1377 1560 p.
1419 1512 1496 1549 Sed.

133 1565 172 1601 d.
195 1568 355 1615 eruperit
372 1580 411 1614 p.
437 1563 588 1613 Gryph.
616 1576 706 1598 eum
730 1563 914 1613 plurimis
936 1564 1040 1612 apud
1061 1566 1197 1600 Burm-

225 1662 319 1690 111.
353 1655 416 1690 ubi
439 1668 520 1689 eam
540 1654 654 1689 calor.
691 1654 755 1689 Sic
776 1654 910 1691 Turio.
932 1653 1038 1689 Flor.
1057 1654 1188 1690 Ambr.
1212 1665 1247 1692 2.
1275 1657 1365 1699 (nisi
1388 1658 1499 1706 quod

133 1727 154 1748 e
185 1712 340 1747 dnobus
373 1711 482 1747 hisce
516 1711 675 1746 affertur
704 1711 824 1753 color)
849 1709 977 1746 Guelf.
1002 1723 1092 1745 cum
1114 1712 1230 1747 Bern.
1255 1724 1300 1748 ut
1321 1714 1496 1751 videtur.

135 1768 299 1805 Omittit
340 1769 474 1816 Camp.
509 1781 602 1804 eam.
657 1766 822 1815 Reliqui
852 1781 886 1802 u.
922 1768 1008 1811 jam
1036 1781 1066 1802 e.
1096 1783 1189 1803 eam.
1252 1770 1497 1807 Postremum

135 1825 320 1860 omittere
351 1834 530 1858 narratur
550 1823 651 1858 Alm.
687 1824 787 1857 Mox
808 1824 1032 1863 concitavit,
1061 1822 1181 1871 gestus
1202 1826 1335 1860 Turic.
1359 1828 1498 1876 Camp.

133 1880 358 1917 nobiscum.
393 1878 556 1926 Reliqui
585 1879 828 1914 concitaverit
859 1880 972 1913 etiam
990 1892 1030 1925 g.
1072 1879 1234 1917 Omittit
1253 1883 1366 1916 etiam
1387 1883 1495 1920 Flor.

135 1948 309 1985 quoque.
350 1935 459 1971 Dein
491 1936 691 1970 celeritatis
725 1933 939 1983 ecrebrescet
967 1944 1003 1969 et
1035 1934 1120 1971 aliis
1151 1937 1284 1972 Turic.
1316 1938 1423 1976 Flor.
1457 1948 1494 1975 et

134 1993 310 2029 inserunt
341 1993 474 2040 Camp.
502 2004 661 2040 quoque
697 2001 734 2026 et
763 1990 864 2026 Alm.
900 1991 988 2033 [De
1010 1992 1194 2041 scriptura
1217 1993 1392 2042 crebescet
1410 1996 1494 2035 vid.

134 2049 265 2090 Add.]
300 2050 472 2084 convenit:
500 2049 633 2096 Camp.
658 2047 701 2083 εᾱ
732 2049 891 2095 gerimus
921 2046 1026 2083 Flor.
1063 2049 1293 2084 abundamus
1325 2063 1362 2086 v.
1395 2053 1493 2091 Not,

135 2107 258 2152 Exeg.
284 2102 546 2152 festinavimus
576 2104 711 2141 Turio.
739 2102 843 2139 Flor.
867 2104 935 2138 hac
947 2102 1093 2151 flamus
1119 2107 1252 2142 Turio.
1273 2106 1377 2144 flor.
1401 2097 1495 2144 cuni

133 2161 239 2198 Alm.
269 2176 313 2197 ac
349 2159 526 2209 instamus
558 2160 686 2197 Guelf.
726 2174 815 2195 cum
850 2160 954 2199 Vols.
983 2174 1015 2197 1.
1043 2171 1081 2205 5.
1111 2164 1209 2201 Jens.
1237 2163 1352 2198 Tarv.
1374 2165 1489 2202 Basil.

138 2217 188 2254 cf.
215 2231 280 2259 11,
309 2229 346 2259 2,
375 2227 440 2262 41.
472 2215 690 2267 affingimus
713 2218 847 2266 Camp.
870 2216 1087 2265 insingimus
1106 2220 1205 2258 Jens.
1229 2220 1343 2253 Tarv.
1370 2221 1493 2268 infici-

137 2287 217 2310 mus
256 2274 363 2313 Voff.
402 2290 436 2310 1.
481 2273 719 2322 infringimus
752 2286 874 2322 marg.
904 2274 1017 2310 Bal‘il.
1048 2278 1176 2311 citatio
1207 2274 1359 2323 rasbpus
1383 2277 1491 2316 Flor.

136 2333 328 2372 citatiores
348 2345 440 2378 opus
461 2332 595 2374 Ambr.
611 2340 648 2366 2.
686 2328 787 2366 Mox
811 2330 942 2366 onmia
962 2330 1054 2366 haec
1067 2331 1145 2380 fuit
1170 2332 1268 2381 quod
1284 2344 1491 2368 --matr0-

138 2401 269 2423 narum
296 2390 450 2435 gravior
483 2387 671 2423 omittunt
690 2386 796 2427 Vols.
835 2402 869 2423 1.
899 2396 939 2433 5.
980 2389 1191 2425 comoedias
1216 2390 1252 2423 ιή
1276 2391 1492 2437 tragoedias

139 2443 274 2480 Turio.
296 2443 400 2481 Flor-

200 2580 294 2604 110.
326 2578 368 2604 ut
398 2575 502 2616 puta.
534 2568 676 2604 Rarior
697 2569 785 2605 usus
842 2569 1053 2618 probatum
1102 2569 1207 2620 apud
1254 2567 1490 2622 Lexicogra-

137 2624 315 2674 exempli
335 2623 563 2666 inducendi,
595 2638 710 2673 quem
733 2636 786 2661 ta·
842 2626 944 2676 phos
969 2625 1136 2662 videbis.

137 2694 227 2717 men
259 2681 412 2729 aliquot
436 2681 555 2727 hujus
577 2693 614 2717 et
635 2681 786 2730 sequio-
899 2685 1009 2732 idque
1022 2683 1108 2718 dum
1125 2685 1201 2718 erit.
1225 2683 1271 2719 cf.
1293 2697 1309 2719 1
1324 2698 1356 2725 1,
1374 2699 1407 2726 1,
1424 2684 1491 2729 76.

136 2737 192 2774 ris
212 2739 298 2775 aevi
320 2738 553 2786 scriptorum
569 2736 667 2777 locis
680 2751 785 2777 com·
907 2754 924 2775 ι
939 2753 954 2775 1
967 2753 1002 2776 1.
1052 2740 1292 2778 abundamus.
1342 2768 1367 2784 „
1379 2741 1492 2778 Deest

200 2818 308 2856 Τοηι.
339 2816 407 2857 JV.
948 2820 986 2856 D
1002 2820 1025 2857 d
