1779 3062
250 142 342 185 11ss
558 129 634 175 Μ.
683 129 816 175 FAB.
869 129 1294 192 QUINTILIANI

247 254 507 306 eruendas
541 254 666 303 alias
701 271 812 303 non
846 255 1112 321 proderit,
1147 254 1238 303 sed
1267 254 1407 303 nihil
1439 255 1608 305 habe-

247 335 453 390 bimus,
492 330 591 381 nifi
626 330 870 381 beneficii
905 334 1099 381 alieni?
1142 331 1603 397 quemadmodum

253 410 477 476 quidam
519 409 746 474 pictores
801 412 858 459 in
903 411 961 459 id
1012 409 1183 459 solum
1230 408 1471 468 student,
1545 421 1605 460 ut

254 486 546 536 describere
586 487 787 535 tabulas
830 487 1091 536 mensuris
1133 504 1188 534 ac
1232 487 1391 535 lineis
1429 485 1604 536 sciant.

207 586 230 620 7
258 569 444 631 Turpe
464 565 622 612 etiam
647 564 786 612 illud
812 563 900 623 est,
942 574 1249 613 contentum
1277 561 1374 611 esse
1401 564 1458 612 id
1486 582 1613 614 con-

249 641 417 706 sequi,
459 640 608 706 quod
638 642 874 691 imiteris.
955 644 1100 691 Nam
1131 639 1312 689 rursus
1346 640 1481 706 quid.
1501 652 1612 690 erat

247 718 526 777 futurum,
591 716 629 766 [i
657 736 817 768 nenio
853 721 974 786 plus
1015 715 1259 766 effeciffet
1299 734 1391 777 eo,
1452 735 1616 783 quem

249 863 352 899 Gibs.
386 862 483 899 Obr.
518 865 680 913 Capper.
717 865 816 899 Mox
845 877 917 912 pro
953 864 1132 898 eruendas
1174 862 1307 898 Turic.
1341 861 1446 898 Flor.
1481 861 1569 906 (hic
1594 877 1615 898 a

249 934 308 968 pr.
332 919 407 966 m.)
431 919 559 955 Guelf.
585 922 717 969 Camp.
744 921 964 955 erudiendas
986 932 1074 954 cum
1097 922 1211 955 Beni.
1245 930 1281 954 et
1303 919 1388 954 edd.
1416 930 1501 955 ante
1526 919 1615 955 Ald-

249 976 450 1017 Nostrum,
465 977 572 1024 quod
590 979 784 1024 conjicere
798 969 970 1016 videtur,
984 987 1047 1011 aut
1062 975 1193 1012 videri
1209 975 1307 1015 vult,
1323 976 1480 1023 Regius,
1494 975 1617 1014 Goth.

250 1033 352 1071 Vall.
385 1033 480 1067 item
505 1033 605 1068 Alm.
640 1036 778 1069 Fateor
810 1045 936 1068 tamen
968 1032 1175 1081 displicere
1206 1032 1309 1067 mihi
1339 1034 1392 1067 rei
1427 1044 1463 1068 et
1498 1046 1620 1067 rerum

252 1091 611 1131 continuationem,
659 1092 702 1125 in
748 1090 982 1138 quotidiano
1015 1088 1087 1123 illo
1119 1089 1290 1124 maxime
1323 1091 1377 1124 rei
1408 1088 1617 1128 vocabulo,

253 1147 358 1195 quod
391 1147 516 1194 ipsum
550 1146 780 1194 languorem
810 1146 1014 1193 ingenerat
1053 1146 1236 1181 orationi.
1327 1145 1478 1186 Etiam,
1537 1158 1617 1193 quo

250 1204 411 1239 nomine
442 1203 585 1237 Badius
619 1204 777 1236 aliarum
809 1212 940 1236 tuetur
970 1215 1060 1250 prae
1097 1202 1255 1243 illarum,
1287 1204 1376 1238 usus
1401 1201 1619 1237 notissimae

250 1259 466 1294 locutionis
490 1259 647 1293 aliarum
670 1259 766 1292 alias
797 1257 864 1292 hic
891 1257 1049 1304 quidem
1083 1270 1163 1292 non
1190 1257 1288 1294 bene
1314 1259 1515 1307 procedit,
1548 1257 1620 1292 ubi

250 1316 404 1350 nonnisi
433 1315 617 1363 bipertita
651 1315 787 1349 divifio
822 1312 1079 1361 intelligitur,
1111 1324 1156 1348 ut
1176 1327 1301 1350 novae
1323 1328 1384 1349 res
1405 1327 1452 1350 ex
1473 1313 1619 1362 priori-

251 1371 324 1407 bus
358 1371 439 1406 illis
471 1382 673 1412 eruantur,
714 1384 794 1406 non
833 1370 930 1404 aliae
965 1384 1008 1404 ex
1040 1370 1135 1404 aliis.
1200 1371 1318 1417 Quod
1354 1372 1380 1405 si
1408 1381 1618 1419 peteretur,

251 1429 396 1477 positus
423 1427 507 1463 talis
532 1428 712 1463 decebat:
744 1441 863 1462 rerum
886 1427 1043 1461 aliarum
1065 1428 1114 1460 ad
1134 1428 1228 1462 alias
1248 1427 1426 1462 eruendas
1452 1426 1545 1476 usus.

340 1485 502 1533 quidam.
536 1485 668 1520 Turio.
702 1493 816 1532 poeta
847 1492 903 1523 et,
943 1497 961 1517 a
996 1484 1063 1517 sec.
1097 1497 1214 1518 manu
1242 1493 1378 1531 poetae
1416 1493 1474 1524 et,
1507 1494 1544 1518 et
1571 1484 1621 1519 fic

254 1542 409 1590 Camp.'
630 1540 832 1590 describere
855 1557 909 1565 —
931 1538 1114 1588 mensuris.
1140 1540 1272 1574 Turio.
1299 1539 1404 1575 Flor.
1429 1543 1467 1584 (a
1487 1553 1545 1589 pr.
1567 1552 1621 1574 m.

253 1599 438 1645 uterque)
463 1595 708 1646 describerent
731 1589 788 1624 ⁵——
811 1595 1009 1644 mensuras,
1042 1595 1169 1631 Guelf.
1198 1597 1234 1631 d.
1259 1597 1387 1631 tabula
1405 1611 1449 1633 ac
1470 1611 1516 1632 m.

341 1664 377 1698 7.
409 1655 534 1689 etiam.
566 1654 684 1689 Goth.
709 1654 798 1697 (tac.
823 1652 955 1699 Gesn.)
976 1654 1084 1686 enim.
1321 1651 1505 1702 consequi,
1520 1653 1622 1701 quod

256 1712 421 1746 imiteris.
452 1709 586 1744 Turio.
620 1709 790 1759 consequi
823 1710 1023 1749 dimiterie,
1068 1723 1088 1743 a
1117 1710 1186 1745 fec.
1217 1723 1336 1743 manu
1374 1709 1545 1758 consequi
1576 1710 1623 1745 de

255 1768 391 1804 metris.
424 1766 530 1805 Vols.
553 1778 590 1803 2.
630 1781 658 1801 c.
685 1766 785 1815 quod
814 1768 967 1800 mireris.
1190 1766 1302 1801 >Nam
1323 1764 1454 1814 rursus.
1486 1767 1621 1803 Turio.

254 1823 374 1872 rursus
403 1837 501 1859 nam.
549 1818 552 1821 ¹
731 1832 819 1857 erat.
855 1823 974 1858 Goth.
1010 1820 1108 1871 effet.
1345 1836 1465 1858 nemo.
1499 1822 1620 1859 Goth.

254 1881 361 1915 nihil.
599 1877 784 1928 effeczſj‘et.
820 1878 948 1914 Guelf.
981 1893 1000 1912 e
1036 1881 1129 1914 zciet.
1164 1880 1297 1928 Camp.
1324 1876 1505 1928 efficiſj‘et.

340 1950 396 1977 eo.
418 1949 536 1986 quem.
567 1937 665 1974 Jens.
699 1937 814 1971 Tarv.
840 1950 881 1971 eo
911 1950 1016 1984 quae.
1048 1937 1183 1971 Locat.
1221 1949 1263 1970 eo
1295 1936 1395 1985 quod
1422 1949 1511 1971 cum
1536 1936 1622 1974 edd.

251 1994 409 2044 posterr.
445 2002 532 2028 ante
563 1992 656 2028 Bad.
685 1993 759 2041 qui
791 1993 1004 2034 verbofius,
1038 1994 1102 2029 etsi
1134 2005 1214 2028 non
1247 1995 1321 2028 fine
1351 1994 1542 2035 acumine,
1575 1994 1621 2030 de

251 2106 540 2157 „perfectiones
558 2116 690 2139 rerum
709 2104 908 2152 poffibiles
967 2105 1045 2146 „Et
1065 2106 1219 2154 quoties
1242 2106 1328 2141 licet
1344 2106 1396 2141 ita
1416 2107 1622 2155 ponitur-‘⁴

252 2159 568 2209 ,,(φιλοσοφητὲον
596 2158 689 2209 γὰρ)
729 2160 910 2196 determi-
970 2163 1168 2197 Gesnerus.

253 2231 440 2262 „nantum
466 2219 505 2253 h.
529 2232 560 2253 e.
575 2230 648 2265 qua
668 2217 726 2251 sui
750 2218 910 2265 quidam
1029 2219 1064 2254 6.
1125 2221 1286 2267 pictores
1324 2238 1378 2247 ——
1420 2235 1462 2256 ac
1516 2221 1622 2256 lineis

257 2276 380 2319 „fines
409 2276 526 2311 rebus
550 2286 758 2321 earumque
784 2275 910 2308 virtu·
962 2273 1097 2323 sciant.
1170 2278 1307 2312 Fateor
1356 2291 1495 2325 parum
1543 2277 1622 2314 hoc

257 2333 390 2374 „tibus
413 2331 659 2381 assignantur,
691 2329 789 2365 ultra
812 2343 910 2378 quos
971 2333 1056 2379 capi
1084 2346 1103 2366 a
1134 2346 1207 2373 me,
1240 2334 1309 2368 nisi
1346 2334 1447 2369 forte
1474 2333 1621 2370 intelli-

255 2389 481 2431 „ascendere
523 2400 593 2436 per
645 2386 913 2422 conditionem
973 2400 1112 2436 gantur
1142 2390 1174 2423 ii
1205 2390 1397 2438 pictores,
1450 2392 1539 2438 qui,
1578 2401 1623 2426 ut

256 2447 387 2486 „suam
419 2443 502 2481 iuis
533 2457 615 2479 non
642 2442 767 2479 liceat.
847 2444 909 2479 Sic
968 2443 1090 2479 aliena
1125 2459 1239 2494 opera
1278 2447 1321 2482 in
1356 2448 1437 2481 suas
1473 2446 1620 2482 tabulas

257 2517 337 2542 „11
358 2529 367 2543 ,
399 2511 445 2545 5,
483 2507 573 2545 ¹8¹·
629 2501 760 2548 Neque
788 2508 911 2535 tamen
969 2501 1178 2549 diligenter
1208 2503 1456 2544 transferant,
1496 2505 1621 2551 fingu-

258 2558 382 2599 „illud
404 2554 454 2605 est
471 2556 591 2606 nefas·
652 2555 789 2591 Simile
817 2570 912 2591 mox
968 2556 1022 2592 las
1054 2571 1189 2593 eorum
1220 2571 1346 2607 partes
1379 2571 1486 2595 antea
1513 2573 1619 2595 men-

258 2627 352 2656 ‚‚1o,
378 2626 416 2656 2,
439 2614 505 2649 26.
545 2613 685 2649 Totum
711 2615 912 2660 exprimere
968 2614 1065 2650 suris
1086 2626 1122 2650 et
1148 2615 1262 2651 lineis
1289 2616 1560 2652 dimetiuntur.

261 2684 406 2717 „paene
463 2671 605 2706 homini
655 2667 909 2719 inconceffiam.
1029 2681 1066 2715 7.
1101 2671 1620 2722 Nam-rursus.Adverbium
