1779 3062
459 124 622 173 INST.
661 124 944 173 ORATOR.
974 126 1099 182 ΜΒ.
1133 126 1246 185 ΧΠ,
1281 139 1329 188 9.
1484 137 1586 187 589

222 251 631 312 sententiarum,
675 249 982 319 figurarum
1013 256 1301 323 elegantia,
1351 264 1443 305 aut
1471 271 1588 309 non

221 329 372 390 sunt,
413 342 505 382 aut
541 340 808 399 apparent.
890 333 994 383 Sed
1024 344 1247 402 propter
1276 334 1382 385 hoc
1407 331 1587 400 ipsum

222 408 551 460 ostendenda
579 426 693 460 non
724 407 873 469 sunt,
910 411 1062 477 quod
1099 424 1382 479 apparent:
1449 429 1507 461 ac
1539 409 1585 460 fi

219 505 398 546 unum
436 487 502 537 [it
540 505 606 537 ex
637 486 855 537 duobus
890 489 1232 556 eligendum,
1296 488 1447 540 causa
1483 507 1584 560 po-

218 567 327 617 tius
367 565 649 626 laudetur,
707 582 871 632 quam
915 578 1186 634 patronus,
1281 569 1470 619 Finem
1510 578 1586 619 ta-

339 712 377 751 6.
417 713 598 763 eligantia
627 711 733 749 Flor.
1012 714 1086 749 Sed
1114 724 1284 766 propter.
1349 715 1413 752 Sic
1441 715 1579 752 Turio.

219 770 326 808 Flor.
359 772 495 820 Camp.
528 783 560 807 c.
591 768 696 808 Alm.
757 769 819 806 vel
846 769 1022 806 inserunt
1052 771 1210 820 reliqui.
1461 768 1582 820 osten-

218 829 357 866 denda.
417 828 483 864 Sic
507 827 642 864 Turic.
675 826 781 863 Flor.
815 829 949 876 Camp.
1011 825 1234 876 ostentanda
1263 828 1434 879 reliquig
1467 830 1581 875 eujus

216 887 430 935 scripturae
460 895 598 921 auctor
629 897 709 920 non
739 885 852 922 sensit
879 884 999 935 longe
1028 885 1240 928 venustius,
1272 887 1323 923 ob
1343 886 1581 936 respondens

215 953 426 993 apparent,
463 941 673 992 Proprium
712 941 780 978 hic
820 942 1060 979 vocabulum
1098 943 1326 992 usurpatum
1358 945 1430 980 ess'e
1462 957 1583 993 quam

215 999 459 1037 translatum.
747 1015 791 1035 ac
812 998 851 1050 fi
883 1014 994 1036 unum
1017 998 1073 1050 sit
1103 1013 1148 1036 ex-
1178 1000 1333 1037 duobus:
1395 1002 1460 1036 Sic
1501 1001 1582 1035 Tu-

212 1057 285 1094 ric.
316 1056 423 1097 Flor,
458 1069 490 1093 c.
520 1055 625 1092 Alm.
659 1057 733 1092 nifi
762 1058 872 1108 quod
904 1058 984 1094 duo
1014 1058 1169 1107 priores
1198 1058 1383 1095 mendose
1414 1057 1581 1099 duabus,

213 1128 264 1152 ex
292 1114 398 1159 Alrn.
432 1125 561 1151 autem
585 1113 644 1164 sit
672 1129 754 1152 non
784 1117 958 1152 affertur.
1018 1117 1109 1152 Hoc
1136 1127 1270 1152 tamen
1302 1115 1353 1152 est
1373 1115 1422 1152 in'
1443 1117 1581 1164 Camp.

212 1185 389 1223 quoque,
422 1184 594 1209 ceterum
625 1174 869 1222 conspirante
899 1187 988 1208 cum
1020 1172 1200 1222 reliquis,
1233 1173 1306 1223 qui
1337 1174 1429 1209 dant
1455 1181 1521 1208 aut
1543 1170 1584 1220 si
1620 1172 1622 1174 ’

211 1244 326 1267 unum
355 1244 375 1265 e
404 1229 564 1267 duobus.
625 1230 857 1268 Jensoniana
889 1241 1018 1266 tamen
1049 1243 1122 1279 pro
1155 1245 1175 1266 e
1203 1230 1349 1266 duobus
1377 1230 1498 1266 habet
1528 1225 1581 1278 eft

185 1304 187 1306 ·
211 1287 380 1328 duobus,·
413 1287 523 1337 quod
543 1286 728 1336 sphalma,
748 1287 862 1336 quale
883 1287 988 1323 mihi
1014 1286 1178 1335 quidem
1204 1288 1378 1329 videtur,
1403 1286 1583 1333 Obrech-

211 1357 276 1383 tus
318 1346 508 1394 arripiens
552 1342 602 1394 ⁶³st
641 1359 661 1380 e
700 1345 845 1381 duobus
885 1344 1020 1380 edidit.
1084 1343 1297 1394 Vulgatam
1333 1345 1582 1395 repetierunt

210 1405 302 1444 VV.
340 1404 436 1440 DD.
473 1403 557 1438 imo
599 1401 739 1451 gallice
779 1401 1031 1452 interpretati
1061 1402 1149 1438 sunt
1183 1402 1441 1452 grammatico
1472 1415 1582 1438 nexu

212 1462 403 1502 contenti,
433 1459 612 1508 logicum
644 1472 727 1495 non
758 1470 950 1496 curantes.
1009 1459 1135 1508 Atqui
1166 1472 1257 1495 cum
1279 1460 1452 1496 dicitur:
1484 1467 1582 1501 „aut

210 1519 272 1562 „si
300 1531 426 1554 unum
459 1531 478 1553 e
507 1517 665 1553 duobus
695 1517 923 1566 eligendum
936 1523 971 1558 “,
1003 1530 1085 1553 non
1114 1516 1229 1552 aliter
1259 1517 1311 1554 est.
1338 1517 1428 1552 acsi
1448 1518 1489 1553 in
1513 1530 1580 1552 an-

212 1575 484 1614 tecedentibus
518 1574 649 1610 forent
679 1573 795 1610 haec:
857 1584 1073 1615 „neutrum
1107 1573 1270 1623 quidem
1305 1574 1580 1611 ostentantium

208 1633 302 1677 ‚‚est,
332 1646 460 1682 neque
493 1632 613 1673 causa,
645 1646 773 1680 neque
801 1630 968 1667 oratoris
999 1631 1245 1680 elegantia;“
1276 1632 1342 1668 cui
1364 1644 1469 1667 nunc
1491 1631 1580 1667 sub-

211 1693 467 1740 jungeretur:
529 1690 600 1731 „si
633 1700 764 1725 tamen
798 1701 878 1725 non
922 1698 1035 1737 potes
1070 1689 1169 1737 quin
1206 1689 1368 1726 ostentes
1404 1687 1582 1737 aliquid,

210 1749 348 1790 „causa
376 1748 513 1795 potius
542 1746 603 1781 fac
633 1757 678 1782 ut
708 1745 935 1782 laudetur-‘⁶
996 1746 1115 1792 Quasi
1143 1759 1193 1782 ne
1222 1746 1302 1782 hoc
1331 1745 1495 1795 quidem
1527 1742 1583 1782 ef-

211 1806 332 1840 ficere
361 1803 499 1839 debeat
527 1803 700 1839 severior
725 1801 845 1852 paulo
881 1813 1025 1837 orator.
1105 1804 1180 1838 Sed
1208 1802 1276 1839 vel
1311 1816 1358 1838 eo
1388 1801 1473 1838 solo
1511 1804 1578 1840 da·

211 1862 383 1897 mnanda
406 1872 488 1896 erat
510 1859 681 1907 vulgata,
703 1860 813 1908 quod
844 1860 887 1894 in
910 1860 1236 1907 praecedentibus
1266 1860 1431 1909 quidem
1453 1859 1578 1898 osten·

209 1919 308 1955 tatio
333 1918 376 1953 in
404 1917 495 1954 solis
525 1917 742 1954 verborum
772 1916 983 1952 lenociniis
1015 1916 1202 1966 ponitur;
1263 1917 1437 1953 formula
1477 1930 1576 1955 vero

210 1985 277 2012 auc
302 1974 340 2025 si
370 1976 500 2011 causae
531 1974 753 2014 ostentatio,
796 1984 980 2023 tanquam
1011 1974 1093 2010 illis
1125 1974 1429 2024 comprehensa,
1471 1987 1579 2012 nunc

181 2032 415 2082 'separatun
475 2031 707 2080 Adoptanda
740 2031 867 2080 igitur
899 2042 980 2067 erat
1010 2031 1156 2067 vetusta
1189 2032 1376 2081 scriptura
1402 2046 1466 2074 ac,
1499 2046 1578 2082 qua.

204 2089 351 2126 vocula
391 2100 605 2138 utrumque
648 2088 839 2124 orationis
880 2089 1107 2125 membrum
1141 2089 1189 2125 ad
1230 2089 1460 2125 modestiam
1492 2103 1578 2127 ora-

203 2148 284 2184 tori
312 2147 662 2183 commendandam
694 2145 910 2194 aequaliter
938 2147 1107 2195 spectare
1140 2145 1446 2183 demonstratur:
1489 2147 1574 2184 vid.

202 2216 287 2243 not.
319 2217 428 2254 exeg.
663 2203 842 2239 laudatur
869 2205 994 2252 potius
1025 2203 1148 2240 Goth.
1179 2203 1280 2244 Jens.
1311 2202 1403 2251 (tac.
1442 2204 1577 2249 Gesn.)

264 2307 303 2345 6.
363 2303 604 2355 ostendenda.
647 2306 732 2344 vid.
775 2317 859 2344 not.
917 2318 1034 2354 „aum-
1079 2307 1108 2342 si
1141 2306 1224 2343 illis
1254 2305 1477 2356 indulgeas,
1507 2303 1574 2344 ne*—

206 2364 294 2401 crit.
917 2363 1129 2413 „gligenda
1150 2364 1197 2399 sit
1216 2364 1343 2399 causa:
1366 2375 1461 2399 tunc
1482 2364 1577 2400 huic

255 2419 418 2470 sianum
431 2417 487 2468 sit
499 2432 545 2455 ex
555 2419 699 2457 duobus
716 2422 859 2471 eligen-
916 2422 1080 2470 „putius
1099 2434 1216 2471 quam
1236 2421 1312 2457 sibi
1331 2420 1488 2457 laudem
1508 2435 1576 2472 pa·

205 2479 306 2515 dum.
372 2479 491 2513 Unum
523 2476 551 2513 i.
577 2491 700 2515 unum
721 2479 858 2516 modo.
917 2478 1049 2520 „rabit
1064 2489 1197 2528 orator
1217 2491 1332 2517 verae
1351 2477 1482 2515 laudis
1500 2479 1575 2516 stu-

204 2535 278 2579 „si
300 2535 408 2570 eausa
428 2544 508 2569 tota
545 2547 592 2570 ex
618 2534 669 2572 iis
691 2546 856 2577 tantum,
916 2535 1120 2576 „diosus.“

201 2605 334 2641 „quos
355 2592 464 2640 supra
487 2594 541 2639 (§·
555 2589 616 2640 5.)
640 2593 856 2641 tetigimus,

202 2649 332 2694 „locis
359 2648 538 2698 pendeat,
572 2662 668 2698 quae
693 2663 856 2686 veneres
973 2651 1114 2685 Finem.
1130 2651 1574 2700 „Eventum.“sffl1.n.

203 2706 390 2750 „dicendi
436 2717 578 2762 parum
626 2706 854 2749 admittant,
915 2706 974 2744 cf.
1009 2707 1058 2743 ad
1081 2717 1117 2748 2.
1146 2716 1209 2753 ¹5·
1231 2707 1269 2750 6,
1289 2715 1330 2755 8,
1357 2718 1397 2754 5.
1423 2722 1486 2747 ιι.
