1779 3062
247 166 340 220 (ἰοί,
524 222 527 223 7
547 160 624 207 M.
660 131 810 208 ΕΑΒ.ῗ
833 160 1247 224 ρωΝΤιιῙΑΝι

242 288 360 336 lum
396 287 523 351 quia
562 287 709 337 aliud
749 284 809 336 in
838 288 954 337 ‘alio
1002 290 1167 354 magis
1208 287 1433 350 eminet,
1497 289 1590 340 sed.

242 364 393 430 quod
430 382 543 413 non
581 383 688 414 una
723 365 975 415 omnibus
1013 364 1186 415 forma
1216 366 1430 431 placu'it,
1466 383 1587 432 par-

240 443 340 490 tim
381 441 690 491 conditione
725 443 812 492 vel
854 438 1158 509 temporum
1198 444 1287 492 vel
1320 444 1585 502 locorum,

241 521 439 584 partim
497 518 702 580 judjcio
757 524 1015 586 cujusque
1078 530 1235 585 atque
1291 519 1588 587 propoflto.

196 618 221 654 5
243 597 426 653 Primi,
466 611 704 660 quorum
749 596 969 662 quidem
1006 613 1166 661 opera
1204 614 1317 647 non
1358 595 1588 646 vetusta-

239 674 308 722 tis
348 672 513 723 modo
555 673 718 739 gratia
757 672 973 724 visenda
1011 672 1150 732 sunt,
1191 674 1319 722 clari
1354 675 1587 739 pictores

241 743 392 801 fuisse
435 750 689 801 dicuntur
707 752 1034 821 Polygnotus
1058 761 1216 815 atque
1243 742 1589 820 Aglaophon,

241 845 479 893 quorum
516 827 738 897 simplex
778 831 926 880 color
964 841 1070 878 tam
1108 827 1192 878 sui
1214 826 1475 879 studiosos
1495 827 1603 877 ad*

239 904 350 971 huc
397 905 581 965 habet,
639 916 701 956 ut
746 907 840 955 illa
890 916 1060 974 prope
1101 905 1288 965 rudia,
1340 923 1397 955 ac
1434 906 1590 955 velut

356 1095 392 1121 2.
430 1086 493 1134 qui
523 1085 629 1121 aliud
659 1085 791 1122 Turic.
882 1086 920 1119 ιή
947 1084 1026 1120 αΖὶα
1056 1084 1190 1121 Turic.
1221 1083 1326 1120 Flor.
1357 1085 1456 1124 Jens.
1498 1086 1588 1129 (tac.

239 1142 368 1186 Gesn.)
402 1152 439 1177 et
473 1141 559 1178 edd.
590 1141 684 1190 post.
719 1152 805 1177 ante
835 1141 924 1176 Ald.
1162 1142 1261 1190 quod
1287 1155 1358 1178 uno
1390 1155 1488 1178 omn.
1506 1142 1588 1178 Tu·

237 1199 308 1234 xic.
340 1197 444 1233 Flor.
565 1200 692 1247 cuique
722 1198 857 1233 Turic.
895 1197 1002 1233 Flor-

355 1264 392 1297 5.
423 1251 574 1302 vetustis
601 1255 733 1289 Turio.
770 1254 876 1289 Flor.
995 1252 1167 1303 vzscenda
1208 1252 1344 1289 Turio.
1403 1251 1589 1302 mifienda

238 1310 343 1350 Voss'.
381 1326 415 1346 1.
451 1320 489 1355 5.
529 1310 720 1357 (Dixeris
759 1309 870 1346 fuiss‘e
911 1310 982 1358 qui
1022 1311 1157 1345 darent
1195 1323 1269 1345 non
1298 1307 1449 1358 vetustis
1476 1310 1588 1344 modo

235 1367 455 1417 miscenda.)
739 1365 839 1416 sunt.
874 1368 965 1403 'Sic
1004 1364 1138 1402 Turio.
1178 1367 1284 1403 Flor.
1318 1368 1450 1416 Camp.
1485 1365 1597 1405 Jens.'

237 1427 335 1471 (tac.
369 1421 498 1475 Gesn.)
529 1438 617 1460 cum
650 1423 736 1459 edd.
769 1435 854 1460 ante
887 1424 1000 1460 Leid.
1033 1437 1110 1459 acc.
1142 1423 1291 1461 Rollin.
1314 1423 1397 1472 fine
1425 1422 1584 1471 reliqui.

239 1491 313 1517 tum
337 1480 400 1531 sui
432 1481 562 1517 Guelf.
623 1479 759 1516 habeat
787 1481 891 1517 Flor.
926 1494 958 1518 c.
989 1480 1094 1516 Alm.
1271 1482 1340 1517 illa
1379 1493 1448 1530 pro
1478 1479 1589 1515 rudia

239 1640 326 1678 usus
341 1632 366 1673 ¹?
425 1640 531 1686 Quid
562 1639 592 1674 si
620 1637 889 1685 Quintilianus

241 1710 324 1734 eam
356 1708 535 1732 normam
569 1696 717 1730 secutus
742 1694 812 1734 est,
845 1704 890 1728 ut

239 1752 360 1802 §test-io
392 1768 440 1788 an
463 1753 662 1800 plurimum
684 1760 722 1785 et
749 1749 892 1786 similia

241 1804 346 1847 sensu
388 1808 646 1847 affirmativo,
688 1804 808 1855 nescio
839 1819 888 1841 an

241 1868 376 1906 isllum,
407 1879 471 1900 an·
492 1864 698 1901 enarrabile
730 1863 889 1909 (cujus-

241 1923 354 1961 modi
384 1922 505 1959 verba
534 1928 605 1971 per'
628 1921 663 1956 se
689 1933 769 1955 non
799 1919 890 1954 affe-

242 1991 391 2021 verant,
425 1980 486 2014 sed
510 1977 747 2022 extenuant)
775 1988 889 2024 nega-

241 2037 327 2073 tivo
350 2032 583 2086 usurparet?
644 2033 751 2080 Quin
772 2033 890 2067 inter·

243 2094 294 2130 est
347 2092 498 2142 aliquid
536 2092 638 2127 inter
675 2088 889 2138 simplicem

243 2151 512 2200 negationem,
563 2147 688 2197 qualis
722 2146 770 2180 est
810 2145 891 2180 nul·

244 2207 325 2248 lus,
359 2207 538 2255 quamvis
576 2217 647 2254 per
678 2201 798 2253 nescio
839 2217 890 2237 an

246 2265 470 2299 diffidenter
488 2262 690 2312 prolatam,
723 2270 759 2295 et
780 2257 889 2294 illam

248 2322 294 2356 de
326 2322 428 2356 ιιῗῑο
463 2318 776 2355 haesitationem:
839 2327 892 2351 at·

249 2389 324 2426 quc
358 2391 429 2425 ego
470 2376 579 2412 illam
617 2385 690 2422 pro
720 2373 792 2408 hac
822 2385 892 2422 po-

249 2434 378 2470 nendo
420 2434 564 2471 sensum
607 2431 786 2466 minuere
825 2442 892 2465 ve·

248 2504 345 2526 rear.

309 2549 491 2586 Ceterum
512 2559 570 2581 ars
591 2544 684 2585 ulla,
719 2543 803 2592 post
823 2555 895 2579 vo·

252 2618 335 2641 cem
360 2615 500 2644 orator,
542 2602 715 2639 breviter
747 2601 895 2636 dictum

254 2662 301 2697 est
323 2662 411 2699 loco
434 2662 528 2708 ejus,
552 2658 660 2708 quod
681 2656 834 2707 plenius
850 2656 899 2693 est

253 2718 390 2768 arcifex
413 2722 451 2756 in
479 2726 557 2754 arte
576 2716 665 2752 ulla.

1004 1648 1042 1682 5,
1096 1640 1189 1675 clari
1215 1641 1386 1687 pictores.
1448 1639 1496 1673 In
1525 1637 1591 1673 hio

947 1705 985 1731 et
1005 1696 1047 1730 in
1060 1695 1246 1732 statuariis
1266 1696 1335 1744 qui
1354 1707 1449 1731 mox
1458 1707 1592 1730 recen-

945 1753 1074 1787 [entur
1100 1753 1286 1788 faciemus
1307 1762 1350 1786 ut
1371 1751 1526 1787 Gesner.
1552 1759 1592 1786 et

945 1808 1108 1857 priores,
1142 1808 1407 1856 studiososque
1442 1806 1594 1856 ablega-¹

946 1865 1078 1901 bimus
1102 1866 1149 1900 ad
1163 1865 1283 1900 Plinii
1300 1863 1425 1901 libros
1443 1870 1509 1908 54.
1522 1871 1590 1907 35.

948 1932 986 1957 et
1018 1922 1065 1957 ad
1094 1921 1284 1958 Francisci
1311 1921 1423 1959 Junii
1443 1919 1594 1957 catalo-

947 1990 1042 2027 gum
1053 1978 1262 2014 Artificum
1275 1991 1285 2019 ;
1332 1977 1404 2012 nisi
1415 1977 1486 2013 ubi
1496 1976 1592 2011 haee

949 2035 1066 2071 etiam
1107 2033 1344 2069 adminicula
1376 2033 1490 2069 dubii
1521 2031 1595 2067 ali·

948 2092 1045 2140 quid
1066 2085 1309 2139 relinquunt,
1341 2100 1386 2125 ut
1405 2089 1528 2124 statim
1547 2088 1593 2124 in

946 2148 1087 2198 primis
1117 2146 1283 2182 duobus.

1004 2205 1261 2252 Polygnotum
1304 2202 1438 2238 filium
1478 2200 1594 2237 fuiffo

947 2260 1225 2309 Aglaophontz's
1241 2270 1381 2295 notum
1401 2271 1449 2294 ex
1466 2258 1594 2293 Simo-

948 2318 1050 2354 nidis
1073 2317 1192 2365 epigr.
1218 2329 1279 2366 ap.
1296 2316 1402 2351 Paus.
1429 2326 1492 2355 xo,
1525 2324 1594 2359 27.

950 2387 998 2410 ex
1018 2372 1113 2408 Plat.
1135 2374 1220 2408 lon.
1244 2386 1283 2422 pa
1307 2380 1402 2416 552.
1434 2384 1466 2407 e.
1487 2380 1524 2407 et
1545 2381 1594 2406 ex

949 2431 1082 2467 Dione
1103 2429 1238 2478 Chrys.
1262 2436 1325 2473 55.
1347 2428 1434 2463 init.
1459 2427 1529 2476 qui
1549 2427 1597 2462 fi·

951 2486 1037 2522 mul
1065 2496 1193 2521 narrat
1222 2499 1310 2521 eum
1336 2495 1446 2534 patre
1474 2483 1517 2519 in
1535 2483 1598 2532 pi·

952 2555 1061 2580 ctura
1096 2542 1277 2591 magistro
1307 2542 1429 2577 usum.
1490 2538 1598 2587 Quid

953 2600 1076 2649 igitur
1097 2599 1145 2635 est
1165 2612 1234 2648 cur
1260 2598 1387 2648 priori
1412 2596 1500 2633 loco
1522 2597 1596 2630 Po·

954 2656 1165 2705 lygnotum
1214 2663 1406 2691 memorat
1441 2650 1598 2700 Quinti·

955 2713 1082 2750 liunus
1102 2712 1180 2755 hic,
1202 2712 1272 2749 ubi
1290 2709 1476 2761 temporis
1497 2707 1598 2744 ratio
