1779 3062
630 633 1246 707 ADDENDA,

1533 786 1543 807 ,¹
1568 782 1587 817 ,3'

957 825 961 841 V

342 920 404 956 Ad
432 932 506 962 ιο,
541 933 556 955 1
575 945 586 961 ,
619 931 656 965 7.
690 923 856 972 Recepta
888 935 974 960 ante
1005 923 1276 973 Spaldingium
1307 915 1603 974 scripturaserat

255 978 377 1017 haec:
433 977 621 1027 Equidem
643 978 724 1029 scio
767 983 943 1029 quosdam
974 982 1126 1018 collecta
1157 996 1250 1031 quae
1283 982 1379 1017 idem
1402 981 1599 1037 significa-

253 1044 337 1069 rent
372 1035 554 1072 vocabula
583 1035 722 1085 solitos
752 1037 927 1085 ediscere,
965 1052 1078 1091 quam
1113 1038 1178 1074 hic
1207 1051 1362 1087 repeto,
1410 1029 1598 1091 quoniam

253 1104 339 1127 mea
371 1092 486 1127 etiam
517 1091 630 1141 culpa
661 1092 810 1140 aliquid
834 1095 1076 1130 obscuritatis
1100 1095 1142 1130 in
1166 1094 1386 1144 Spaldingii
1412 1093 1516 1130 notis
1538 1108 1597 1130 re-

251 1147 392 1184 lictum
425 1160 515 1184 erat.
589 1150 808 1186 Turicensis
848 1150 937 1187 loco
968 1151 1110 1186 horum
1151 1153 1327 1187 omnium
1359 1151 1452 1187 haec
1484 1152 1597 1188 dabat

252 1206 309 1241 Ec
338 1220 432 1256 quae
462 1207 559 1241 idem
581 1205 892 1254 significarentur
916 1207 1054 1256 solitos
1083 1207 1246 1255 edzsuere.
1318 1211 1360 1243 In
1393 1207 1455 1244 his
1486 1223 1592 1243 men-

250 1263 387 1299 dorum
419 1273 498 1299 erat
526 1264 739 1311 passivum,
789 1265 898 1309 cujus
938 1263 1025 1299 loco
1065 1265 1182 1300 ceteri
1212 1265 1391 1314 plerique
1422 1266 1594 1300 activum

250 1321 449 1357 exhibent.
513 1321 586 1356 Sed
619 1321 748 1356 deerat
778 1320 943 1356 verbum
975 1321 1147 1357 finitum.
1220 1324 1304 1360 Jam
1342 1330 1430 1357 cum
1451 1320 1594 1371 solitos

247 1376 404 1424 ediscere
431 1391 636 1428 perperam
667 1377 710 1413 in
739 1377 942 1413 nonnullis
973 1377 1025 1414 ita
1053 1379 1272 1415 distinctum
1307 1379 1395 1414 effet
1416 1376 1535 1427 solito
1547 1377 1593 1427 se

244 1434 393 1483 discere,
423 1435 501 1471 hoc
532 1436 687 1472 tandem
716 1435 839 1470 ansam
864 1435 972 1471 dedit
1002 1436 1203 1472 inserendo
1225 1437 1348 1473 verbo
1361 1434 1453 1486 scic,
1482 1436 1591 1484 quod

243 1489 323 1527 hoc
355 1494 517 1540 quidem
547 1492 636 1528 loco
667 1493 711 1527 in
741 1492 881 1541 scripto
912 1493 1025 1530 nullo
1061 1505 1270 1542 comparet.
1330 1493 1393 1528 Sic
1413 1503 1498 1528 nata
1517 1493 1589 1527 Ba-

242 1547 303 1583 dii
342 1550 528 1600 scriptura
567 1550 623 1586 Et
663 1564 757 1599 quae
804 1552 900 1586 idem
927 1549 1191 1600 sigmfficarent
1221 1550 1360 1599 solitos
1400 1548 1480 1599 scio
1529 1543 1585 1584 di'-

233 1602 349 1653 scere.
408 1609 518 1643 Hanc
546 1609 676 1653 itaque
706 1606 973 1655 Spaldingius‚
1011 1608 1084 1643 nisi
1122 1608 1228 1656 quod
1259 1622 1307 1643 ex
1336 1608 1484 1642 Turia·
1509 1606 1585 1644 edi·

233 1661 340 1711 scere
376 1664 654 1700 restituendum
683 1663 756 1698 sibi
787 1664 868 1703 effe*
890 1666 1073 1703 censeret,
1103 1665 1326 1713 praeposuit
1354 1663 1583 1711 subsequen·

239 1719 340 1754 tium
372 1720 590 1756 editionum
620 1719 831 1768 scripturae
862 1721 1045 1769 pleniori,
1081 1734 1197 1769 quam
1218 1722 1328 1769 supra
1351 1720 1474 1768 posui.
1504 1720 1583 1755 Ne-

238 1789 315 1824 que
348 1778 549 1826 quisquam
579 1776 757 1826 profecto
792 1778 945 1813 damnet
977 1777 1213 1825 religionem
1243 1777 1346 1817 viri,
1407 1786 1582 1824 repetere

234 1835 428 1872 verentis,
460 1847 557 1881 quae
589 1833 691 1868 unde
722 1831 908 1869 fluxerint
938 1847 1054 1870 nemo
1086 1834 1242 1870 dixerit.
1305 1832 1422 1880 Quod
1451 1841 1582 1867 autem

234 1902 255 1924 e
286 1889 489 1926 Philandri
515 1889 583 1925 illa
616 1890 687 1924 effe
719 1892 939 1937 conjectura
969 1891 1242 1939 suspicaretur,
1288 1891 1463 1925 animum
1497 1900 1578 1925 nou

231 1946 401 1983 advertit
419 1947 483 1982 vir
505 1947 676 1995 optimus
700 1946 745 1981 ad
766 1958 896 1983 notam
917 1946 1170 1996 marginalem
1186 1946 1403 1983 Bafileenfis
1418 1948 1571 1988 (1541ς

229 2015 278 2038 an
309 2003 543 2051 antiquioris
575 2003 689 2038 etiam
728 2011 852 2051 1529,
893 2004 1047 2050 nescio)
1078 2003 1197 2040 hanc:
1257 2005 1428 2050 „Longe
1460 1993 1571 2036 aliter

223 2057 351 2107 ..legit
379 2059 478 2096 hanc
507 2060 716 2107 periodum
745 2061 915 2097 vetustus
944 2061 1067 2096 codex
1080 2066 1103 2083 ‘⁸
1157 2065 1204 2104 [e
1240 2059 1402 2095 Polonia
1434 2057 1481 2093 ad
1509 2056 1566 2092 Si-

227 2114 415 2151 chardum
448 2116 598 2158 missus]
629 2127 693 2156 „et
721 2116 798 2164 ipse
828 2117 973 2159 Aldus;
1007 2119 1108 2153 unde
1130 2131 1210 2153 non
1229 2117 1451 2152 dubitamus
1471 2113 1567 2161 quin

225 2185 272 2211 „a
301 2173 501 2209 neoterico
532 2172 599 2208 hic
638 2172 748 2209 locus
788 2173 834 2209 fit
863 2175 1104 2210 conve1·sus“.
1138 2174 1243 2209 Hinc
1269 2182 1434 2221 apparet,
1466 2169 1565 2204 Basi-

223 2227 387 2264 leensem
420 2230 609 2265 editorem
639 2228 737 2264 hanc
767 2229 991 2280 scripturam
1031 2244 1110 2267 non
1142 2241 1322 2278 tanquam
1353 2226 1566 2266 Philandri,

223 2286 334 2331 cujus
367 2285 628 2334 castigationes
659 2287 701 2321 in
731 2285 859 2322 fronte
889 2286 985 2322 libri
1014 2287 1224 2336 promittit,
1255 2284 1566 2321 emendationem

222 2341 429 2390 adoptasse,
461 2342 523 2377 sed
553 2342 596 2378 in
628 2342 741 2378 editis
771 2343 847 2389 jam
879 2344 1080 2392 reperisse:
1128 2343 1469 2393 quaerendumque
1499 2340 1564 2376 ad-

219 2395 311 2438 huc,
342 2399 385 2434 in
417 2411 586 2447 quonam
619 2399 748 2446 primo
782 2411 1002 2449 compareat
1033 2399 1112 2436 illa.
1149 2402 1193 2434 In
1227 2399 1403 2434 breviori
1435 2409 1562 2434 autem

217 2451 286 2487 illa
317 2455 504 2504 scriptura
535 2455 649 2490 valde
679 2468 741 2492 me
773 2457 936 2492 offendit
955 2457 1143 2504 particula
1167 2465 1203 2491 et
1226 2455 1265 2490 in
1286 2455 1427 2496 fronte,
1451 2467 1560 2503 quae,

217 2521 306 2544 cum
333 2524 406 2559 pro
438 2513 550 2547 etiam
582 2511 653 2547 effe
683 2525 752 2560 per
783 2513 928 2548 sensum
957 2525 1037 2547 non
1068 2513 1196 2561 poss'it,
1224 2525 1296 2560 pro
1318 2511 1456 2561 copula
1479 2522 1561 2547 tan-

213 2574 298 2600 tum
329 2567 377 2602 est
405 2567 594 2603 habenda.
633 2569 760 2616 Atqui
791 2570 981 2605 rationem
1016 2569 1137 2605 statim
1175 2569 1246 2605 sibi
1279 2569 1560 2617 repudiandam

210 2622 372 2658 monitis
414 2624 490 2659 suis
530 2638 600 2672 per
642 2633 679 2661 et
714 2624 965 2674 subjungere,
1015 2639 1078 2660 me
1108 2626 1261 2672 judice,
1308 2638 1386 2661 non
1423 2625 1556 2673 potuit

211 2677 492 2722 Quintilianus.
525 2681 665 2729 Neque
695 2679 818 2729 placet
839 2681 995 2730 solitos,
1027 2683 1217 2731 suppresso
1250 2682 1419 2728 subjecto
1449 2695 1554 2731 quos·

205 2732 305 2770 «Iam.
368 2735 441 2771 Sed
473 2738 724 2785 quantumvis
755 2749 859 2774 recte
887 2738 950 2775 his
982 2739 1176 2781 offendar,
1222 2751 1467 2787 nequaquam
1498 2748 1550 2774 ta·
