1779 3062
433 121 600 168 INST.
636 123 918 169 ORATOR.
951 122 1078 168 LIB.
1114 122 1224 178 XII,
1262 138 1310 182 9.
1447 122 1540 169 601

194 251 301 300 tius
336 247 503 307 stilo‚‘
545 248 657 314 quo
696 246 910 299 facilius
949 259 1001 299 et
1039 250 1310 300 omittitur
1352 249 1549 314 cogita-

194 328 289 383 tio,
319 335 370 373 et
398 325 724 375 transfertur.
806 326 909 376 Sed
942 326 1054 384 sive
1082 328 1142 377 in
1173 325 1549 393 respondendo

193 401 360 452 fuerit
401 401 576 454 subito
616 403 935 464 dicendum,
986 403 1097 454 ¹[ive
1127 422 1263 471 quae
1295 406 1395 453 alia
1431 400 1565 453 exe-'-

191 482 329 547 gerit
366 483 516 537 ratio,
542 495 823 543 nunquam
859 481 1164 546 oppressum
1195 482 1338 531 [eac
1361 482 1550 548 depre-

189 557 422 607 hensum
456 557 637 606 credet
662 566 869 614 orator,
920 559 1009 607 cui
1040 557 1321 625 disciplina
1358 570 1412 608 et
1444 559 1561 609 stud·

193 635 352 685 dium
385 646 437 684 et
469 635 773 684 exercitatio
811 633 1020 684 dederit
1056 635 1197 686 vires
1233 637 1395 685 etiam
1425 636 1553 686 faci-

193 713 382 763 litatis:
426 730 697 779 quemque
737 722 997 762 armatum
1028 711 1265 781 semper,
1308 732 1366 763 ac
1396 716 1553 764 velut
1585 728 1628 757 21

193 792 256 841 in'
288 793 573 856 procinctu
601 789 843 849 stantem,
880 807 995 839 non
1025 793 1194 858 magis
1227 804 1473 857 unquam
1495 794 1556 841 in

196 868 365 918 causis
399 870 602 926 oratio,
643 885 805 934 quam
838 870 897 918 in
931 868 1091 918 rebus
1129 870 1461 934 quotidianis
1497 888 1556 918 ac

196 945 499 996 domesticis
541 945 715 995 sermo
759 942 1002 1006 deficiet;
1081 963 1180 996 nec
1223 946 1275 995 se
1312 965 1558 1013 unquam

194 1034 417 1092 propter
444 1025 549 1074 hoc
580 1026 730 1074 oneri
764 1023 1062 1083 subtrahet;
1138 1024 1305 1074 modo
1335 1024 1402 1074 fit
1437 1043 1562 1075 cau-

184 1100 276 1150 sae
323 1100 603 1154 discendae
637 1113 882 1170 tempus:
962 1119 1092 1152 nam
1135 1114 1306 1153 cetera
1354 1102 1560 1171 [emper

194 1178 336 1230 fciet.

196 1326 297 1366 Jens.
331 1336 369 1362 et
399 1324 485 1362 edd.
516 1323 608 1373 post.
642 1334 729 1360 ante
761 1324 850 1361 Ald.
996 1336 1032 1363 et
1053 1324 1136 1376 sive
1166 1326 1272 1364 Flor.
1305 1337 1343 1364 et
1366 1327 1452 1378 sine
1482 1329 1561 1365 Tu·

198 1385 269 1419 ric.
323 1382 394 1433 sed
418 1382 501 1432 sive
534 1380 801 1430 respondendis
832 1383 930 1423 Jens.
975 1385 1051 1430 (de
1084 1385 1224 1420 omiffo
1258 1387 1295 1420 in
1325 1397 1396 1422 tac.
1429 1386 1561 1430 Gesn.)

199 1442 318 1477 Tarv.
372 1440 521 1490 fuerint
551 1438 682 1474 Guelf.
977 1443 1054 1477 alia
1085 1444 1260 1490 exegerit.
1323 1444 1387 1479 Sic
1427 1444 1561 1480 Turic.

198 1497 306 1534 Flor.
341 1499 479 1546 Camp,
547 1497 602 1530 ita
642 1496 818 1533 inserunt
856 1498 1017 1547 reliqui.
1146 1513 1224 1534 non
1266 1515 1361 1550 quae
1402 1499 1563 1550 preffum

198 1555 334 1591 Turic-
365 1555 470 1590 Flor.
535 1566 608 1588 non
636 1552 796 1603 preffum
831 1555 950 1591 Goth.
979 1557 1043 1599 (de
1065 1570 1139 1592 non
1162 1567 1232 1592 tac.
1259 1558 1390 1602 Gesn.)
1423 1560 1560 1606 Camp.

198 1610 301 1658 (nisi
339 1612 447 1663 quod
485 1624 554 1660 per
590 1612 661 1655 ae)
707 1624 738 1647 c.
777 1612 884 1650 Voff.
922 1622 958 1649 2.
1032 1625 1222 1664 nunquam
1257 1613 1418 1664 preffum
1458 1614 1564 1650 Alm.

199 1669 303 1710 Vall.
346 1669 446 1710 Jens.
486 1680 525 1705 et
565 1668 650 1705 edd.
690 1668 785 1717 post.
822 1680 908 1705 ante
940 1670 1028 1707 Ald.
1103 1684 1180 1706 non
1211 1670 1425 1723 oppreffum
1454 1671 1563 1710 Voff.

204 1739 240 1764 ι.
273 1736 311 1772 5.
334 1729 451 1763 Bern.
511 1729 738 1762 Pronomen
762 1724 807 1775 se
840 1727 1022 1763 omittere
1055 1727 1200 1762 dicitur
1225 1726 1328 1763 Alm.
1394 1729 1494 1763 Mox
1522 1743 1566 1764 ac

203 1783 412 1834 depreffum
442 1784 574 1820 Turio.
608 1781 729 1818 Goth.
773 1786 864 1827 (tac.
895 1785 1037 1830 Gesn.)
1077 1785 1213 1832 Camp.
1251 1796 1282 1821 e.
1314 1784 1420 1822 Voss‘.
1458 1797 1492 1821 1.
1526 1795 1564 1824 2.

203 1840 308 1878 Vall.
337 1843 472 1878 Locat.
502 1843 603 1879 Ven.
664 1852 706 1874 ac
748 1839 966 1889 deprensum
1003 1840 1104 1879 Jens.
1143 1841 1261 1876 Tarv.
1323 1841 1398 1877 Sed
1430 1841 1561 1878 Guelf.

205 1895 302 1934 haec
343 1899 476 1934 omnia
514 1910 775 1947 nunquam—
796 1906 924 1933 orator
964 1911 1045 1934 om.
1161 1911 1242 1932 cum
1273 1911 1345 1947 pro
1378 1901 1436 1933 cui
1465 1899 1565 1938 Jens.

208 1953 300 2006 (tac.
333 1956 465 2002 Gesn.)
584 1964 620 1990 et
651 1965 737 1989 ante
772 1967 887 1990 exerc.
921 1968 999 1991 om.
1035 1955 1169 1991 Turio.
1203 1954 1331 1991 Guelf.

325 2023 393 2050 21.
452 2014 572 2062 magis
611 2012 1014 2061 quamquam‘Tm-ic.
1056 2011 1161 2048 Flor.
1290 2021 1443 2061 propter
1487 2026 1569 2050 om.

186 2064 341 2108 'Guelfi
454 2079 606 2120 praeter
635 2069 703 2104 hoc
729 2069 847 2104 Goth.
878 2072 978 2114 (taes
994 2070 1127 2115 Gel'n.)
1245 2069 1423 2105 dicendae
1446 2070 1570 2119 [phal-

207 2140 272 2164 ma
302 2127 456 2177 Gryph.
492 2132 611 2174 1544.
653 2126 762 2175 quod
803 2127 960 2164 transiit
997 2127 1041 2163 in
1075 2125 1310 2177 posteriores
1350 2138 1435 2163 ante
1469 2126 1568 2166 Obr.

211 2185 400 2236 quodque
430 2185 591 2236 repetiit
620 2184 706 2233 Rip,

214 2345 351 2381 ceteris
367 2344 579 2381 utilitatem
594 2345 730 2394 capiat,
755 2343 865 2380 nulia
922 2357 996 2380 nus
1016 2344 1200 2380 idoneam
1233 2343 1407 2392 agnoscas
1437 2353 1476 2380 et
1504 2345 1567 2382 de-

216 2415 314 2451 quae
335 2403 469 2437 ceteris
482 2415 564 2438 non
584 2402 783 2451 impertiat
795 2401 866 2436 ali-
923 2401 1014 2442 leasss,
1030 2412 1095 2437 aut
1114 2402 1156 2436 in
1178 2399 1488 2438 commodiorem
1507 2401 1567 2440 lo·

215 2459 328 2508 quid,
360 2460 468 2507 quod
487 2459 565 2494 fine
587 2458 668 2495 illis
682 2470 866 2508 tanquam
924 2472 1014 2494 cum
1041 2458 1259 2495 transferas.

215 2515 360 2552 inutile
381 2515 645 2563 abjiciendum
668 2516 729 2552 est.

277 2582 344 2608 20.
382 2572 653 2621 facilius—et
693 2572 866 2621 transfer·
970 2571 1055 2622 sive
1077 2588 1172 2623 quae
1192 2573 1283 2609 alia.
1306 2574 1448 2609 Forma
1474 2588 1568 2624 quae

217 2639 288 2666 tur.
352 2629 480 2666 Facile
505 2631 622 2672 enim,
655 2630 750 2666 dum
778 2632 866 2666 scri·
925 2630 1038 2667 alteri
1057 2645 1130 2680 qua
1148 2630 1216 2668 hic
1235 2629 1398 2681 praelata
1429 2631 1480 2669 ob
1502 2645 1567 2669 eu-

217 2698 284 2738 pta
301 2687 458 2738 relegis,
489 2688 771 2738 cogitationem
791 2689 868 2726 mi-
925 2687 1131 2740 phoniam.
