1779 3062
169 155 269 218 ’με
641 122 1077 201 Α’ΉϋΕΝῠΑ.’

282 283 409 318 Restat
445 293 491 318 ut
518 294 721 324 moneam,
761 281 896 318 virum
928 279 1243 322 eruditiffimum,
1277 283 1348 331 qui
1380 285 1519 320 Sueto·

164 342 278 379 nium
308 338 579 374 Ernestianum
613 339 829 375 auctiorem
860 338 1099 387 procuravit,
1144 339 1187 373 in
1216 338 1351 374 notula
1381 341 1429 375 ad
1458 341 1517 377 lo-

165 411 256 433 cum
296 398 407 445 supra
448 396 646 431 laudatum
686 396 926 431 festinantius
966 395 1100 443 scripta
1141 394 1184 429 in
1215 407 1387 431 errorem
1417 397 1517 433 inci·

165 454 281 495 diffe,
327 466 445 501 quem
481 454 522 488 in
562 453 818 488 studiosorum
852 453 1016 501 gratiam
1045 451 1111 487 vel
1144 450 1235 487 ideo
1265 461 1422 501 tangere
1452 454 1516 490 de-

162 509 252 550 beo,
285 509 393 558 quod
425 520 525 545 tanta
557 510 698 545 merito
731 509 781 544 est
810 508 892 544 viri
921 508 1029 545 illius
1061 510 1161 557 apud
1190 521 1324 544 omnes
1345 519 1389 545 ut
1410 510 1515 559 apud

161 581 225 602 me
255 567 379 617 i'pI'urn
413 567 635 602 auctoritas.
697 568 800 603 Nam
834 579 921 602 cum
955 566 1006 601 ait
1036 565 1169 602 solitos
1201 565 1271 601 effe
1303 564 1515 615 plerosquo

161 625 313 672 „magis
340 622 445 671 ‘infra
474 623 596 659 latum
633 622 825 659 clavum“
855 622 974 671 cingi,
1005 635 1120 670 „quo
1151 622 1394 671 conspectior
1422 622 1515 659 effet

161 680 295 723 „clavi
325 680 528 721 laticudffl,
562 681 756 717 Caesarem
789 691 922 716 contra
953 679 1007 714 ita
1039 678 1179 721 fecisse.
1214 688 1257 714 ut
1287 678 1513 716 clavusftu·

158 731 270 773 nicae
304 750 426 786 prope
459 744 662 785 tegeretur;
718 737 960 773 manifestum
993 735 1041 770 cst
1071 736 1248 772 accidiss'e
1277 737 1335 777 ei,
1388 747 1432 772 ut
1464 735 1513 771 de

160 793 351 843 clavolin
392 793 636 843 transversum
677 803 783 830 eunte
822 794 1028 843 cogitaret:
1091 793 1199 842 quod
1236 793 1341 838 [ecus
1379 792 1514 831 fuiffe.

157 851 340 903 profecto
381 864 463 887 non
505 864 578 900 ego
619 851 775 888 doctior
815 851 959 890 doceo,
1019 850 1083 886 sed
1130 849 1249 900 longe
1294 849 1515 886 doctiorem

157 914 321 944 monem

239 1014 242 1025 ¹
277 1021 340 1060 Ad
376 1035 439 1061 11,
473 1031 511 1065 5,
546 1028 636 1065 175.
680 1020 937 1058 Commiss‘um
968 1020 1035 1056 hie
1071 1018 1120 1056 est
1151 1033 1170 1055 a
1200 1021 1276 1060 me,
1307 1030 1353 1056 ut
1383 1019 1513 1056 textui

158 1091 241 1115 non
271 1090 374 1115 recte
405 1079 659 1127 respondeant
688 1089 801 1114 notae
833 1077 1061 1126 Spaldingii.
1097 1077 1201 1113 Nam
1233 1090 1320 1112 cum
1350 1087 1426 1113 tres
1458 1077 1511 1112 el'-

156 1136 239 1172 sent
266 1136 497 1184 scripturae,
539 1149 704 1184 quarum
737 1137 836 1171 ratio
867 1134 1042 1170 habenda
1075 1134 1187 1173 erret,
1228 1133 1386 1182 vulgata
1418 1133 1508 1170 haec

157 1193 384 1228 —dicenda
402 1191 512 1242 sunt,
543 1191 723 1227 codicum
756 1191 845 1226 haec
865 1211 920 1219 —
940 1191 1134 1227 dicendum
1166 1187 1236 1237 est,
1271 1189 1510 1239 Spaldingii-

157 1264 235 1300 que
266 1249 489 1295 conjectura
521 1250 661 1284 hoc—-
684 1248 879 1284 dicendum
911 1244 983 1294 est,
1016 1248 1095 1297 ipse
1127 1245 1379 1295 Spaldingius
1410 1247 1511 1282 hanc

155 1307 319 1356 quidem
352 1306 480 1341 textui
511 1306 776 1342 destinaverat.
838 1304 946 1339 Mihi
985 1315 1113 1340 tamen
1145 1303 1268 1339 tutius
1301 1303 1511 1340 videbatur

154 1362 377 1412 relinquere
409 1362 608 1412 vulgatam
643 1372 680 1397 et
712 1363 757 1397 de
788 1360 953 1408 reliquis
985 1362 1027 1396 in
1058 1361 1163 1396 notis
1194 1373 1378 1402 monere,
1413 1373 1508 1409 quas

154 1419 345 1469 vulgatae,
379 1430 422 1455 ut
451 1420 575 1460 vides,
609 1418 799 1467 adaptavi.
842 1419 982 1455 Nescio
1016 1419 1148 1466 itaque
1180 1417 1250 1466 qui
1280 1418 1422 1453 factum
1450 1417 1508 1458 sit,

153 1488 200 1513 ut
229 1477 410 1513 codicum
451 1477 677 1525 scripturam
719 1475 847 1511 textui
886 1475 1155 1511 immitterem.
1223 1475 1367 1515 Nunc,
1407 1474 1509 1524 post-

152 1548 269 1583 quam
301 1534 347 1570 de
380 1548 425 1570 eo
458 1535 622 1574 monui,
670 1546 751 1568 non
783 1532 878 1567 adeo
910 1531 1058 1567 malum
1092 1532 1153 1566 est.
1227 1532 1355 1578 Quare
1386 1532 1433 1568 de
1462 1543 1507 1565 re

149 1588 227 1644 ipsa
258 1593 336 1638 jam
367 1590 606 1627 videbimus.
669 1591 823 1637 Nempe
854 1600 941 1624 ante
971 1601 1043 1623 nos
1073 1588 1168 1623 haec
1198 1588 1318 1624 verba
1345 1585 1505 1630 „misel-

150 1648 240 1690 „lus
266 1659 303 1685 et
324 1646 616 1696 pauperculus“
646 1657 691 1682 ut
722 1657 759 1681 et
793 1646 887 1680 haec
918 1644 1059 1686 „fortis
1093 1655 1130 1680 et
1159 1644 1369 1681 vehemens
1391 1656 1429 1680 et
1449 1643 1504 1679 la·

149 1711 269 1749 ,‚tro“
305 1705 359 1741 ita
389 1704 531 1740 litteris
563 1702 911 1751 distinguebantur,
941 1711 986 1737 ut
1016 1700 1178 1749 copulae
1212 1714 1369 1749 quoque
1400 1710 1504 1737 et—·-

151 1772 302 1799 et—et
333 1763 471 1798 eodem
501 1773 581 1809 quo
613 1760 774 1795 nomina
805 1758 1023 1794 charactere
1047 1758 1241 1806 expressae
1267 1758 1394 1794 effent.
1423 1759 1503 1794 Ne·

151 1833 227 1869 que
260 1818 471 1868 quicquam
502 1829 639 1853 contra
671 1825 807 1852 monet
836 1817 899 1864 Sp.
933 1815 1079 1850 Omnes
1108 1815 1240 1863 itaque
1271 1828 1387 1850 unam
1417 1828 1503 1850 ver-

150 1875 294 1913 borum
327 1874 649 1925 complexionem
691 1879 774 1909 ‘tum
814 1871 969 1908 inillis
1009 1885 1055 1906 m.
1100 1881 1135 1906 et
1164 1885 1204 1920 p.
1246 1882 1329 1907 tum
1367 1871 1411 1906 in
1440 1871 1503 1907 his

142 1932 180 1982 f.
214 1943 251 1970 et
281 1949 315 1970 v.
349 1942 385 1969 et
415 1932 440 1967 l.
475 1941 734 1980 agnoverunt.
801 1929 919 1977 Quod
951 1929 1053 1964 secus
1085 1927 1155 1963 esse
1186 1929 1263 1978 ipsa
1289 1942 1348 1964 res
1379 1928 1502 1968 docet,

150 2003 239 2027 cum
273 1989 420 2039 lingula
451 1988 570 2024 verba
601 1988 717 2024 etiam
749 1988 850 2022 suam
882 1986 1024 2021 habere
1049 1985 1413 2034 pronuntiationem
1435 1985 1502 2020 do—

151 2061 237 2084 cere
270 2048 370 2084 velit
401 2049 474 2096 Qu.
498 2046 630 2097 ¹immo
663 2046 736 2080 tria
766 2043 976 2092 posteriora
1018 2041 1137 2077 verba
1168 2055 1216 2077 ne
1250 2049 1387 2077 coeant
1417 2041 1504 2090 qui-

152 2105 240 2141 dem
271 2105 383 2141 bene.
449 2103 554 2138 Haec
585 2101 845 2138 consideranti
876 2097 1066 2148 singulare
1098 2100 1164 2135 hoc
1193 2111 1331 2148 parum
1362 2098 1503 2147 proba-

151 2151 281 2205 bitum
345 2158 452 2210 quod
474 2155 542 2194 *fic
582 2158 654 2195 soli
693 2158 786 2194 voci
827 2155 988 2206 misellus
1018 2156 1292 2205 applicandum
1325 2165 1361 2190 et
1392 2154 1505 2203 quin-

153 2218 264 2269 quies
294 2230 424 2258 mente
456 2216 709 2264 repetendum
743 2215 840 2250 esset.
909 2215 996 2248 Hoc
1026 2213 1156 2261 itaque
1188 2211 1265 2247 sine
1294 2210 1410 2246 libris
1441 2209 1503 2244 ad-

151 2277 307 2313 mittere
339 2277 490 2312 veritus
523 2275 615 2309 sum.
688 2272 851 2307 Interim
885 2270 973 2320 quis
1005 2280 1137 2305 contra
1169 2265 1293 2303 libros
1327 2267 1500 2316 optimos

152 2344 189 2368 et
218 2321 370 2370 tantum
401 2345 482 2368 non
516 2343 650 2381 ornnes
676 2328 819 2366 servari
849 2327 948 2364 velit
978 2324 1182 2374 vulgatum
1216 2322 1502 2372 dicendasunt?

153 2391 207 2425 Ita
228 2379 779 2440 peritioribus*cogitandum
811 2384 1015 2432 relinquo,
1069 2395 1197 2417 annon
1235 2382 1277 2416 in
1308 2381 1379 2416 hac
1411 2379 1500 2415 [cri-

149 2458 264 2498 ptura
294 2443 530 2496 agnoscenda
556 2445 603 2479 fit
630 2443 757 2480 rarior
786 2440 853 2477 illa
886 2441 1022 2489 utique
1061 2439 1100 2474 in
1135 2437 1265 2475 latinis
1297 2438 1498 2478 structura,

150 2516 225 2554 qua
253 2502 513 2548 accusativum
543 2500 647 2549 regit
673 2499 830 2537 verbale
860 2508 1041 2535 neutrum
1074 2496 1115 2530 in
1146 2496 1244 2531 dum.
1299 2494 1358 2529 Cf.
1393 2495 1498 2528 Heu·

150 2560 244 2609 ling.
289 2572 328 2596 et
367 2551 514 2597 Gernh.
555 2558 604 2594 ad
643 2558 724 2595 Cic.
757 2556 835 2591 Off.
872 2568 911 2596 ι,
944 2560 1012 2598 31.
1051 2553 1083 2597 §.
1132 2563 1224 2589 112.
1266 2551 1335 2600 qui
1371 2561 1499 2584 tamen

147 2613 230 2654 non
260 2609 364 2654 recte
393 2626 559 2653 'utuntur
589 2612 769 2664 exemplo
801 2611 936 2649 famil.
970 2617 1006 2654 5,
1036 2620 1097 2653 17.
1135 2620 1229 2645 extr.
1261 2608 1332 2644 ubi
1358 2618 1500 2642 verum

151 2672 203 2710 est
226 2671 468 2722 ‘gerundium
496 2673 570 2716 (ad
598 2671 824 2712 levandum),
860 2669 970 2715 cujus
1002 2667 1149 2703 diversa
1183 2664 1232 2700 est
1248 2665 1360 2700 ratio.
1394 2664 1497 2715 Con·

150 2731 298 2767 feratur
329 2731 446 2767 etiam
476 2740 595 2767 notus
628 2729 829 2766 Ciceronis
858 2725 971 2762 locus
1000 2726 1087 2761 Sen.
1118 2733 1155 2759 2.
1198 2722 1300 2760 viam
1329 2721 1497 2768 longam,
