1779 3062
424 184 590 231 INST.
628 185 905 232 ORATOR.
945 188 1065 232 LIB.
1102 187 1175 232 XI
1185 222 1198 244 ,
1233 199 1276 243 3.
1408 199 1503 247 371

174 326 289 362 cere
313 310 460 360 domi
484 309 693 358 solebat.
746 310 832 358 Est
863 314 1077 361 interim
1107 325 1159 362 et
1193 315 1411 380 longus,
1452 327 1504 365 et
1527 325 1577 364 55

171 389 391 455 plenus,
436 399 487 435 et
525 388 696 436 clarus
736 385 854 436 satis
892 387 1134 454 spiritus,
1183 409 1294 440 non
1329 403 1504 442 tamen

168 465 355 515 firmae
380 465 708 522 intentionis,
736 463 966 529 ideoque
989 468 1276 517 tremulus:
1309 479 1371 516 ut
1390 487 1505 518 cor-

143 538 312 609 'pora‚
343 558 476 606 quae
504 540 712 607 aspectu
732 542 949 606 integra,
985 545 1161 593 nervis
1185 561 1372 610 parum
1394 544 1504 596 sus-

167 620 420 668 tinentur.
494 620 556 667 Id.
591 618 834 684 βρόγχον
868 621 1052 667 Graeci
1088 631 1291 670 vocant.
1371 625 1505 671 Sunt

167 697 265 760 qui
288 695 533 761 spiritum
565 714 688 746 cum
711 697 933 745 stridore
958 713 1052 760 per
1077 699 1338 746 raritatem
1375 699 1504 747 den-

165 774 305 821 tium
325 790 437 821 non
465 775 744 842 recipiunt,
779 772 869 822 sed
891 771 1171 821 resorbent.
1248 777 1382 822 Sunt
1409 778 1504 839 qui

168 850 646 908 crebro'anhelitu‚
687 862 739 899 et
770 848 1058 899 introrsum
1084 853 1238 899 etiam
1268 851 1401 899 clare
1423 851 1504 900 so-

163 937 349 984 nante,
388 927 668 975 imitentur
687 931 924 988 ]'umenta
950 943 1110 975 onere
1138 938 1188 974 et
1208 932 1333 992 jugo
1358 929 1504 977 labo-

162 1005 344 1051 rantia.
424 1004 582 1071 Quod.
605 1000 843 1052 affectant
870 1020 1114 1068 quoque,
1154 1014 1400 1067 tanquam
1423 1007 1504 1052 in-
1526 1015 1578 1058 56

160 1080 429 1129 ventionis
487 1082 638 1147 copia
687 1092 1009 1147 urgeantur,
1096 1084 1371 1147 majorque
1422 1083 1506 1132 vis

250 1253 313 1290 55.
348 1244 526 1296 βρᾶγχον.
562 1246 749 1282 Amb1·.2.
781 1241 1019 1281 BPAMON.
1050 1245 1177 1282 Guelf.
1201 1252 1355 1290 βκαμον.
1386 1248 1520 1284 Tarm-

159 1307 348 1350 βραγμον.
390 1305 421 1338 Ε
442 1302 698 1338 vetustissimis
727 1301 784 1335 nil
808 1301 965 1335 affertur
989 1302 1156 1337 diversae
1180 1304 1398 1350 scripturae.
1456 1305 1505 1340 Id.

160 1359 287 1406 ipsum
323 1361 429 1408 quod
455 1359 653 1394 Tarvisina
686 1358 769 1396 dat,
805 1357 991 1392 Gesnerus
1016 1359 1236 1403 conjectura
1261 1359 1383 1400 eruit,
1414 1373 1504 1396 cum

161 1415 289 1450 adhuc
310 1416 467 1463 quidem
491 1428 572 1451 vox
593 1415 658 1449 ista
683 1415 824 1449 Graeca
846 1413 1045 1461 incognita
1072 1415 1126 1455 sit,
1156 1425 1334 1463 repetens
1359 1415 1459 1451 illud
1483 1422 1504 1453 e

160 1471 251 1507 loco
275 1472 522 1520 Hippocratis
544 1471 659 1519 Epid.
680 1480 716 1513 7,
746 1483 762 1504 1
777 1485 809 1505 1.
832 1469 903 1504 ubi
926 1470 1011 1504 teste
1027 1471 1160 1506 Foesio
1180 1485 1253 1518 pro
1278 1474 1504 1519 βραγχώὸης

162 1529 275 1564 MSS.
297 1528 440 1563 habent
464 1528 696 1576 βραγμώδης.
755 1527 894 1573 Neque
925 1527 1028 1560 enim
1051 1527 1093 1561 in
1113 1525 1309 1574 βράγχῳ,-
1329 1539 1373 1562 ut
1394 1530 1502 1564 usur-

159 1594 293 1633 patum
324 1584 525 1619 videamus
558 1598 576 1617 a
609 1582 887 1631 scriptoribus,
927 1583 1054 1629 posse,
1104 1583 1147 1616 id
1185 1584 1293 1630 quod
1325 1583 1391 1618 hie
1419 1585 1501 1625 fiat,

160 1641 314 1687 agnosci
343 1641 506 1687 longum,
539 1640 699 1688 plenum,
722 1638 820 1688 saris
841 1638 978 1672 clarum
994 1638 1179 1685 spiritum.
1239 1639 1394 1674 Deinde
1414 1641 1501 1676 fon-

86 1739 89 1743 ⁴
161 1706 238 1732 tem
258 1696 444 1732 vocabuii
467 1694 637 1744 βραγμός
665 1708 753 1730 cum
775 1695 910 1730 eodem
932 1695 1066 1729 Foesio
1093 1696 1216 1730 censet
1235 1696 1305 1730 esse
1328 1699 1500 1744 βραχεῖν,

159 1754 266 1801 quod
298 1753 400 1801 apud
429 1752 666 1800 Hesychium
697 1752 880 1786 reddatur
902 1751 1057 1796 ὴχῆσαι,
1089 1755 1259 1793 ψοφῆσαι
1279 1752 1336 1800 (et
1355 1753 1500 1788 notjffi-

158 1821 268 1843 mum
298 1809 380 1843 [ane
409 1808 665 1843 Homericum
694 1806 871 1855 ἔβραχε);
919 1806 1020 1840 unde
1053 1806 1210 1841 deducit
1238 1808 1501 1854 significatum

158 1866 319 1904 sonum,
352 1863 476 1912 qualis
511 1878 530 1898 e
554 1862 710 1911 {iglinis
730 1862 882 1898 vitiosis
914 1872 950 1896 et
971 1861 1110 1896 rimam
1136 1863 1338 1909 agentibus
1367 1876 1500 1907 exeam

160 1934 328 1968 eumque
357 1920 422 1954 hic
450 1933 470 1954 a
498 1920 618 1955 Fabio
653 1919 825 1954 describi.
887 1920 992 1965 Quae
1012 1918 1138 1953 onmia
1159 1919 1244 1953 satis
1268 1919 1370 1954 mihi
1392 1919 1500 1956 blan-

161 1977 241 2012 diri
258 1977 390 2012 fateor.
471 1984 473 1986 ’
619 1977 723 2023 jugo.
749 1975 966 2021 F101·.]'uga
993 1973 1136 2019 (solito
1168 1987 1309 2016 errore,
1343 1976 1388 2010 de.
1419 1990 1498 2024 quo

160 2033 193 2077 §.
216 2033 318 2082 52.).
348 2032 449 2068 Alm.
485 2032 625 2067 honore
650 2046 722 2081 pro
753 2046 880 2073 onere,
920 2042 1059 2067 neutro
1089 2044 1268 2066 meorum
1300 2032 1499 2068 addicente

159 2089 228 2136 (cf.
255 2090 350 2137 53.).

197 2200 199 2203 v
250 2179 314 2224 56.
348 2181 536 2228 majorque
551 2200 599 2206 -—
612 2193 717 2228 quae.
734 2178 865 2214 Turio.
887 2177 991 2213 Flor.
1007 2179 1128 2223 major
1147 2177 1266 2227 quise
1287 2179 1499 2226 loquentiae

161 2239 351 2286 ingruacur
363 2238 481 2282 major
493 2250 595 2287 quae.
624 2239 684 2272 An
697 2236 797 2271 forte
808 2233 1036 2284 praetuleris
1057 2234 1171 2270 haec:
1197 2246 1304 2283 atque
1315 2237 1367 2270 vis
1378 2253 1433 2260 --
1444 2239 1498 2271 ἰη-

216 2389 281 2425 55.
312 2380 490 2430 βράγχοι).
520 2381 567 2417 cf.
589 2392 670 2417 not.
691 2382 774 2417 crit.
853 2381 914 2418 Ne
944 2380 1046 2433 illud
1077 2380 1234 2428 quidem
1266 2379 1498 2416 Oudendor-

216 2440 309 2474 Sunt:
331 2439 645 2486 qui—recipiunt
667 2459 724 2467 —
742 2453 796 2473 re·
853 2438 912 2485 pii
942 2438 1136 2472 decretum
1151 2462 1160 2475 ‚
1192 2437 1323 2471 verbis
1344 2437 1498 2483 opinio-

151 2494 585 2546 sorbent—imitentur.
609 2496 685 2531 Hic
699 2508 796 2544 quo-
854 2508 942 2529 nem
977 2505 1014 2529 et
1043 2493 1164 2528 sensus
1197 2493 1316 2527 animi
1348 2493 1496 2540 signifi-

158 2565 233 2601 que
256 2551 432 2600 religiose
455 2549 576 2586 libros
601 2551 798 2599 sequimur
855 2549 1030 2586 cantibus
1070 2549 1365 2594 conjunctivum
1411 2550 1495 2584 affi-

156 2607 326 2648 nostros,
359 2608 459 2641 miro
481 2607 601 2642 modo
623 2609 797 2655 primum
854 2620 994 2655 gnans,
1034 2606 1099 2640 hie
1132 2605 1344 2652 quidquam
1372 2605 1495 2653 profi·

156 2664 428 2703 indicativum,
468 2662 605 2698 deiude
635 2665 796 2710 conjun·
854 2676 937 2697 cere
967 2663 1095 2697 video.
1120 2662 1166 2696 cf.
1189 2674 1260 2696 nos
1292 2662 1339 2697 ad
1365 2675 1428 2702 ιι,
1455 2676 1492 2704 1,

156 2721 307 2784 ctivunm
328 2721 471 2757 dantes.
493 2719 539 2756 cf.
560 2732 655 2755 mox
674 2721 706 2766 §.
730 2721 794 2757 60.
855 2726 921 2764 82.
942 2729 979 2753 et
999 2731 1036 2766 9,
1061 2725 1097 2762 4,
1122 2726 1189 2762 55.

986 2797 1097 2832 Aa2
