1779 3062
393 101 558 146 INST.
605 100 888 149 ORATOR.
934 105 1054 148 LIB.
1100 105 1172 159 X,
1220 118 1266 151 2.
1412 118 1505 149 121

143 241 206 280 ut
247 245 364 278 non
412 245 495 277 res
549 226 976 293 fimplicissimae,
1058 249 1304 298 quaeque
1355 250 1506 300 pares

143 307 369 371 maxime
401 305 714 369 videamur,
754 306 948 369 utique
982 305 1291 358 discrimine
1322 312 1505 377 aliquo

142 384 524 432 discernantur.
634 382 785 431 Adde
834 382 987 446 quod
1034 387 1307 451 quidquid
1355 390 1507 438 alteri

141 461 310 510 [imile
331 460 420 519 est,
458 457 659 510 necesse
682 458 754 508 est
781 461 964 509 minus
991 459 1068 508 fit'
1088 480 1169 521 eo,
1210 465 1360 529 quod.
1384 468 1508 516 imi..

141 548 308 596 tatur,
349 549 408 588 ut
448 538 638 587 umbra
677 554 919 604 corpore,
961 549 1013 586 et
1049 540 1229 605 imago
1263 541 1415 601 facie,
1455 555 1508 593 et

142 627 286 665 actus
322 615 647 665 histrionum
686 616 828 664 veris
865 612 1154 666 affectibus.
1253 621 1415 688 Quod
1447 624 1508 671 in

143 694 476 744 orationibus
531 710 750 758 quoque
796 694 990 742 evenit.
1108 696 1360 760 Namque
1415 701 1509 758 eis,

140 788 276 836 quae
300 773 358 819 in
384 772 694 836 exemplum
721 768 1048 829 ‚alsumimuffi
1088 770 1264 821 subest
1301 785 1509 835 natura,

14 887 16 890 -
51 861 132 904 925
147 859 200 897 et
226 866 350 898 vera
372 849 482 898 vis:
525 859 708 898 contra
732 849 906 898 omnis
940 849 1170 900 imitatio
1192 849 1309 899 ficta
1328 851 1416 911 est,
1457 865 1510 903 et

11 841 18 881 ἶ]

16 889 19 988 ἱ
226 973 283 996 res·
306 959 601 1011 simplicffmae
625 981 676 988 —-
700 961 920 996 discrimine.
966 962 1029 998 Sic
1058 963 1191 998 Turio.
1222 963 1328 1001 Flor.
1372 966 1508 1014 Camp-

16 1002 20 1051 ἶ
141 1015 234 1064 (nist
257 1019 365 1067 quod
389 1018 454 1053 hic
475 1016 587 1067 quae)
620 1032 709 1053 cum
739 1017 840 1054 Alm.
864 1018 978 1053 Bodl.
1003 1020 1123 1055 Andr.
1147 1020 1255 1057 Bafil.
1281 1022 1342 1057 sed
1362 1023 1509 1071 postre-

11 1054 20 1155 j
141 1089 229 1112 mus
252 1075 402 1111 omittit
423 1078 557 1125 utique.
592 1075 689 1111 Obr.
714 1076 823 1116 item,
856 1075 918 1110 sed
946 1090 1019 1125 pro
1032 1076 1161 1126 simpl.
1187 1079 1251 1113 dat
1277 1077 1510 1127 simillimae,

18 1158 19 1163 ,
144 1143 184 1168 ct
214 1134 263 1168 fic
291 1143 469 1167 narratur
501 1131 635 1167 locum
669 1133 758 1168 dare
786 1134 900 1168 Bern.
963 1133 1036 1169 Sed
1074 1148 1092 1169 e
1128 1137 1234 1170 Voff.
1274 1151 1307 1172 1.
1350 1152 1377 1171 r.
1414 1151 1510 1185 quae

143 1188 408 1240 diffimillimae
435 1189 660 1224 videbantur
687 1191 866 1226 refertur.
927 1190 1091 1239 Reliqui
1119 1206 1147 1227 r.
1178 1206 1273 1241 quae
1287 1192 1510 1242 simillimae

143 1261 178 1282 v.
202 1246 236 1280 d.
261 1246 334 1280 nisi
361 1245 468 1294 quod
479 1246 577 1284 Jens.
604 1257 641 1281 et
660 1246 745 1281 rell.
769 1258 855 1281 ante
868 1246 955 1281 Ald.
977 1248 1324 1297 acc.Bad.G1·yph.
1345 1249 1512 1298 (1544.)

144 1303 319 1338 inserunt
350 1305 486 1351 utique,
518 1303 637 1338 Goth.
670 1314 798 1338 autem
830 1314 867 1337 et
889 1303 995 1340 Voff.
1025 1314 1059 1340 2.
1092 1306 1287 1347 videntur,
1327 1307 1510 1342 indicati·

143 1372 240 1394 vum
263 1359 419 1395 habent.
596 1360 858 1394 discernantur.
893 1360 1027 1396 Turio.
1060 1362 1280 1403 difflantur,
1316 1378 1335 1397 a
1361 1364 1428 1398 sec.
1453 1377 1510 1402 m.

145 1414 394 1466 diffecientur,
418 1427 453 1452 et
474 1417 521 1452 fic
536 1415 632 1451 Obr.
664 1418 714 1451 At
726 1415 830 1451 Flor.
858 1415 1085 1465 desinanch
1112 1432 1130 1452 a
1153 1420 1221 1454 sec.
1244 1433 1296 1456 m.
1320 1421 1509 1457 nostrum.

144 1474 234 1508 Hoc
260 1473 420 1521 quidem
451 1486 530 1508 non
554 1472 760 1507 ferendum
792 1472 908 1512 duco,
943 1473 992 1509 ob
1022 1474 1215 1521 ingratam
1252 1477 1375 1523 etymi
1395 1478 1510 1512 itera-

146 1529 296 1565 tionem
328 1530 537 1564 discrimine
568 1529 836 1564 discernantur.
895 1530 1035 1566 Latere
1062 1532 1232 1580 suspicor
1251 1533 1510 1571 distineancur.

146 1585 196 1624 cf.
220 1585 421 1622 Drakenb.
444 1586 491 1621 ad
514 1586 605 1621 Liv.
627 1591 665 1631 4,
698 1595 764 1633 59,
797 1595 834 1629 5.

238 1656 300 1679 11.
333 1640 384 1690 eft
406 1645 525 1678 minus
538 1641 594 1691 sit
613 1656 670 1678 eo.
695 1643 839 1680 Turic.
863 1656 892 1678 e.
916 1657 962 1678 m.
985 1656 1041 1684 eo,
1074 1657 1093 1678 a
1114 1644 1182 1679 sec.
1203 1660 1256 1681 m.
1290 1645 1361 1697 effe
1383 1662 1428 1683 m.
1454 1662 1512 1684 eo.

144 1701 261 1737 Bern.
286 1697 336 1748 efi
361 1699 431 1750 effe
455 1715 501 1735 m.
516 1698 573 1749 sit
596 1713 651 1736 eo.
674 1701 808 1749 Camp.
838 1715 867 1736 e.
892 1699 963 1750 effe
986 1715 1033 1736 m.
1059 1715 1114 1742 eo,
1139 1713 1176 1737 et
1196 1705 1244 1739 fic
1257 1704 1352 1740 Obr.
1374 1705 1514 1755 neceſje

145 1754 198 1805 efi
221 1757 370 1793 omittit
390 1756 520 1793 Guelf.
746 1767 782 1793 et
806 1759 931 1805 imago
956 1779 1010 1785 —
1034 1767 1070 1792 et
1091 1767 1206 1796 accus,
1249 1762 1382 1798 Turio.
1406 1762 1513 1799 Flor.

147 1814 339 1849 omittunt
371 1813 553 1863 copulam
578 1813 782 1849 secundam
815 1828 904 1851 cum
927 1814 1043 1856 Alm„
1078 1826 1284 1866 utramque
1308 1820 1440 1868 Camp.
1477 1830 1516 1855 et

146 1872 197 1906 fic
230 1870 327 1906 Obr.
579 1872 823 1908 orationibus.
891 1872 998 1912 Voff.
1036 1886 1070 1909 1.
1105 1881 1142 1916 3.
1193 1876 1377 1916 oratione,
1428 1875 1514 1912 soli.

147 1926 289 1962 Placet.
342 1927 554 1963 oratoribus
603 1928 756 1977 G³·yph·
1039 1932 1174 1966 evenit.
1226 1933 1361 1967 Turic.
1407 1932 1515 1969 Flor.

148 1982 190 2031 (a
218 1997 276 2033 pr.
312 1998 363 2020 m.
398 1985 582 2032 uterque)
609 1988 723 2021 venit.
958 1989 1021 2022 eis.
1071 1987 1134 2022 Sic
1166 1987 1271 2024 Flor.
1297 1990 1430 2038 Camp.
1464 1990 1521 2024 his

147 2040 278 2076 Guelf.
309 2040 471 2089 Reliqui
493 2043 549 2076 iis.
572 2042 618 2077 cf.
634 2049 671 2087 3,
706 2043 742 2084 6,
776 2043 840 2087 63.
877 2043 913 2084 6,
952 2057 986 2086 1,
1022 2056 1058 2092 9.
1294 2045 1521 2096 aſjhnzirizus.

147 2096 253 2134 Flor.
297 2097 532 2147 absumimus.
582 2099 712 2136 Guelf.
756 2099 936 2150 sumimus
981 2114 1072 2136 cum
1106 2101 1215 2138 Voff.
1252 2115 1286 2138 1.

238 2186 384 2219 natura,
427 2186 464 2213 et
503 2192 603 2215 vera.
655 2180 790 2215 Turio.
830 2190 1005 2217 naturam
1051 2190 1089 2216 ec
1130 2160 1178 2222 ἶ,
1239 2195 1260 2217 a
1302 2183 1370 2219 sec.
1402 2197 1524 2222 manu

149 2243 309 2273 naturae
341 2237 459 2271 varia.
515 2235 614 2273 Obr.
669 2245 824 2274 naturae
856 2252 956 2274 vera.
1197 2249 1338 2276 contra.
1383 2242 1520 2280 Turio.

150 2294 190 2338 (a
210 2293 279 2330 sec.
303 2296 375 2336 m.)
409 2295 607 2329 contraria.
828 2294 941 2343 ficta.
975 2295 1110 2331 Tul-ic.
1155 2294 1262 2333 Flor.
1287 2296 1397 2344 fami
1432 2312 1524 2335 cum

207 2383 472 2419 discernantur.
517 2384 561 2420 cf.
586 2395 668 2422 not.
691 2386 777 2422 crit.
866 2387 1023 2423 haereas
1085 2387 1130 2422 in
1179 2386 1332 2426 unzbra,·
1405 2402 1525 2438 quare

211 2455 227 2475 ·ι
244 2454 278 2475 1.
317 2449 417 2476 actus
458 2439 673 2490 histrionum
712 2446 808 2479 veris
868 2455 906 2479 et
955 2445 1170 2491 Gedoynus
1226 2444 1348 2479 vertit
1404 2447 1525 2487 „ainfi

149 2496 355 2546 affectibus,
410 2498 459 2535 cf.
502 2497 628 2547 falsos
651 2500 808 2548 affectus
866 2501 1070 2542 „Pombre
1108 2501 1157 2536 est
1179 2499 1268 2550 plus
1297 2499 1423 2549 foible
1451 2518 1526 2553 que

152 2556 201 2596 6,
232 2563 279 2594 2,
312 2561 378 2597 55.
433 2557 552 2591 minus
591 2557 722 2606 accipe
760 2558 807 2593 de
867 2557 932 2599 „le
957 2563 1114 2606 corps-‘⁶

150 2622 231 2648 tota
261 2611 322 2646 rei
345 2612 538 2660 cujusque
568 2613 625 2653 vi,
656 2627 737 2649 non
761 2615 808 2650 de
891 2661 894 2664 ἢ
918 2612 1044 2664 subest
1077 2624 1225 2656 natura,
1269 2623 1306 2658 et
1336 2631 1426 2654 vera
1463 2621 1531 2656 vis.

151 2667 227 2704 sola
265 2668 564 2718 magnitudine,
622 2684 672 2706 ne
705 2671 809 2710 forte
870 2672 918 2710 cf.
946 2684 986 2713 ι,
1018 2681 1058 2716 5,
1089 2680 1128 2716 5.

1532 406 1579 431 12
