1779 3062
229 184 324 241 176
546 183 621 228 M.
658 184 794 229 FAB.
832 185 1250 246 QUINTlLIANI

223 328 350 367 rum,
370 306 649 379 factorum
679 310 977 360 diversitate
1010 311 1164 361 facile
1202 312 1470 362 delitescet
1493 315 1579 362 in-

220 387 460 445 firmitas,
499 386 648 436 totse
671 388 910 454 undique
938 390 1111 447 rebus,
1154 407 1217 437 ex
1250 392 1446 455 quibus
1483 392 1578 439 ali-

149 476 197 509 11
225 481 385 528 quam
418 464 804 530 apprehendas,
844 462 1209 515 offerentibus.
1289 467 1434 515 Illud
1464 470 1575 516 vir-

221 542 349 590 tutis
376 541 638 590 indicium
662 541 749 600 est,
789 540 1032 600 fundere,
1075 559 1208 607 quae
1237 554 1424 591 natura
1447 561 1573 592 con-

219 625 378 666 tracta
412 616 549 676 sunt,
591 636 782 684 augere
813 622 1003 684 parva,
1046 620 1350 667 varietatem
1385 618 1573 667 simili-

217 695 339 752 bus,
375 696 709 761 voluptatem
733 695 979 762 expositis
1006 695 1144 753 dare,
1168 707 1221 743 et
1239 696 1373 743 bene
1395 695 1572 744 dicere

214 774 383 820 multa
433 772 499 820 de
540 774 738 838 paucis.
856 776 918 821 In
965 773 1069 822 hoc
1122 773 1322 837 optime
1377 770 1574 822 facient

214 847 459 896 infinitae
491 848 841 914 quaestiones,
882 867 1011 914 quas
1032 851 1213 899 vocari
1245 849 1400 905 θέσεις
1435 848 1572 897 dixi-

212 943 350 984 mus,
369 926 761 991 quibusCicero
786 931 888 988 jam
913 928 1160 992 princeps
1182 928 1241 974 in
1271 943 1328 975 re
1356 926 1571 992 publica

213 1079 322 1113 Paria
354 1079 617 1115 desiderantur
648 1080 743 1118 tria,
796 1080 856 1115 sed
889 1093 960 1128 ego
1008 1094 1125 1115 rerum
1156 1080 1267 1115 fuiffe
1298 1080 1467 1129 suspicor
1494 1093 1569 1130 pro

211 1134 419 1183 causarum,
462 1135 633 1183 etuillud
666 1137 824 1183 quidem
858 1137 1044 1171 facillime
1076 1137 1289 1171 excidebat.

299 1191 497 1239 delitescet.
551 1191 669 1226 Goth.
713 1196 806 1237 (err.
840 1194 968 1236 Gesn.)
1000 1191 1189 1239 delirescet
1225 1205 1313 1227 cum
1344 1190 1445 1229 Vall.
1475 1191 1568 1227 Bad.

207 1247 307 1282 male
338 1248 415 1282 hoc
447 1247 650 1295 probante.
928 1248 972 1297 se
1001 1249 1175 1295 undique.
1224 1248 1356 1282 Turio.
1404 1246 1569 1295 secundi.

207 1303 311 1338 Flor.
343 1303 381 1346 (a
402 1316 461 1350 pr.
481 1302 553 1347 m.)
576 1302 814 1352 secumquue.
1042 1318 1085 1338 ex
1116 1303 1253 1352 quibus.
1295 1303 1429 1338 Turic.
1461 1302 1566 1339 Flor-

207 1368 244 1393 et
263 1359 407 1407 quibus,
437 1358 506 1394 ille
529 1371 547 1392 a
569 1360 637 1394 sec.
661 1373 712 1395 m.
746 1374 764 1395 e
785 1374 842 1408 φ,
886 1358 953 1394 hic
984 1361 1172 1394 nostrum.
1404 1360 1569 1408 aliquam

207 1416 478 1464 apprehendas.
519 1410 788 1451 TuricsFlor.
823 1416 950 1451 Guelf.
992 1418 1153 1465 aliquem
1184 1431 1218 1452 a.
1262 1415 1409 1459 (Guelf.
1443 1417 1567 1464 depr.)

206 1484 300 1507 cum
324 1471 428 1508 Alm.
667 1472 916 1520 offerentibus.
949 1474 1082 1508 Turio.
1115 1472 1314 1520 offertium.

297 1541 357 1564 11.
406 1530 566 1564 virtutis.
625 1529 758 1564 Tui-ic.
807 1529 910 1564 flor.
962 1529 1089 1565 Guelf.
1143 1529 1263 1564 Goth.
1310 1532 1401 1573 (tac.
1436 1529 1565 1573 Gesn.)

206 1585 339 1632 Camp.
369 1587 548 1620 virtutum
578 1598 668 1620 cum
698 1585 803 1622 Voff.
830 1595 866 1627 3.
1127 1600 1256 1632 parva.
1289 1586 1422 1620 Turic.
1455 1583 1562 1620 Flor-

202 1649 324 1690 parte.
358 1640 429 1674 Ille
452 1654 470 1675 a
491 1642 558 1675 fec.
585 1655 638 1675 m.
668 1656 799 1690 parca,
830 1641 897 1675 hic
919 1642 1104 1677 nostrum.
1135 1640 1237 1676 Alm.
1268 1650 1406 1688 partes.

289 1697 533 1744 voluptatem.
565 1697 666 1731 Alm.
698 1698 939 1732 voluntatem.
972 1697 1042 1733 Nil
1064 1697 1136 1733 tale
1156 1699 1248 1732 mei.
1274 1697 1321 1731 cf.
1352 1710 1411 1737 10,
1434 1703 1470 1741 4,
1492 1706 1561 1741 55.

293 1752 481 1799 infinitae.
515 1753 651 1789 Turio.
683 1753 787 1788 Flor.
821 1754 905 1798 (hic
931 1768 949 1788 a
969 1768 1026 1802 pr.
1048 1755 1120 1798 m.)
1153 1753 1336 1800 infinitas.

287 1808 412 1849 θέσεις.
445 1807 576 1844 Guelf.
609 1809 726 1845 Goth.
758 1811 856 1847 Jens.
888 1811 977 1854 (tac.
1002 1811 1131 1858 Gesn.)
1163 1812 1297 1858 Camp.
1330 1808 1438 1858 thefi's
1468 1823 1558 1845 cum

201 1867 288 1903 edd.
321 1875 405 1900 ante
434 1863 526 1900 Ald.
560 1865 621 1901 sed
641 1866 736 1902 Bad.
781 1866 936 1917 Thesei&
1167 1881 1207 1902 re
1228 1867 1389 1915 publica.
1422 1866 1555 1901 Turic.

200 1923 318 1960 rebus.

260 2060 323 2084 11.
367 2045 528 2094 fundere
557 2064 613 2073 -—
645 2056 849 2085 contracta.
909 2047 1080 2083 Latioiis
1113 2046 1222 2083 illius
1261 2047 1560 2096 significationis

202 2104 454 2141 Contrarium
477 2104 527 2138 est
547 2103 609 2138 illi
632 2108 714 2151 §.4
734 2104 851 2153 effusa
908 2103 1010 2138 illud
1055 2117 1211 2151 quoque
1244 2106 1405 2139 Senecae
1438 2104 1559 2152 Epist.

189 2158 450 2210 substringere.
501 2160 563 2194 Sic
608 2172 646 2195 et
675 2162 754 2196 Cic.
802 2161 848 2196 de
911 2167 974 2203 55.
997 2161 1240 2208 p.Bip.15-9.
1274 2161 1484 2200 „Frontem
1503 2179 1559 2186 --

196 2217 324 2252 finib.
350 2226 397 2264 δ”,
435 2223 496 2258 15.
526 2216 643 2263 fundi
662 2236 716 2243 —
739 2226 774 2251 et
797 2237 850 2244 —-
907 2236 1000 2256 ‚,-—-
1020 2226 1166 2251 tantum
1189 2216 1297 2256 novi,
1330 2227 1366 2250 et
1389 2214 1559 2263 exposita

196 2274 361 2312 dilatari,
394 2272 463 2307 ubi
488 2273 614 2320 posito
645 2287 664 2307 a
682 2274 844 2308 Dnvisio
902 2286 1027 2320 „quae
1046 2272 1209 2306 ostendit
1226 2273 1341 2307 etiam
1360 2283 1557 2307 transeun-

195 2331 357 2364 Senecae
399 2328 488 2363 loco
538 2329 676 2369 „latius
718 2329 845 2364 virtus
902 2329 1073 2368 ,‚tibus.·‘

194 2385 419 2432 ,‚funditu1·“
453 2396 489 2420 et
511 2384 718 2433 aliquoties
744 2385 844 2421 Plin.
959 2384 1135 2424 θέσεις.
1168 2384 1214 2420 cf.
1240 2396 1274 2424 2,
1307 2398 1339 2426 1,
1372 2398 1408 2433 9.
1439 2387 1557 2421 Recte

194 2442 289 2476 Hist.
314 2443 364 2477 N.
387 2441 504 2489 fundi
538 2444 574 2475 in
595 2441 843 2475 latitudinem.
904 2441 1163 2476 demonstrant
1183 2441 1262 2476 cic.
1286 2442 1331 2476 ad
1353 2443 1431 2477 Att.
1453 2453 1491 2489 9,
1513 2447 1552 2487 4.

193 2497 331 2532 Noster
363 2505 408 2542 8,
444 2507 489 2541 3,
528 2510 588 2533 ιο.
639 2498 842 2533 Novatum
900 2498 987 2539 „Ne
1025 2510 1085 2531 me
1133 2508 1260 2532 totum
1315 2497 1552 2546 aegritudini

194 2552 349 2588 dicendi
378 2568 519 2602 genus,
555 2554 663 2601 quod
692 2554 739 2594 is,
772 2554 842 2601 qui
898 2554 1075 2595 ‚,dedam,
1110 2553 1224 2587 sumti
1242 2553 1345 2588 mihi
1367 2554 1550 2602 quasdam

193 2607 327 2644 dilatat
357 2609 524 2658 aliquam
558 2623 663 2652 rem,
697 2610 841 2645 dicitur
897 2621 1106 2657 „tanquam
1124 2607 1267 2650 θέσεις(
1286 2621 1355 2645 cet.
1375 2611 1421 2645 cf.
1438 2623 1496 2658 ep.
1511 2621 1548 2656 9.

187 2663 343 2711 fundere
367 2667 538 2703 eandem.
897 2664 1037 2706 ,θέσεις
1066 2679 1169 2700 meas
1189 2666 1444 2701 commentari
1466 2679 1554 2701 nont

247 2720 432 2770 expositis.
492 2723 539 2760 cf.
567 2732 612 2765 2,
670 2730 723 2771 5,
778 2735 838 2771 ²9·
899 2722 1096 2764 ,‚de[ino.“
1158 2723 1298 2759 Monet
1344 2723 1543 2761 Gesnerus.
