1779 3062
430 108 598 154 INST.
636 108 920 156 ORATOR.
952 111 1079 157 Lm.
1117 111 1233 169 ΧΠ,
1275 125 1349 159 ιο.
1458 109 1558 168 665

195 237 396 296 dulcis,
440 238 618 287 lenior
648 247 856 296 tamen,
899 248 963 288 ut
992 238 1162 288 amnis
1192 237 1407 287 lucidus
1438 240 1559 305 qui-

198 316 323 365 dam
350 326 402 364 et
427 315 726 365 virentibus
748 315 1176 380 utrinquesilvis
1202 317 1555 366 inumbratus.

197 396 268 443 At
299 394 420 452 ille,
449 394 552 459 qui
575 391 690 441 saxa
717 392 975 443 devolvat
1005 404 1057 442 et
1080 405 1291 459 pontem
1321 396 1556 464 indigne·
1586 398 1631 438 62

196 481 286 520 tur
315 482 367 519 et
397 472 537 537 ripas
564 469 664 519 sibi
689 467 870 529 faciat,
907 472 1113 522 multus
1146 483 1198 521 et
1229 483 1438 524 torrens
1471 478 1558 535 ju-

195 549 372 598 dicem
401 550 492 597 vel
520 549 781 597 nitentem
805 559 989 598 contra
1015 548 1166 609 feret,
1192 562 1449 617 cogetque
1474 553 1556 600 ire

193 644 303 692 qua
335 627 486 693 rapit.
566 628 669 676 Hic
692 635 871 676 orator
895 637 948 675 e‘t
978 625 1261 678 defunctos
1292 627 1554 688 excitabit,

194 714 258 753 ut
277 705 518 770 Appium
537 704 786 754 Caecum.-
826 703 972 768 apud.
999 704 1148 755 hunc
1175 716 1227 754 et
1253 708 1421 773 patria
1442 705 1555 772 ipsa

197 783 535 841 exclamabit,
576 779 975 849 aliquandoque
1013 782 1308 833 Ciceronem
1340 785 1400 833 in
1437 801 1552 834 ora.-

368 970 494 996 tamen
523 974 610 996 nam
637 962 696 996 nis
717 971 752 996 et
774 961 907 999 lucidis
936 963 1083 1013 quidem
1106 964 1258 1007 (Turio.
1280 965 1406 1013 quide)
1428 961 1478 1013 ψ
1497 968 1552 1002 υἱ-

187 1018 351 1067 tentibus
375 1019 511 1055 Turio.
534 1018 639 1054 Flor.
702 1027 728 1054 t.
751 1034 838 1055 nam
857 1023 913 1056 vis
935 1029 972 1055 et
990 1021 1015 1057 l.
1037 1023 1101 1070 qui
1117 1018 1216 1068 deest
1235 1036 1269 1057 v.
1293 1021 1422 1057 Guelf.
1465 1030 1491 1060 t.
1513 1032 1552 1059 et:

188 1078 308 1112 amnis
339 1075 483 1111 lucidus
510 1076 662 1126 quidam
695 1073 745 1125 est
775 1086 811 1112 et
837 1091 873 1113 v.
906 1078 1006 1116 Jens.
1039 1078 1081 1112 in
1112 1091 1186 1127 qua
1212 1078 1395 1127 scriptura
1426 1079 1549 1114 statim

187 1134 308 1170 Tarv.
338 1143 465 1168 mutat
492 1142 534 1168 ut:
564 1135 694 1175 amnis,
728 1145 765 1170 et
786 1148 968 1170 meorum
986 1135 1141 1183 primus
1164 1135 1315 1183 Gryph.
1347 1141 1465 1182 1544.
1498 1133 1551 1184 eft

187 1190 350 1230 omittit,
383 1203 498 1237 qnam
519 1190 686 1226 nostram
708 1191 865 1226 invenit
887 1193 1003 1227 etiam
1023 1192 1064 1227 in
1086 1192 1162 1228 suis
1184 1192 1351 1233 Merula,
1379 1191 1549 1241 dantque

185 1248 308 1285 Goth.
334 1257 436 1282 certe
459 1258 496 1283 et
517 1249 652 1296 Camp.
676 1247 750 1282 nisi
770 1248 878 1296 quod
899 1248 967 1284 hic
991 1249 1163 1298 quidem:
1191 1249 1238 1284 cf.
1271 1252 1306 1296 ᾗ.
1335 1260 1396 1291 ι7.
1426 1261 1487 1296 19.

473 1306 655 1355 utrimque
671 1302 803 1355 sibis‘i
833 1305 1047 1342 verberatus
1068 1304 1174 1341 Flor.
1226 1305 1306 1356 sibi
1320 1304 1384 1354 sin
1411 1305 1460 1341 est
1491 1316 1545 1342 et-

183 1363 265 1399 iam
287 1362 331 1398 in
353 1361 482 1398 Guelf.

307 1442 372 1479 61.
405 1442 625 1490 indignatur
646 1441 781 1478 Turio.
805 1441 910 1478 Flor.
931 1441 1062 1479 Guelf.
1113 1443 1319 1478 »nitet-ntem
1344 1441 1449 1479 Flor.
1489 1456 1548 1479 co-

180 1504 312 1551 gitque
341 1503 394 1535 ir'e
416 1508 553 1549 quarta
574 1501 653 1547 pite
672 1499 729 1534 hic
751 1500 887 1535 Turic.
921 1499 1015 1544 (nisi
1033 1500 1141 1548 quod
1165 1501 1261 1540 irae,
1288 1501 1414 1548 pitae)
1440 1498 1546 1536 Flor.

297 1558 398 1605 rapit
427 1569 504 1591 om.
528 1555 657 1591 Guelf.
680 1556 803 1591 nimia
825 1556 961 1592 lacuna
985 1556 1133 1593 relicta.
1194 1554 1391 1604 defunctus
1411 1556 1547 1604 Camp.

179 1616 359 1652 excitavit
377 1614 512 1650 Turio.
536 1611 641 1649 flor.
703 1613 928 1649 exclamabit
955 1614 1088 1651 Turio.
1324 1613 1546 1662 aliquando-

184 1787 332 1811 nomen
363 1773 421 1808 hic
443 1770 650 1820 respondet
677 1771 747 1807 suo
772 1770 837 1806 ille

184 1832 228 1867 in
271 1829 594 1880 praecedentibus
642 1838 681 1864 et
713 1826 838 1874 subje-

184 1889 278 1925 ctis:
340 1887 408 1922 illo
429 1885 653 1934 subtili—,⁸
697 1884 837 1920 medius

182 1946 332 1984 hic—,·
361 1953 401 1980 at
425 1944 489 1979 ille
511 1945 575 1993 qui
591 1942 777 1993 saxa—.

239 2011 280 2038 ut
303 2003 435 2038 amnis„
483 2002 671 2049 Pungunt
692 2013 755 2035 me
777 1999 836 2034 di-

163 2060 311 2097 ’νει-[αθ
340 2058 384 2094 in
415 2057 578 2108 optimis
608 2056 723 2093 libris
746 2055 836 2092 scri-

180 2128 320 2167 pturae
349 2114 534 2163 vestigia,
582 2115 752 2150 maxime
788 2112 836 2148 il-

182 2174 254 2210 lud
276 2188 382 2215 nam,
415 2172 526 2219 cujus
553 2172 681 2220 prima
706 2170 836 2206 littera

182 2244 232 2266 nx
263 2231 449 2280 proximo
495 2237 617 2265 tamen
654 2228 836 2264 adhaesit.

181 2287 290 2323 Hinc
309 2300 391 2323 non
405 2296 559 2321 mutata
578 2286 672 2321 serie
694 2285 838 2321 verbo·

183 2357 274 2379 :rum
298 2354 336 2380 et
349 2342 507 2379 nonnisi
518 2342 737 2378 neceffariis
751 2355 837 2376 mu·

184 2401 404 2438 tationibus
440 2399 508 2440 fit,
554 2401 674 2436 lenior
713 2409 838 2436 tamen

185 2460 309 2495 amnis
338 2466 375 2493 et
395 2457 539 2492 lucidus
558 2458 710 2508 quidam
730 2466 836 2492 et—

186 2515 443 2554 inumbratus:
472 2524 517 2549 ut
535 2514 614 2563 ipse
637 2525 770 2550 orator
783 2515 840 2549 di-

188 2583 298 2608 catur
327 2572 474 2610 amnis,
503 2570 603 2607 sicut
632 2568 841 2620 ἐναργέστε·

187 2643 249 2678 ρον
286 2628 405 2677 longe
443 2640 541 2663 mox
577 2629 716 2665 tertius
757 2628 840 2671 ille,

188 2699 352 2737 eamque
386 2684 604 2723 locutionis
639 2685 842 2723 audaciam

893 1770 1052 1819 mitiget
1068 1771 1260 1817 adjectum
1276 1770 1440 1820 quidam.
1453 1770 1547 1810 Vid-

894 1826 1047 1864 laudata
1069 1829 1114 1863 ad
1137 1831 1263 1875 §.17.

953 1884 1018 1922 61.
1031 1894 1184 1936 pontem
1206 1884 1431 1933 indignetur.
1450 1883 1546 1921 Ver-

892 1942 941 1980 ba
963 1942 1049 1979 [unt
1066 1941 1234 1991 Virgilii
1259 1948 1297 1986 8,
1321 1937 1414 1986 7233.
1443 1941 1547 1982 „Ni-

893 1999 1071 2041 „mirum
1100 2009 1302 2049 praecepta
1333 1997 1400 2033 hic
1431 1995 1547 2033 simul

892 2057 1007 2098 „sunt
1028 2055 1243 2105 exempla“,
1274 2065 1318 2091 ut
1340 2068 1434 2090 vere
1458 2055 1550 2090 Ges-

894 2127 977 2150 ner.

952 2174 1056 2221 ripas
1069 2170 1146 2221 sibi
1158 2170 1293 2219 faciat.
1332 2170 1467 2209 Novas
1486 2168 1546 2205 vi-

895 2228 1050 2269 delicet,
1072 2242 1153 2264 non
1173 2240 1311 2263 curans
1330 2225 1456 2263 moles
1478 2225 1548 2261 ob-

895 2286 1044 2324 stantes.

953 2345 1119 2395 Appium
1144 2344 1311 2379 Caecum.
1333 2337 1424 2386 ἶνίἆ.
1445 2349 1485 2384 5,
1507 2346 1545 2384 3,

949 2455 1369 2508 patria—exclamabit.
1383 2454 1547 2492 Cic.ca·

896 2515 956 2553 til.
985 2529 1020 2557 ι,
1043 2527 1082 2561 7.

956 2575 1167 2611 Ciceronem
1187 2590 1241 2598 -—-
1254 2569 1462 2619 alloquetur
1490 2567 1548 2605 ib.

902 2644 968 2666 ιι.
1031 2632 1136 2666 Mira
1167 2640 1296 2664 tamen
1322 2626 1453 2662 videri
1476 2639 1548 2675 po·

899 2687 967 2724 test
1016 2690 1118 2724 :ratio
1170 2686 1292 2732 hujus
1339 2682 1548 2720 sermonis:
