1779 3062
655 126 1062 176 ADDENDA.
1443 142 1543 193 709

182 265 274 289 men
304 252 392 287 sunt
422 252 632 299 ejusmodi,
666 264 709 290 ut
739 254 786 290 ab
819 254 1112 305 antiquioribus
1141 253 1222 290 illis
1243 254 1389 293 criticis
1410 270 1538 295 emen-

182 309 379 346 dationem
423 323 640 358 provocare
684 313 912 358 potuerint,
972 323 1010 347 et
1051 312 1229 347 omnium
1260 313 1426 350 minime
1458 326 1537 352 tam

181 366 381 415 operosam
414 377 463 402 etv
483 366 664 416 amplam.
696 368 843 405 Contra
873 370 903 405 fi
933 368 1157 416 longiorem
1183 369 1280 404 hanc
1305 371 1535 418 primariam

177 423 294 472 ponis
327 423 568 473 scripturam,
600 423 712 460 facile
744 437 912 474 apparet,
946 424 1106 461 oculum
1132 425 1373 462 aberrantem
1397 428 1443 464 ab
1457 428 1531 466 illo

177 480 347 529 equidem
386 482 433 516 ad
466 481 702 529 insequentia
737 495 830 530 quae
866 482 964 517 idem
993 482 1118 516 ansam
1150 482 1291 518 dedisse
1322 484 1531 534 scripturae

174 536 260 576 illi,
306 550 353 572 ex
397 551 471 586 qua
512 538 733 573 Turicensis
777 549 815 574 et
845 538 1093 587 reliquorum
1130 539 1308 575 omnium
1340 542 1528 583 manavit,

176 594 310 628 omissa
352 605 502 630 tantum
533 608 631 630 voce
662 595 843 631 vocabula
877 609 1058 644 quoque.
1108 609 1183 645 qua
1215 609 1343 634 carere
1372 609 1528 647 poterat

174 651 307 686 sensus.
369 654 425 687 Ita
456 651 640 700 equidem
670 652 718 687 ad
747 653 1013 689 recentiorum
1045 653 1266 689 editionum
1298 655 1526 704 scripturam

169 707 301 749 redeo,
331 721 412 744 non
442 709 576 745 minus
603 720 731 745 tamen
762 709 864 744 circa
899 709 1050 745 fontem
1082 710 1165 756 ejus
1196 710 1383 748 curiosus.

284 788 346 823 Ad
383 801 446 828 10,
482 803 518 831 1,
548 797 615 833 53.
646 797 729 825 net.
758 791 869 837 'exeg.
904 787 1371 838 secundas—secundum.
1415 791 1523 841 Spal-

170 843 393 893 dingianam
431 845 551 891 hujus
591 845 673 881 loci
713 845 1080 894 interpretationem
1122 846 1200 881 hoc
1228 847 1400 884 maxime
1435 862 1522 898 pre-

166 902 254 942 mit,
288 903 410 950 quod,
441 903 471 937 si
501 916 583 937 eam
615 903 797 951 sequaris,
827 900 1096 950 Quintilianus
1117 902 1270 939 diverso
1292 904 1394 941 sensu
1414 918 1523 942 com·

166 959 315 994 miserit
345 959 414 994 has
444 971 562 994 voces
585 956 768 1007 secundas
797 969 834 994 et
854 957 1081 1007 secundum,
1111 972 1239 1007 neque
1273 970 1400 997 tamen
1431 962 1520 999 talis

165 1014 420 1056 differentiae,
454 1028 570 1063 quam
602 1029 671 1063 per
699 1029 864 1051 acumen
892 1013 1055 1062 aliquod
1079 1016 1295 1063 quaesierit,
1322 1017 1521 1055 indicium

163 1070 315 1107 dederit
345 1070 487 1107 ullum.
523 1073 650 1119 Quare
681 1086 762 1108 non
792 1072 935 1108 dubito
954 1083 1088 1106 veram
1108 1073 1366 1121 pronuntiare
1388 1075 1519 1111 Schel-

160 1125 358 1177 lenbergii
389 1129 596 1164 rationem.
656 1130 863 1166 Nimirum
893 1141 975 1164 non
1004 1140 1130 1169 recte,
1182 1130 1211 1165 fi
1251 1130 1349 1178 quid
1384 1131 1520 1175 video,

160 1185 221 1220 usi
249 1183 338 1221 sunt
366 1187 449 1221 viri
476 1184 568 1222 alias
600 1186 828 1234 sagaciffimi
857 1184 939 1221 illis
970 1191 1175 1233 poetarum
1205 1185 1326 1228 locis;
1358 1189 1401 1223 in
1421 1202 1519 1236 quo-

162 1254 251 1277 rum
292 1255 461 1291 utroque
499 1243 739 1278 manifestum
773 1242 821 1278 est
851 1255 1012 1277 acumen
1044 1242 1261 1291 poeticum.
1327 1245 1519 1283 Horatius

163 1300 271 1334 enim
300 1299 474 1335 sermone
502 1299 666 1348 pedestri
695 1300 772 1335 hoc
802 1299 882 1334 fere
914 1298 1091 1334 dixisset:
1145 1301 1321 1348 primum
1355 1303 1426 1337 effe
1459 1302 1516 1338 di-

161 1356 308 1404 gnitate
348 1359 513 1396 Jovem;
572 1356 798 1396 secundam,
850 1369 1071 1405 quanquam
1113 1369 1256 1405 magno
1286 1358 1516 1401 intervallo,

160 1413 400 1450 Minervam.
460 1415 545 1452 Jam
577 1414 705 1455 sentis,
740 1427 856 1462 quam
894 1413 1104 1461 magnifice
1144 1413 1221 1450 hoc
1259 1415 1421 1452 extollat
1449 1430 1514 1452 ne-

161 1469 289 1518 gando
321 1472 497 1521 usurpari
526 1471 630 1519 posse
670 1483 809 1506 vocem
832 1468 1015 1519 secundus
1045 1471 1219 1519 respectu
1249 1472 1385 1514 Iovis,
1445 1474 1516 1521 qui

156 1541 247 1561 unus
276 1528 324 1563 sit
353 1529 499 1577 semper
535 1538 573 1562 et
607 1525 712 1576 solus
749 1526 939 1573 majestate
977 1527 1051 1562 sibi
1090 1528 1266 1577 propria.
1337 1531 1385 1564 In
1413 1543 1514 1567 voce

154 1596 276 1632 porro
315 1587 509 1633 proximus
549 1583 843 1631 distinguendus
876 1583 927 1619 est
964 1583 1224 1632 superlativus
1254 1586 1513 1636 comparatio-

153 1639 216 1675 nis
246 1654 266 1675 a
297 1637 535 1690 superlativo
565 1640 819 1680 intensionis,
873 1639 944 1688 qui
973 1641 1017 1675 in
1049 1641 1159 1676 omni
1188 1654 1286 1678 voce
1322 1656 1513 1691 perquam

152 1696 360 1734 familiaris
400 1709 481 1734 erat
517 1697 730 1733 veteribus.
791 1699 850 1732 Ita
893 1708 1031 1732 vocem
1072 1698 1188 1733 etiam
1227 1701 1421 1748 proximus
1459 1700 1512 1736 sio

153 1754 258 1789 nude
298 1755 480 1803 usurpare
519 1767 600 1789 non
640 1764 821 1805 poterant
859 1753 933 1788 nili
966 1754 1012 1789 de
1043 1767 1090 1789 eo
1126 1755 1197 1803 qui
1228 1769 1364 1792 revera
1391 1770 1512 1805 prope

153 1810 358 1847 admodum
388 1811 538 1847 abeffet.
568 1812 641 1846 Per
672 1822 835 1845 acumen
865 1810 999 1858 itaque
1029 1810 1227 1860 Virgilius
1262 1826 1420 1862 quoque
1448 1813 1508 1849 di-

152 1867 214 1902 xit
243 1866 394 1916 „longo
427 1868 490 1903 sed
519 1867 726 1916 proximus
756 1866 1010 1903 intervallo“.
1075 1867 1370 1917 Superlativum
1401 1869 1510 1906 enim.

151 1923 242 1959 vult
269 1924 445 1974 intelligi
476 1924 774 1973 comparationis
805 1924 1031 1973 (proximus
1063 1925 1167 1961 inter
1198 1929 1397 1973 ceteros).
1429 1926 1507 1976 aqui

150 1981 308 2017 nonnisi
344 1982 590 2031 oppositione
624 1981 661 2016 se
697 1981 927 2027 manifestat,
952 1980 1019 2017 hic
1057 1993 1097 2018 et
1130 1983 1239 2033 apud
1278 1983 1504 2020 Horatium.

138 2037 266 2086 ⁴Apud
299 2038 592 2086 Quintilianum
622 2048 756 2074 contra
786 2036 856 2076 tali
885 2038 972 2074 usui
1003 2038 1115 2086 locus
1145 2053 1228 2083 non
1257 2040 1320 2083 est,
1349 2041 1419 2091 qui
1440 2040 1505 2076 ab·

148 2094 272 2130 solute
301 2095 462 2132 adhibet
490 2095 593 2131 illud
615 2097 828 2143 proximum
847 2092 928 2146 effe,
958 2095 1067 2146 quod
1089 2096 1202 2132 aliter
1225 2098 1348 2147 accipi
1366 2098 1506 2147 nequit

150 2165 269 2200 quam
299 2153 412 2189 valde
441 2167 559 2203 prope
586 2152 779 2194 accedere,
811 2152 909 2188 sicut
925 2151 1129 2202 secundum
1160 2152 1230 2204 effe
1260 2154 1366 2190 nihil
1397 2153 1506 2190 aliud

149 2207 206 2244 el't'
236 2223 351 2258 quam
381 2213 545 2259 priorem
575 2207 644 2258 effe
674 2211 783 2246 tertio
815 2218 852 2245 et
877 2210 1036 2260 reliquis.
1059 2210 1186 2261 Plane
1218 2212 1270 2258 sic
1299 2211 1343 2247 in
1369 2211 1505 2247 eadem

149 2279 191 2301 re
223 2277 357 2302 auctor
388 2266 677 2317 epigrammatis
705 2267 749 2302 in
773 2266 934 2304 Anthol.
955 2269 1087 2319 Burm.
1105 2270 1138 2315 Ι.Ι
1157 2282 1196 2318 p.
1214 2276 1308 2315 555.
1339 2267 1504 2311 „Maeo-
1525 2270 1528 2272 ’

148 2323 244 2363 „nio
279 2324 361 2360 vati
390 2325 461 2373 qui
488 2338 558 2372 par
587 2334 652 2359 aut
681 2324 1012 2372 proximuseffet,
1056 2325 1265 2362 Consultus
1296 2328 1420 2362 Paean
1449 2325 1504 2385 ri:

150 2380 252 2421 ‚,sit“
279 2391 350 2417 etc.
402 2381 475 2417 ubi
503 2383 694 2430 proximus
725 2391 875 2416 tantum
905 2394 987 2416 non
1019 2395 1092 2428 par
1122 2382 1183 2418 est.
1229 2382 1409 2419 Alterum
1439 2396 1506 2418 au-

149 2446 228 2472 tern
261 2438 520 2486 epigramma,
553 2438 662 2486 quod
690 2437 841 2473 ibidem
871 2438 1039 2486 legitur»,
1069 2448 1114 2473 ut
1144 2438 1395 2478 indefinitam
1423 2439 1504 2476 for·

150 2493 239 2529 tass'e
267 2494 367 2531 hanc
398 2495 558 2544 quidem
589 2507 729 2531 vocem
754 2494 965 2544 relinquit,
1010 2495 1064 2530 ita
1093 2495 1228 2544 firmat
1255 2497 1422 2534 nostram
1454 2497 1504 2534 de

149 2550 269 2586 altera
294 2552 542 2589 sententiam:

318 2628 381 2668 De
410 2643 575 2667 numero
606 2642 741 2667 vatum
772 2630 801 2665 fi
833 2630 921 2678 quis
952 2630 1389 2680 seponatHomerum,

368 2688 578 2725 Proximus
604 2688 888 2738 a·prin10=tum
912 2688 1026 2724 Maro
1042 2689 1204 2739 'primus
1229 2692 1316 2729 erin
