1779 3062
261 138 263 141 ’
297 160 395 219 426
610 161 685 206 M.
721 123 855 206 m.
894 160 1308 221 QUIerLtANJ

296 283 431 350 quid
464 282 588 350 ipsis
623 286 848 351 placuit,
887 285 947 333 in
975 295 1178 350 ungues
1197 288 1501 351 eriguntur:
1541 285 1630 336 sed

246 364 249 366 ’
296 359 549 410 vitiosum
590 361 644 409 id
691 354 921 419 faciunt,
982 358 1071 411 aut
1115 362 1308 426 digito,
1369 372 1629 428 quantum

297 439 595 504 plurimum
619 435 846 503 possunt,
879 449 1066 496 erecto,
1107 449 1198 486 aut
1218 441 1372 488 etiam
1396 440 1629 499 duobus,

299 525 389 562 aut
420 524 645 579 utraque
666 531 827 564 manu
859 514 923 563 ad
947 515 1168 564 modum
1191 515 1394 579 aliquid
1417 527 1631 580 portan-

222 611 288 640 121
300 592 439 639 tium
469 589 768 657 composita.
846 593 941 640 His
970 590 1223 639 accedunt
1255 593 1381 639 vitia
1405 609 1516 641 11011
1541 609 1631 640 na-

296 678 459 726 turae,
496 665 585 715 secl
608 666 991 734 trepidationis,
1021 684 1142 716 cum
1170 684 1259 715 ore
1286 679 1649 733 concurrente

295 745 483 802 rixari3
516 743 557 792 si
576 744 830 794 memoria
848 743 1114 801 fefellerit,
1137 753 1228 792 aut
1249 746 1496 808 cogitatio
1516 762 1637 794 non·

295 818 634 885 suffragetur,
685 819 830 886 quasi
858 819 1097 869 faucibus
1130 821 1335 885 aliquid.
1374 820 1630 870 obstiterit
1671 883 1673 885 Ι

293 897 562 956 insonare3
603 899 660 946 in
692 896 967 946 adversum
1001 908 1200 962 tergere
1232 914 1405 956 nare53
1449 898 1628 947 obam-

293 974 477 1024 bulare
515 973 754 1024 sermone
793 973 1101 1040 imperfecto
1113 992 1126 1032 ;
1186 973 1418 1022 resistere
1449 973 1626 1024 subito

344 1144 380 1164 m
422 1129 520 1165 Alm.

291 1143 419 1221 gilelf.
446 1188 576 1234 Camp.
598 1198 684 1220 eum
700 1184 800 1218 Alm.
832 1184 989 1231 Reliqui
1012 1193 1148 1233 quanto
1167 1184 1221 1230 pl.
1259 1185 1358 1219 Mox
1379 1195 1472 1220 recte
1491 1186 1622 1222 Turio.

287 1241 392 1277 Flor.
415 1255 503 1276 cum
524 1241 626 1277 Alm.
648 1243 740 1276 item
760 1249 882 1275 autem
901 1239 1042 1274 duobus
1062 1239 1190 1273 Turic-
1209 1241 1433 1287 portandum
1454 1242 1587 1290 Camp-

781 1138 957 1177 quantum
986 1128 1194 1175 plurimum.
1252 1129 1315 1174 Sic
1351 1129 1483 1165 Turic.
1521 1130 1624 1166 Flor.

379 1330 471 1355 121.
502 1320 686 1356 accedunt.
719 1318 850 1353 Turio.
867 1316 969 1352 Flor.
987 1319 1120 1366 Camp.
1145 1318 1324 1353 accidunt.
1369 1320 1469 1354 Mox
1493 1329 1626 1356 natura

287 1378 422 1415 Turio,
443 1375 546 1412 Flor.
571 1378 701 1424 Camp.
727 1375 975 1424 trepidatione
998 1375 1129 1422 Camp.
1150 1388 1227 1408 cum
1247 1387 1347 1410 more
1366 1375 1495 1411 Turio.
1519 1377 1623 1414 Flor.

286 1434 423 1471 Ambr.
455 1444 491 1469 2.
526 1434 658 1481 Camp.
692 1436 892 1467 incurrente
925 1431 1053 1477 Camp.
1077 1430 1148 1478 sed
1181 1433 1357 1466 memoria
1385 1431 1503 1466 Goth.
1531 1435 1621 1478 (tac.

288 1491 430 1536 (ἰείη.)-
469 1491 643 1538 cognatio
672 1488 775 1523 Flor.
808 1500 882 1522 non
915 1485 1103 1535 adversum
1135 1486 1262 1523 Guelf.
1294 1489 1468 1537 quoniam
1498 1491 1625 1525 omnia

285 1546 421 1584 Ambr.
444 1556 480 1581 2.
502 1545 630 1581 Guelf.
662 1548 814 1594 cuiquae
831 1542 965 1579 Ambr.
987 1551 1024 1580 2.

287 1684 430 1723 dimus,
467 1692 512 1718 ut
539 1683 716 1716 Prooem.
757 1691 826 1717 tot.
860 1693 922 1729 op.

285 1750 380 1776 extr.
409 1746 446 1781 5,
472 1746 507 1782 8,
532 1745 567 1780 5.
614 1747 648 1778 7,
670 1744 706 1780 4,
731 1747 766 1780 7.
797 1749 833 1784 9.
861 1746 922 1779 13.

287 1809 326 1844 9,
357 1803 395 1841 4,
431 1803 519 1836 157.
580 1792 733 1829 Gestum
762 1792 927 1827 eundem

288 1850 520 1888 demonstrat
542 1860 579 1889 2.
596 1859 631 1893 5,
658 1856 695 1893 3.

348 1918 437 1941 121.
472 1920 550 1941 cum
583 1907 843 1942 ore—rixari.
866 1904 925 1940 ef.

283 1965 316 2009 ὦ.
343 1963 406 2007 56.
446 1964 543 1997 Sunt
573 1962 619 1997 hi
646 1973 824 2001 conatus,
865 1961 926 1995 sed

283 2020 400 2059 irriti,
413 2018 596 2054 vincendi
608 2017 799 2066 infantem,
809 2031 925 2066 quem

283 2075 473 2114 Horatius
501 2074 666 2123 appellat
686 2075 788 2116 (Sat.
819 2087 853 2115 ι,
887 2074 924 2113 6,

287 2135 384 2177 57.),
414 2131 605 2179 pudorem.
662 2132 762 2166 Cave
797 2141 923 2164 autem

282 2189 428 2225 sensum
453 2202 472 2221 a
497 2185 687 2235 voculasi
709 2186 923 2221 ordientem

283 2258 373 2285 cum
397 2245 471 2279 hoc
493 2244 726 2290 conjungas3
757 2242 925 2290 pertinet

283 2301 328 2337 ad
361 2299 549 2349 insonare,
580 2298 687 2347 quod
707 2299 831 2333 tenuit
851 2299 924 2333 Ge-

283 2359 447 2404 doymw,
478 2355 626 2404 reliqui
644 2367 724 2389 non
740 2354 924 2388 videntur

281 2413 504 2454 atte11diffe;
541 2412 699 2460 Capper.
724 2409 921 2445 manifesto

283 2469 469 2506 turbavit.

341 2528 378 2560 in
410 2522 794 2572 adversum—nares.
834 2524 921 2558 Hoc

282 2582 380 2630 quid
416 2581 522 2621 esset,
573 2592 688 2614 nemo
721 2579 918 2627 quaesivit,

282 2637 425 2673 scilieet
463 2637 546 2672 [atis
583 2648 653 2683 per
689 2635 723 2670 se
761 2635 920 2669 manife-

282 2694 400 2736 fium;
434 2693 614 2742 equidem
636 2691 920 2740 interpretatio-

983 1691 1072 1714 nem
1090 1680 1263 1729 requiro,
1293 1693 1331 1717 et
1350 1680 1506 1716 interim
1520 1681 1623 1718 nihil

985 1735 1092 1770 aliud
1165 1737 1376 1785 significari
1442 1738 1621 1785 suspicor,

985 1804 1099 1838 quam
1137 1793 1243 1839 quod
1281 1794 1454 1829 vidimus
1493 1794 1524 1838 §.
1555 1801 1621 1838 80.

984 1860 1088 1881 nares
1107 1850 1293 1897 --plana
1337 1864 1446 1885 manu
1488 1849 1623 1898 resupi-

983 1917 1083 1940 nare.
1147 1905 1260 1952 Quod
1284 1907 1385 1941 enim
1412 1907 1622 1954 Gedoynus

983 1961 1088 1995 muci
1115 1961 1278 1997 tollendi
1301 1962 1463 1997 modum
1484 1975 1623 2010 parum

984 2018 1177 2052 decentem
1198 2018 1395 2066 intelligit,
1418 2018 1507 2053 hinc
1531 2018 1622 2053 alie-

981 2086 1075 2107 num
1103 2073 1280 2115 videtum
1314 2085 1350 2109 et
1374 2074 1424 2108 est
1455 2074 1536 2120 ejus
1561 2073 1622 2110 rei

980 2129 1146 2164 verbum
1178 2131 1382 2178 proprium
1415 2143 1619 2177 emungere.

981 2187 1027 2219 In
1063 2185 1228 2234 aversum
1263 2186 1404 2233 tergeri
1433 2185 1620 2220 videntur

981 2254 1100 2280 nares,
1113 2255 1199 2277 cum
1219 2241 1487 2277 demulcentur
1499 2255 1618 2276 manu

978 2298 1078 2333 intra
1092 2309 1274 2346 vergente
1295 2308 1331 2332 et
1349 2297 1617 2338 descendente3

979 2354 1021 2388 in
1051 2353 1262 2402 adversum,
1296 2367 1384 2388 cum
1422 2353 1553 2388 eadem
1580 2363 1620 2389 et

979 2410 1100 2458 surgit
1131 2421 1167 2445 et
1188 2421 1291 2445 extra
1312 2409 1446 2445 tendit.
1476 2410 1617 2457 Neque
1646 2406 1649 2409 ”

979 2465 1073 2500 linio
1113 2465 1425 2514 interpretationi
1464 2464 1617 2500 officere

980 2523 1115 2562 credo,
1146 2523 1253 2570 quod
1279 2522 1412 2570 aliquo
1443 2521 1615 2556 recidere

980 2578 1282 2626 deprehenditur
1312 2577 1457 2617 noster,
1509 2576 1614 2624 quod

976 2634 1054 2680 jam
1074 2636 1261 2682 tetigerat.

1034 2690 1204 2739 resistere.
1237 2691 1283 2727 cf.
1310 2703 1375 2731 ιι,
1399 2698 1434 2729 2.
1456 2687 1520 2732 46.
