1779 3062
390 133 556 179 INST.
595 132 877 181 ORATOR.
912 135 1036 182 Lm.
1073 136 1147 193 x,
1191 149 1239 192 7.
1396 146 1491 196 195

132 262 250 311 tatis
287 259 503 323 judiciis
549 259 808 309 continuo
844 261 1050 326 agendi,
1171 262 1491 332 Quarumsi

131 356 252 403 qua,
265 356 378 388 11011
399 338 520 388 dico
543 339 848 401 cuicunque
869 339 1243 389 innocentium
1267 342 1489 401 civium,

128 414 220 464 sed
255 417 554 465 amicorum
586 433 642 462 ac
680 416 1119 480 propinquorum
1171 419 1332 466 alicui
1365 436 1490 468 eve-

127 495 286 551 nerit,
326 492 546 542 stabitne
570 495 769 550 rhutus,
811 504 863 540 et
880 491 1158 542 salutarem
1182 496 1489 560 petentibus

128 588 335 629 vocem,
372 570 558 628 statim,
597 568 640 618 si
671 587 783 619 11011
822 569 1178 629 succurratur,
1216 574 1488 636 perituris,

127 665 304 698 moras
333 659 384 696 et
413 646 661 700 secessum
695 658 746 696 et
775 645 1048 696 silentium
1082 660 1316 713 quaeret,
1351 649 1488 699 dum

130 727 223 774 illa
253 726 415 774 verba
438 724 783 783 fabricentur,
821 735 873 773 et
910 727 1200 774 memoriae
1237 725 1486 787 infidam,

131 814 183 852 et
202 821 308 852 vox
331 821 388 850 ac
404 804 539 851 latus
561 804 936 868 praeparetur?
966 807 1114 872 Quae
1134 820 1265 852 vero
1287 805 1487 869 patitur
1508 816 1537 853 5

129 881 234 929 hoc
269 881 430 938 ratio,
483 891 543 928 ut
570 881 854 944 quisquam
887 879 954 928 sit
986 891 1164 930 orator
1195 881 1488 946 imparatus

129 957 196 1005 ad.
234 955 414 1007 casus?
457 957 631 1026 Quid,
677 957 1133 1008 cumadversario
1163 957 1489 1025 responden·-

125 1089 230 1127 Alm.
288 1090 352 1126 Est
372 1090 736 1134 homoeoteleuton,
761 1104 805 1130 ut
824 1093 935 1143 supra
965 1105 1026 1133 10,
1057 1092 1094 1134 6,
1126 1092 1162 1129 6.
1196 1104 1233 1130 et
1253 1092 1320 1129 hic
1350 1097 1382 1142 ᾗ.
1407 1102 1474 1138 24.

212 1147 375 1192 judiciis.
408 1148 513 1186 Flor.
543 1150 690 1194 judicis,
723 1151 829 1186 asec.
851 1165 902 1186 m.
930 1149 1129 1195 judicibus.
1277 1153 1488 1199 cuicunque.

126 1205 261 1241 Turic-
305 1207 531 1255 quicumque.
806 1206 950 1256 statim.
1006 1206 1139 1242 Turic.
1194 1206 1299 1243 Flor.
1355 1207 1486 1244 Guelf.

128 1262 262 1310 Camp.
284 1260 489 1310 statimque
524 1276 613 1298 cum
638 1264 759 1300 Goth.
789 1265 895 1303 Voff.
922 1277 955 1300 1.
980 1274 1015 1299 2.
1058 1273 1094 1297 et
1115 1264 1200 1300 edd.
1222 1274 1308 1299 ante
1330 1266 1456 1300 Stoer.

218 1327 377 1366 quaeret.
413 1319 548 1357 Turio.
579 1319 682 1356 Flor.
712 1320 798 1366 (hie
821 1335 840 1355 a
866 1333 925 1369 pr.
951 1321 1023 1363 111.)
1066 1319 1201 1368 Camp.
1236 1329 1400 1369 quaerat.

208 1374 453 1424 fabricentur.
485 1376 619 1411 Turic.
651 1376 754 1414 Flor.
784 1377 868 1423 (hic
892 1392 910 1412 a
934 1391 993 1427 pr.
1016 1377 1091 1423 m.)
1113 1375 1488 1432 fahricantuqJens.

125 1433 243 1468 Tarv.
264 1431 485 1479 fabricetur.
517 1433 564 1468 cf.
587 1446 622 1479 9,
655 1443 692 1476 5,
727 1434 763 1470 6.

185 1530 187 1532 v
214 1499 253 1533 5.
284 1502 383 1524 vero.
416 1489 549 1524 Turio.
579 1489 686 1526 Flor.
718 1490 802 1536 (hic
829 1505 850 1526 a
871 1492 940 1527 sec.
961 1492 1033 1535 m.)
1062 1504 1167 1526 mora
1200 1504 1288 1526 cum
1308 1490 1412 1528 Alm.

212 1548 321 1581 ratio.
358 1546 490 1580 Turic-
524 1545 628 1581 Flor.
663 1546 792 1583 Guelf.
825 1551 948 1584 oratio
994 1561 1084 1582 cum
1110 1548 1209 1586 Jens.
1242 1549 1331 1594 (tae.
1358 1549 1491 1593 Gesu.)

126 1603 243 1639 Tarv.
287 1602 360 1638 Sed
391 1603 523 1638 Tun'c.
558 1616 577 1637 a
598 1604 665 1640 fec.
692 1617 744 1640 m.
776 1613 870 1641 orto.
906 1604 1025 1641 Goth.
1058 1606 1146 1649 (tac.
1176 1605 1307 1650 Gesn.)
1338 1606 1491 1642 omittit

123 1662 268 1709 patitur
299 1673 388 1695 cum
417 1659 523 1698 Voff.
556 1671 591 1696 2.
857 1664 1063 1711 imparatus
1096 1663 1146 1697 acl
1181 1661 1295 1711 casus.
1351 1663 1488 1698 Turic-

125 1717 229 1753 Flor.
261 1716 389 1752 Guelf.
421 1716 625 1764 aliquando
649 1719 796 1754 mittere
815 1718 918 1768 casus
939 1732 1027 1753 cum
1052 1718 1171 1754 Goth.
1194 1719 1298 1755 Voss.
1325 1731 1360 1755 1.
1386 1728 1422 1754 2.
1448 1728 1488 1762 5.

124 1773 229 1809 Alm.
250 1775 363 1809 Bern.
389 1773 592 1821 aliquando
614 1777 819 1810 mitteretur
842 1792 869 1810 c.
892 1776 990 1814 Jens.
1014 1775 1130 1810 Tarv.
1161 1775 1303 1811 Nostra
1326 1775 1490 1823 quidem

125 1831 169 1865 in
198 1831 280 1878 ipso
303 1831 437 1878 Camp.
475 1830 539 1865 sed
573 1831 739 1879 reposita
771 1833 876 1867 haud
904 1832 1022 1867 dubie
1044 1845 1064 1865 a
1091 1832 1326 1880 corrigente.
1387 1833 1488 1867 Bur-

126 1900 292 1922 mannus
326 1897 465 1922 tentat:
527 1890 588 1935 qui
628 1888 832 1936 aliquando
867 1891 1016 1923 mutiret
1056 1888 1106 1922 ad
1136 1887 1258 1936 casus,
1311 1883 1489 1925 'verbum

126 1943 308 1979 muniendi
329 1943 455 1977 errori
477 1942 606 1979 locum
638 1943 779 1981 dediss'e
808 1957 953 1986 tenens,
987 1944 1135 1980 etiamsi.
1167 1945 1279 1980 aliter
1309 1945 1488 1980 ordinata

125 2000 246 2036 fuerit
281 1999 479 2036 structura.
570 1999 678 2035 Mihi
709 2001 782 2038 tale
813 2002 909 2051 quid
950 2002 1163 2038 succurrit:
1226 2010 1267 2036 ut
1297 2003 1488 2050 quisquam
1544 2011 1546 2014 “

125 2055 266 2105 nesciat
305 2066 433 2092 orator
461 2056 590 2107 aliqua
634 2061 864 2095 committere
900 2058 1010 2108 casui.
1102 2059 1294 2095 Dativum
1327 2059 1490 2106 quidem

122 2108 240 2148 illum
270 2112 365 2149 alibi
386 2113 456 2148 vix
480 2114 649 2164 reperio.
709 2116 851 2165 Neque
885 2126 1014 2152 tamen
1044 2113 1126 2165 casu
1155 2115 1320 2150 scribere
1353 2115 1489 2156 ausim,

121 2170 284 2219 antiquo
306 2183 430 2208 more.
666 2171 800 2222 casus?
831 2173 944 2224 Quid.
975 2174 1110 2222 Camp.
1141 2172 1275 2208 inserit
1295 2172 1385 2209 Aut.

123 2283 403 2333 repraesentata
463 2287 632 2333 judicia,
691 2288 779 2323 sunt
835 2286 1130 2337 quodammodo
1159 2290 1192 2334 ᾖ.
1222 2299 1282 2321 10.
1324 2285 1490 2327 „brevia

123 2352 312 2377 maturata
333 2354 418 2378 ante
443 2344 559 2379 diem.
833 2345 956 2384 „illae‘
996 2354 1033 2380 et
1061 2347 1095 2393 ᾗ.
1124 2352 1189 2387 52.
1230 2343 1326 2383 „illa
1358 2342 1488 2379 elabo-

182 2398 777 2448 petentibus—perituris.Dum
833 2406 990 2442 ‚,rata“;
1034 2412 1077 2434 ut
1117 2413 1197 2434 11011
1240 2399 1488 2448 indigeamus

123 2465 264 2503 petunt
294 2455 338 2495 ii,
371 2456 451 2503 qui,
482 2457 554 2491 nisl
586 2458 778 2494 succurra·
835 2458 1068 2497 mutatione,
1103 2469 1219 2504 quam
1242 2456 1289 2490 ad
1310 2455 1416 2493 Dial.
1441 2456 1488 2492 de

125 2522 201 2552 tur,
231 2510 353 2545 statim
378 2513 546 2560 perituri
567 2515 663 2552 sunt.
754 2527 757 2529 ·
836 2514 962 2550 Oratt.
1004 2527 1034 2548 c.
1063 2526 1098 2561 9.
1149 2513 1279 2548 suadet
1309 2512 1489 2549 Schelius
1518 2544 1521 2552 ,

183 2567 249 2602 illa
282 2567 405 2603 verba.
464 2570 490 2605 i.
521 2584 551 2606 e.
600 2571 669 2607 issa
699 2582 776 2607 tam
833 2571 941 2612 „illic
958 2570 1120 2605 verba.“

124 2625 292 2674 egregia,
324 2624 468 2673 quibus
489 2627 674 2675 superbit.
712 2629 776 2664 Sic
894 2636 932 2671 5.
965 2636 1005 2662 ut
1024 2626 1344 2675 quisquam—ad
1372 2625 1485 2675 casus·-

121 2685 156 2730 §.
180 2688 216 2727 8.
257 2680 474 2723 „velocitas
512 2684 618 2724 illam
658 2685 774 2721 etiam
832 2684 880 2720 cf.
902 2695 985 2719 not.
1009 2683 1093 2718 crit.

920 2742 962 2778 N
994 2751 1015 2775 2
