1779 3062
230 153 330 211 570
451 189 471 200 ,.
554 150 631 199 Μ.
662 151 795 199 FAB.
833 150 1253 214 QmNTILlAm

227 282 308 329 rie
337 280 500 328 etiam
527 279 813 344 regionum
832 294 888 326 ac
910 276 1201 328 fluminum
1219 281 1448 347 proprii,
1481 281 1669 336 (le-1105

151 369 197 414 63
226 355 649 424 prehenduntur.
728 353 1034 420 Eademque
1066 355 1281 406 musicis
1311 360 1446 412 ratio
1485 358 1577 419 est,

226 435 326 500 qui
351 450 474 481 cum
503 434 563 481 in
591 432 786 481 cithara
807 433 1050 498 quinque
1077 433 1464 485 constituerunt
1491 435 1576 485 so·-

224 528 349 567 nos,
385 511 620 575 plurima
654 509 849 560 deinde
879 511 1128 559 varietate
1160 512 1428 577 complent
1462 511 1576 578 spa-

223 589 299 639 tia
329 586 422 637 illa
446 603 757 646 nervorum,
798 597 954 653 atque
976 588 1044 638 iis
1077 605 1213 653 quos
1241 587 1575 656 interposue-

224 778 262 806 εἰ
281 781 407 805 eorum
422 769 530 815 varia
550 769 663 804 etiam
681 781 756 817 reg.
779 767 912 804 Turic.
933 766 1036 804 Flor.
1050 766 1179 803 Guelf.
1194 767 1294 804 Exc.
1313 769 1417 804 sant.
1436 768 1570 817 Camp-

225 839 315 867 cum
345 824 466 862 Goth.
497 825 604 865 Voff.
631 835 668 860 2.
703 824 795 870 (nisi
824 823 929 873 quod
958 824 1024 859 hic
1046 834 1082 860 et
1105 837 1179 874 pro
1208 827 1353 868 etiam).
1381 838 1427 861 m.
1456 833 1491 860 et
1511 838 1573 861 eo-

221 897 304 918 rum
333 884 518 918 varietate
550 895 579 916 r.
611 881 709 920 Jens.
735 893 766 916 c.
793 879 887 930 post.
919 890 1004 916 ante
1035 880 1126 916 Ald.
1161 882 1274 917 medii
1293 895 1432 923 eorum,
1455 884 1572 917 varie-

222 948 306 976 tate
327 953 356 974 r.
380 937 527 986 reliqui
545 935 719 986 impress'i
740 950 885 973 omnes.
947 937 1021 972 sed
1044 950 1134 973 cum
1159 951 1241 975 non
1262 947 1452 986 appareat,
1474 937 1573 986 quid

220 996 270 1032 fit
301 995 484 1043 „proprii
512 994 695 1029 varietate
726 994 964 1042 regionum“
997 1005 1034 1030 et
1055 994 1168 1030 valde
1190 1008 1338 1035 verear,
1368 1007 1417 1029 ne
1440 994 1573 1033 Jenso-

219 1052 384 1088 mianum
407 1049 510 1086 illud
530 1053 711 1087 varietate
730 1050 842 1085 nullo
867 1050 1005 1098 scripto
1027 1051 1186 1091 nitatur,
1208 1051 1389 1086 codicum
1408 1050 1569 1099 scriptu-

217 1121 304 1144 :ram
340 1120 428 1144 cum
460 1106 647 1142 facillima
675 1107 833 1142 Gesneri
863 1107 1120 1148 correctione,
1154 1108 1371 1156 omiss‘oque
1392 1116 1438 1147 et,
1458 1107 1571 1153 cujus

218 1165 328 1201 nulla
361 1164 500 1212 utique
529 1163 629 1198 ratio
658 1162 717 1203 est,
748 1163 913 1210 reposui.
1122 1177 1250 1212 regum
1279 1163 1412 1200 Turic.
1435 1162 1567 1199 Guelf.
1594 1180 1598 1185 ¹

217 1222 312 1258 Exc.
347 1223 449 1256 sant.
473 1220 585 1266 cujus
613 1218 748 1254 mendi
771 1219 858 1254 fons
883 1219 1190 1266 deprehenditur
1210 1221 1252 1254 in
1276 1219 1380 1255 Flor.
1412 1219 1483 1255 ubi
1514 1233 1569 1254 re-

217 1278 332 1326 gffim.
358 1275 460 1312 Alm.
485 1276 527 1310 in
550 1275 612 1311 his
634 1274 816 1311 omnibus
840 1275 1051 1314 „turbare“
1079 1286 1227 1311 tantum
1247 1286 1435 1311 narratur.
1468 1277 1570 1311 Mox

215 1336 371 1383 proprie
396 1332 496 1371 Jens.
529 1344 561 1367 c.
593 1331 678 1367 edd.
713 1330 804 1378 post.
838 1343 923 1367 ante
947 1334 1079 1367 Burm.
1110 1345 1194 1369 exc.
1215 1332 1303 1367 Ald.
1362 1333 1569 1370 Nimirum

216 1391 393 1440 opposita
424 1388 518 1425 haec
544 1401 626 1425 vox
647 1386 853 1424 videbatur
881 1388 944 1422 illi
966 1389 1214 1436 generaliter;
1241 1389 1302 1425 sed
1325 1403 1452 1438 neque
1477 1389 1566 1425 loco

214 1448 284 1484 suo
311 1447 446 1496 posita,
477 1458 604 1494 neque
632 1445 683 1480 sic
716 1445 831 1479 etiam
863 1445 1076 1481 admodum
1098 1444 1238 1487 latina,
1270 1457 1308 1482 et
1334 1445 1446 1482 nullo
1478 1446 1568 1481 scri-

214 1514 287 1553 pto
308 1503 437 1539 nitens
469 1501 576 1550 (nam
600 1515 649 1537 ex
669 1500 774 1538 Alm.
797 1502 913 1537 etiam
937 1513 975 1537 et
996 1501 1102 1539 Vols.
1126 1502 1264 1538 diserte
1290 1505 1435 1552 proprii
1455 1502 1566 1538 affer·

216 1563 301 1606 tur)
327 1561 469 1597 merito
491 1560 632 1605 rejecta
656 1558 717 1593 est.
958 1557 1288 1605 deprehenduntur.
1348 1559 1411 1594 Sic
1430 1558 1565 1594 Turic-

215 1615 322 1652 Flor.
355 1615 484 1651 Guelf.
507 1614 626 1651 Got'h.
655 1617 748 1659 (err.
771 1614 900 1658 Gesn.)
929 1614 1034 1652 Voff.
1058 1624 1096 1650 2.
1127 1625 1165 1651 et
1193 1615 1280 1651 edd.
1303 1625 1390 1652 ante
1409 1614 1561 1665 Gryph.

215 1671 539 1722 deprehendantur
565 1670 724 1719 reliqui.

329 1763 396 1807 68.
457 1775 536 1796 cum
567 1760 710 1795 cithara
741 1759 846 1795 Flor.
910 1758 1165 1808 constituerint
1195 1765 1329 1812 Camp.
1503 1771 1562 1799 at·

213 1834 282 1873 que
302 1819 359 1855 his
384 1818 512 1854 Guelf.
537 1818 672 1865 Camp.
730 1824 841 1865 atque
861 1816 916 1852 his
935 1826 1044 1866 atque
1064 1819 1131 1856 huc
1151 1821 1285 1857 Turio.
1313 1817 1418 1855 Flor-

209 1978 298 2014 erit.
356 1976 477 2015 Venti
506 1984 633 2011 autem
654 1972 856 2019 fluminum
915 1972 1154 2023 Quintiliani
1165 1973 1260 2010 haec
1279 1988 1433 2012 mecum
1453 1989 1562 2013 eom-

208 2037 354 2083 proprr'i
378 2030 629 2081 intelligendi
657 2031 753 2070 sunt,
787 2032 857 2078 qui
912 2030 1142 2066 manicavit.
1183 2032 1267 2073 „Ut
1291 2032 1559 2080 Quintilianus

208 2093 488 2141 proprietatem
507 2088 648 2124 habere
668 2096 855 2135 putantur
910 2089 1052 2130 „sonos
1071 2088 1235 2123 muficos
1252 2088 1488 2138 (Φθὸγγους)
1505 2089 1556 2125 il·

209 2147 403 2183 assumine
416 2146 550 2195 aliquo
572 2142 745 2192 regionis
758 2143 853 2190 ejus,
909 2143 1138 2185 „lustrandis
1169 2144 1325 2180 dicendi
1345 2145 1555 2194 generibus

206 2205 310 2240 unde
332 2202 436 2244 flant,
469 2202 694 2238 derivatam.
909 2199 1117 2242 „adhibet,
1155 2200 1208 2235 ita
1238 2201 1402 2249 Dionys.
1424 2200 1554 2237 Halic-

267 2261 332 2305 63.
364 2256 698 2310 quinque—sonos.
726 2258 850 2292 Sonos
908 2255 1014 2304 »περὶ
1042 2270 1072 2290 τ.
1104 2256 1271 2301 Δημοσθ.
1294 2257 1419 2294 ὅεινὸτ.
1452 2271 1483 2294 e.
1511 2268 1549 2295 2.

205 2316 284 2353 hoc
320 2329 487 2352 numero
526 2312 732 2363 primarios
762 2325 850 2348 cum
906 2323 1054 2360 „genus
1085 2325 1201 2360 grave
1232 2324 1269 2349 et
1300 2314 1439 2350 subtile
1459 2327 1568 2356 cumv

201 2387 394 2422 nusquam
423 2372 526 2421 apud
557 2370 735 2418 antiquos
769 2382 848 2404 me·
904 2364 1049 2412 »ὑπάτη
1082 2380 1120 2404 et
1149 2368 1232 2413 viv-37
1264 2382 1440 2406 octavam
1471 2368 1552 2417 (διαὶ

200 2441 372 2466 moratos
397 2428 630 2467 invenirem,
641 2426 847 2464 Vitruvius
903 2424 1075 2472 „vx-aean)
1087 2425 1434 2473 complectentibus
1446 2439 1550 2462 com·
1564 2452 1567 2455 -

203 2498 331 2522 autem
345 2497 382 2522 et
393 2485 594 2523 Boethius,
606 2484 652 2518 ad
664 2495 761 2530 quos
773 2483 845 2516 Ba·
901 2491 1048 2529 „paran
1108 2482 1235 2520 Verba
1264 2493 1394 2519 autem
1423 2483 1549 2530 Quiu-

203 2543 291 2578 dius
313 2555 384 2578 nos
398 2541 576 2581 remittit,
603 2539 777 2588 quinque
793 2549 845 2573 te·
901 2563 926 2578 „
915 2536 1056 2578 ,tiliani
1078 2538 1124 2573 ad
1145 2538 1365 2574 Section-em
1377 2539 1546 2576 Canonis

201 2598 406 2635 tracherda
428 2599 645 2637 nominent,
674 2607 845 2642 quorum
900 2593 1134 2633 „secundum
1151 2594 1308 2642 systema
1327 2596 1545 2645 perfectum

197 2654 263 2691 hic
275 2655 378 2690 nulla
392 2650 845 2692 ratio;Boeckhiu1n
900 2662 977 2690 „ex
1007 2649 1111 2685 binis
1147 2652 1293 2687 octavis
1327 2652 1544 2693 confistens,

197 2712 301 2754 adii,
333 2713 404 2761 qui
435 2711 479 2748 iu
512 2712 622 2748 usum
650 2708 844 2746 lectorum
899 2705 1036 2757 „quod
1074 2707 1167 2743 inde
1205 2706 1252 2745 ab
1280 2706 1543 2746 Aristoxeneis
