1779 3062
225 164 321 219 506
541 162 616 207 M.
655 161 791 207 FAB.
828 160 1243 222 QUINTILIANI

143 298 192 338 58
220 300 297 346 te,
347 284 609 335 defendat.
701 287 775 335 Ac
813 286 1046 351 primum
1094 285 1381 335 concedant
1417 283 1556 334 mihi

146 844 193 880 39

219 381 403 415 omnes
422 373 645 428 oportet,
660 362 809 427 quod.
832 363 1127 412 Stoicorum
1150 380 1366 428 quoque
1388 361 1557 427 asper-

219 442 346 491 rimi
378 439 729 497 confitentur,
767 438 1030 489 facturum
1057 439 1343 504 aliquando
1375 441 1556 487 virum

220 519 445 575 bonum,
484 529 546 565 ut
573 517 910 567 mendacium
931 515 1083 575 dicat,
1107 528 1159 565 et
1180 516 1400 581 quidem
1420 532 1558 564 non-

220 611 499 660 nunquam
520 594 813 644 levioribus
834 591 1019 642 causis:
1062 603 1122 641 ut
1160 593 1219 641 in
1258 593 1436 657 pueris
1475 607 1561 638 ae-

222 671 584 738 grotantibus,
653 671 892 719 utilitatis
944 685 1134 718 eorum
1183 670 1344 733 gratia
1391 668 1561 717 multa

222 748 505 815 fingimus,
562 748 730 797 multa
777 764 889 797 non
937 744 1129 795 facturi
1167 746 1560 810 promittimus:
1626 773 1638 778 -

225 826 427 876 nedum
447 824 490 873 si
510 826 572 873 ab
587 826 807 875 homine
830 823 1123 872 occidendo
1145 819 1390 887 graffator
1413 837 1562 869 aver-

225 903 417 953 tendus
448 901 539 962 sit,
573 913 667 952 aut
705 900 868 951 hostis
905 917 1004 965 pro
1044 899 1205 949 salute
1241 899 1437 965 patriae
1464 896 1571 946 fal--

224 981 446 1030 lendus:
514 990 577 1028 ut
615 980 745 1037 hoc,
795 977 946 1043 quod
985 978 1107 1026 alias
1142 978 1201 1025 in
1231 975 1393 1025 servis
1426 992 1563 1040 quo-

226 1074 333 1122 que
357 1055 860 1124 reprehendendum
886 1053 975 1112 est,
1013 1053 1079 1102 sit
1111 1055 1235 1102 alias
1266 1051 1461 1120 inipso
1488 1050 1563 1099 sa·
1601 1097 1603 1099 ,

222 1137 403 1200 piente
438 1133 782 1182 laudandum.
863 1131 923 1180 Id
957 1130 1000 1179 si
1038 1129 1355 1188 constiterit,
1393 1129 1565 1178 multa

223 1215 327 1272 jam
359 1210 520 1259 video
557 1207 699 1276 poffe
728 1209 969 1265 evenire,
1020 1216 1239 1273 propter
1276 1223 1411 1272 quae
1448 1222 1566 1254 ora-

223 1298 308 1336 tor
344 1287 479 1335 bene
512 1284 756 1351 suscipiat
795 1285 896 1332 tale
935 1282 1113 1332 causae
1145 1301 1341 1349 genus,
1392 1283 1567 1348 quale,

222 1375 426 1414 remota
466 1364 670 1413 ratione
703 1359 938 1420 honesta,
975 1378 1088 1411 non
1123 1358 1406 1427 recepiffet.
1446 1360 1565 1409 Nec

309 1549 375 1588 38.
405 1544 461 1578 uti
491 1544 613 1589 pueris
643 1540 740 1577 Obr.
774 1555 855 1577 non
882 1540 1085 1577 neceffaria
1114 1540 1343 1577 mutatione.
1402 1551 1477 1575 non
1500 1535 1567 1586 fa·

223 1612 326 1637 ctura
353 1599 486 1635 Tul-ic.
507 1598 611 1634 Flor.
636 1611 726 1633 curn
748 1598 960 1633 Andreana.
991 1611 1066 1633 non
1086 1597 1214 1643 futura
1236 1598 1370 1645 Camp.

311 1667 375 1705 39.
418 1657 454 1690 in
477 1655 574 1704 seris
603 1655 735 1690 Turic.
758 1667 789 1689 c.
811 1653 913 1690 Alm.
934 1653 1206 1703 respondendus
1226 1667 1255 1689 e.
1272 1652 1306 1702 s.
1329 1653 1426 1688 alius
1447 1655 1470 1688 i.
1492 1654 1515 1688 ι’.
1530 1648 1564 1700 s

224 1712 435 1751 laudandus
464 1710 594 1747 Turic.
625 1710 731 1746 Flor.
767 1724 799 1746 c.
829 1710 933 1746 Alm.
993 1711 1090 1746 alias
1121 1713 1157 1745 in
1178 1729 1233 1737 —
1255 1707 1304 1756 est
1328 1707 1383 1757 sit
1416 1722 1492 1745 om.
1525 1708 1569 1743 in

224 1771 330 1810 Voff.
354 1780 389 1804 2.
425 1768 569 1803 retinet
594 1766 714 1802 Goth.
1002 1764 1204 1815 recepiffec.
1235 1766 1298 1800 Sic
1317 1764 1568 1801 Turie.Flor.

225 1828 360 1864 Ambr.
395 1836 431 1861 2.
463 1822 590 1859 Guelf.
622 1824 716 1857 Exc.
749 1825 850 1859 Sant.
882 1823 1017 1871 Camp.
1052 1836 1083 1859 o.
1111 1822 1230 1858 Goth.
1262 1822 1367 1859 Voff.
1404 1823 1506 1858 1.‘2.
1529 1829 1567 1864 5.

226 1886 340 1921 Bern.
369 1877 582 1931 suscepiſj‘et
603 1878 761 1927 reliqui,
795 1879 1068 1915 concinnitatis
1090 1879 1224 1927 gratia.

313 1947 382 1988 40.
433 1936 504 1987 sed
522 1949 568 1972 ne
587 1936 655 1971 hoc
669 1948 742 1984 pro
769 1950 834 1972 nec
855 1937 923 1973 hoc
942 1936 1073 1972 Turic.
1093 1934 1198 1973 Flor.
1229 1947 1262 1970 c.
1282 1933 1386 1970 Alm.
1442 1933 1571 1970 Habet

282 2093 348 2132 53.
379 2094 420 2120 ut
438 2082 667 2119 mendacium
687 2084 796 2119 dicat.
818 2085 865 2119 cf.
926 2085 996 2129 (Et
1013 2083 1089 2118 hoc
1110 2093 1244 2118 monet
1265 2080 1453 2130 Capper.)
1507 2080 1572 2116 Est

226 2155 275 2186 2,
311 2153 384 2187 17,
415 2152 478 2185 27.
547 2139 734 2188 Exempla
765 2151 869 2176 recte
927 2137 1195 2176 anacoluthiae
1218 2138 1468 2188 quiddamjn
1499 2135 1571 2177 hae

226 2198 519 2237 dissimulandae
540 2196 728 2232 veritatis
754 2196 871 2232 habet
928 2197 1114 2233 structura
1135 2194 1298 2231 voculae
1319 2194 1463 2233 nedum,
1477 2206 1570 2241 qua·

227 2259 345 2294 etiarn
364 2255 471 2292 Plato
493 2254 536 2288 in
554 2251 623 2289 lib.
638 2261 673 2289 2.
695 2252 866 2301 reipubl.
927 2253 986 2295 le,
1028 2252 1090 2288 sed
1120 2251 1283 2288 mollius
1312 2250 1429 2290 illud,
1467 2249 1572 2298 apud7

225 2329 264 2365 p.
286 2320 379 2358 532.
399 2309 532 2360 steph.
927 2309 1091 2345 Livium
1128 2318 1195 2349 ιο,
1228 2318 1301 2352 32,
1334 2313 1370 2351 4.
1411 2306 1570 2342 demon-

286 2380 351 2417 59.
396 2369 542 2404 nedum.
601 2366 679 2400 Hic
714 2364 872 2413 longius
929 2366 1018 2402 strat
1046 2364 1391 2401 Drakenborchus.
1426 2362 1500 2408 (cf.
1534 2371 1574 2406 et

229 2427 327 2477 quid
362 2422 609 2461 inserendum
650 2422 699 2456 est
729 2422 873 2469 cogita·
928 2423 1020 2457 Liv.
1052 2428 1116 2465 45,
1149 2430 1216 2469 29,
1250 2432 1286 2457 2.
1319 2430 1356 2456 et
1386 2418 1568 2456 Oudend.

229 2485 337 2519 tione
370 2479 559 2530 legentis,
618 2477 729 2513 velut
758 2485 799 2512 ut
820 2478 875 2528 sit
930 2479 978 2514 ad
997 2481 1154 2515 Sueton.
1185 2477 1295 2513 Galb.
1318 2477 1373 2522 5.)
1403 2475 1574 2524 Propius

228 2542 384 2576 vetitum
403 2537 561 2573 mentiri.
593 2534 695 2571 Nam
716 2544 873 2570 utnune
931 2536 1046 2570 etiam
1096 2535 1226 2570 nostro
1265 2534 1356 2569 Liv.
1388 2543 1434 2577 7,
1462 2537 1501 2578 4,
1526 2538 1573 2574 ῦς

231 2597 293 2636 est,
343 2591 566 2643 expectabas
596 2591 750 2640 potius:
803 2590 874 2639 sed
929 2605 1076 2640 „quem
1118 2603 1317 2626 armorum
1351 2590 1467 2626 etiam
1498 2598 1572 2636 pro

230 2652 345 2687 multo
381 2653 501 2699 magis
528 2651 651 2688 eciam,
685 2648 794 2696 quod
813 2661 872 2683 re-
928 2649 1081 2696 „patria
1102 2648 1248 2683 satietas
1260 2657 1418 2686 teneret,
1440 2643 1574 2680 nedum

233 2708 398 2743 ferretur
429 2707 475 2743 ad
511 2704 708 2743 levioribus
749 2702 876 2754 causis.
934 2704 1140 2746 „adversus
1167 2703 1372 2754 patriam.“
