1779 3062
192 190 294 239 254
519 180 595 239 Μ.
629 180 764 225 FAB.
797 181 1222 250 QU1NT1L1AN1

193 317 372 357 utatur
402 307 494 356 illa
518 308 792 358 Ciceronis
823 306 1164 365 confeffi0ue‚
1199 326 1298 357 non
1323 308 1471 357 modo
1478 302 1548 379 se

193 387 361 434 animo
386 387 710 443 commoveri,
733 381 841 457 secl
864 389 1016 434 etiam
1050 402 1265 449 corpore
1299 380 1410 457 ipso
1426 402 1547 450 per·

117 471 173 515 45
191 457 500 534 horrescere.
582 463 715 532 Quis
745 480 873 512 vero
907 461 1123 519 nesciat,
1164 473 1362 526 quanto
1398 462 1547 511 aliud

192 539 409 590 dicendi
431 557 598 605 genus
629 538 805 605 poscat
827 541 1051 606 gravitas
1082 537 1357 596 senatoria,
1397 539 1547 587 aliud

192 635 320 667 aura
355 618 667 683 popularis?
707 634 831 666 cum
863 619 1020 665 etiam
1057 614 1279 681 singulis
1306 614 1548 677 judican-

188 695 361 754 tibus,
437 711 550 744 non
580 694 725 743 idem
763 694 906 762 apud
947 710 1129 759 graves
1163 692 1334 750 viros,
1396 691 1548 757 quod.

188 772 446 832 leviores;
507 790 622 822 non
651 771 797 821 idem
841 771 985 837 apud.
1034 769 1337 827 eruditum,
1396 768 1548 834 quod.

186 850 502 907 militarem,
547 867 603 897 ac
641 848 899 899 rusticum
934 848 1140 897 deceat:
1198 846 1372 911 fitque
1409 864 1548 896 non-

186 944 469 992 nunquam
494 925 869 976 summittenda
894 937 947 974 et
969 923 1332 975 contrahenda
1358 924 1546 981 oratio,

186 1005 454 1066 nejudex
487 1021 601 1052 eam
635 1005 723 1052 vel
759 1004 1057 1068 intelligere
1098 1002 1186 1050 vel
1219 1017 1402 1067 capere
1433 1018 1548 1050 non

117 1094 168 1137 46
193 1081 353 1148 poffit.
433 1085 672 1147 Tempus
696 1097 915 1147 quoque
938 1098 994 1128 ac
1016 1081 1165 1128 locus
1190 1089 1345 1144 egent
1374 1076 1549 1127 obfer-

186 1271 278 1315 (nisi
310 1270 417 1318 quod
453 1269 519 1303 hic
536 1269 567 1313 j.
603 1281 694 1316 quae
725 1267 945 1311 diremtim)
977 1279 1066 1302 cum
1086 1266 1192 1304 Vofl'.
1222 1273 1259 1309 3.
1292 1275 1329 1300 et
1352 1265 1437 1300 edd.
1461 1275 1547 1301 ante

183 1327 271 1362 Ald.
299 1326 486 1372 judicibus
515 1326 591 1360 sine
623 1323 762 1373 copula
792 1324 925 1358 Turio.
957 1324 1089 1372 Camp.
1122 1322 1282 1369 Reliqui
1312 1322 1547 1371 judiciisque,

183 1384 364 1419 suadente
394 1382 519 1430 Regio
562 1392 598 1417 et
629 1380 922 1417 vindicantibus
964 1379 1082 1415 Goth.
1130 1377 1233 1418 Vall.
1277 1379 1433 1415 Deinde
1472 1393 1548 1414 una

182 1441 320 1477 Ambr.
344 1451 381 1476 2.
413 1437 542 1475 Guelf.
579 1439 715 1487 Camp.

267 1559 334 1600 45.
369 1562 522 1602 quanto.
557 1552 619 1587 Sic
642 1551 746 1586 Flor.
776 1551 909 1587 Ambr-
933 1561 968 1585 2.
992 1549 1120 1585 Guelf.
1154 1548 1272 1585 Goth.
1304 1553 1393 1595 (tac.
1414 1549 1546 1592 Gesn.)

183 1625 273 1646 cum
303 1609 409 1647 Vols.
432 1619 469 1643 2.
514 1608 612 1643 Obr.
660 1617 786 1643 cuncto
829 1608 961 1643 Turia.
1003 1619 1092 1641 cum
1114 1605 1216 1641 Alm.
1249 1607 1315 1652 (cf.
1337 1607 1424 1652 45.)
1466 1621 1546 1640 cum

183 1669 317 1715 Camp.
341 1664 506 1713 Reliqui
525 1667 624 1711 quin.
656 1665 750 1700 Non
773 1664 938 1700 debebat
955 1662 1116 1712 probari
1138 1663 1325 1697 structura
1349 1661 1543 1709 nesciendi,
1592 1706 1595 1708 ‚

183 1723 311 1772 qualis
344 1723 394 1757 est
432 1722 633 1756 dubitandi
670 1734 740 1769 per
782 1719 1136 1768 interrogationem
1176 1729 1243 1753 aut
1281 1719 1544 1767 negationem,

181 1781 260 1816 fine
280 1780 525 1815 auctoritate.
553 1778 693 1813 Nostra
713 1778 842 1825 figura
869 1777 918 1812 est
947 1789 1009 1817 10,
1046 1788 1079 1816 1,
1114 1784 1178 1819 55.

264 1850 367 1871 aura.
409 1835 545 1871 Ambr.
579 1844 614 1870 2.
644 1835 743 1879 jura.
777 1833 907 1870 Guelf.
939 1835 1032 1868 Exc.
1067 1835 1168 1868 sant.
1198 1834 1278 1868 vita
1309 1844 1397 1866 cum
1418 1844 1542 1878 marg,

178 1893 292 1930 Bam.
332 1895 424 1936 (err.
448 1892 604 1934 Burm.)

896 1891 993 1938 quod
1017 1890 1185 1924 leviores.
1229 1888 1361 1924 Turio.
1405 1901 1496 1937 quos
1517 1888 1543 1923 l.

180 1953 313 1999 Camp.
357 1949 492 1984 inserit
529 1956 576 1985 et.
623 1949 723 1984 Ron
753 1957 788 1983 et
818 1948 920 1983 inter
942 1945 1124 1994 swnmitc.
1157 1945 1322 1980 contrah.
1355 1945 1544 1980 omittunt

179 2008 314 2043 Turic.
369 2005 474 2041 Flor-

179 2064 313 2100 Turic.
347 2061 452 2099 Flor.
481 2075 572 2098 cum
593 2061 696 2098 Alm.

179 2232 246 2267 hic
298 2231 458 2279 quidem
515 2228 831 2265 animadvewtunt

178 2290 262 2326 VV.
294 2289 387 2322 DD.
433 2287 562 2336 qualia
617 2286 830 2321 memoriae

177 2345 389 2380 aberrantis
408 2339 582 2392 exemlila
603 2342 719 2377 nobis
741 2341 830 2390 plu-

177 2402 276 2436 rima
313 2401 399 2436 sunt
432 2400 560 2436 oblata
604 2410 641 2434 et
684 2409 825 2434 notata.

178 2458 224 2492 cf.
246 2459 349 2493 inter
369 2456 443 2491 alia
462 2464 499 2501 3,
534 2463 571 2501 lq,
606 2462 670 2501 28.
702 2466 740 2490 et
762 2455 829 2489 hic

177 2517 210 2561 ς·
241 2526 302 2562 19-

236 2577 298 2613 45.
350 2572 518 2618 gravitas
547 2570 744 2620 senatoria
774 2588 828 2594 —

176 2641 268 2662 aura
296 2628 499 2674 popularis.
556 2626 711 2661 Eximia
738 2637 828 2674 pro-

172 2683 335 2731 prietate
373 2695 627 2732 opponuntur
657 2683 830 2718 invicem

166 2737 375 2789 sentenciae
413 2752 449 2776 et
479 2743 679 2777 conciones.
713 2739 760 2775 cf.
793 2745 829 2782 5,

783 2019 857 2040 non
888 2002 1009 2054 poffit.

1064 2003 1099 2038 N
1109 2002 1329 2050 egationem
1362 2002 1547 2049 ign-orant

896 2242 969 2268 ιι,
1026 2234 1090 2270 42.
1171 2225 1270 2261 Mox
1302 2231 1366 2267 47.
1409 2223 1540 2259 eadem

889 2285 1041 2320 ratione
1059 2283 1189 2331 forum
1212 2294 1249 2317 et
1266 2283 1378 2317 curia.

947 2341 1152 2387 intelligere
1170 2360 1228 2366 —-
1248 2351 1385 2385 capere.
1425 2337 1538 2373 Prius

889 2399 935 2432 ad
948 2396 1252 2446 summittendum
1274 2396 1423 2443 spectat,
1446 2393 1538 2429 alte·

888 2467 976 2489 rum
1000 2454 1046 2488 ad
1069 2453 1365 2488 contrahendum.
1407 2449 1538 2486 Subti-

886 2509 942 2546 les
971 2510 1088 2545 nimis
1121 2520 1186 2545 aut
1210 2507 1437 2556 magnificas
1457 2507 1536 2541 sen·

888 2567 1025 2602 tentias
1071 2579 1152 2601 non
1200 2565 1382 2611 intelligit
1416 2563 1536 2610 judex

888 2622 1126 2658 ineruditior
1147 2633 1309 2671 propter
1334 2618 1533 2654 difficulta-

890 2690 989 2718 tem,
1020 2679 1284 2714 verbofiorem
1320 2677 1534 2712 orationem

889 2749 969 2771 non
990 2738 1090 2783 capit
1116 2746 1278 2785 propter
1301 2732 1504 2769 ambitum.
