1779 3062
394 158 560 203 INST.
611 157 893 203 ORATOR.
938 158 1061 202 Lm.
1107 157 1180 213 x,
1232 169 1274 201 1.
1447 165 1513 216 49

143 286 246 335 bus
301 285 526 351 receptis
579 281 866 332 Aristarchi
917 282 1122 342 judicio
1161 280 1510 348 scriptoribus

141 363 476 420 iamborum,
535 361 600 409 ad
635 359 746 417 ἕξιν
779 361 1008 408 maxime
1040 361 1330 426 pertinebit
1366 377 1510 410 unus

141 439 500 491 Archilochus.
580 441 799 487 Summa
834 438 894 485 in
924 437 1030 486 hoc
1056 440 1138 485 vis
1164 439 1506 496 elocutionis,
1533 443 1584 482 60

131 508 268 566 *cum
293 518 517 573 validae,
548 527 665 564 tum
691 516 879 563 breves
904 515 1281 579 vibrantesque
1305 515 1513 565 senten-

88 601 97 610 ²
141 596 268 652 tiae,
327 584 628 662 plurimum
676 591 950 658 sanguinis
1000 601 1157 655 atque
1198 609 1511 652 nervorum,

142 673 275 721 adeo
314 682 375 720 ut
397 671 643 720 videatur
663 669 1017 735 quibusdam,
1062 667 1213 732 quod.
1236 687 1510 735 quoquam

140 751 323 798 minor
355 747 455 807 est,
492 749 742 796 materiae
764 745 891 805 effe,
930 764 1043 795 non
1060 747 1266 811 ingenii
1292 750 1506 797 vitium.

139 828 359 875 Novem
386 843 513 875 vero
539 827 862 890 Lyricorum
891 826 1051 889 longe
1074 825 1338 873 Pindarus
1359 827 1507 890 prin·
1529 834 1577 872 δι

139 921 276 968 ceps,
301 902 517 968 spiritus
537 892 943 968 magnificentia,
978 900 1267 959 sententiis,
1301 900 1509 967 figuris,

137 980 415 1029 beatissima
450 998 633 1029 rerum
670 981 1079 1044 verborumque
1114 980 1292 1044 copia,
1355 981 1507 1029 velut

138 1057 375 1123 quodam
419 1049 757 1123 eloquen‘tiae
797 1055 1050 1107 flumine:
1114 1069 1336 1121 propter
1370 1075 1506 1122 quae

136 1136 392 1186 Horatius
439 1152 567 1185 eum
603 1137 795 1185 merito
830 1133 1059 1184 credidit
1096 1135 1305 1183 nemini
1334 1135 1509 1184 imita-

138 1292 272 1340 Camp.
304 1291 422 1329 Goth.
458 1293 556 1331 Jens.
591 1296 687 1337 (tac.
725 1293 865 1335 Gesn.)
906 1305 994 1326 cum
1023 1291 1126 1327 Voss'.
1161 1300 1196 1326 2.
1231 1302 1267 1326 et
1300 1291 1385 1327 edd.
1419 1274 1508 1326 ente

135 1349 246 1385 Bam.
308 1348 468 1396 Reliqui
494 1350 667 1384 inferunt
702 1347 763 1398 eft.
824 1351 871 1384 In
901 1348 1026 1383 Guelf.
1062 1348 1177 1382 multo
1209 1361 1256 1382 m.
1289 1349 1388 1396 quia.
1411 1362 1457 1382 m.
1479 1348 1506 1384 l.

129 1404 357 1454 formandus
396 1415 432 1440 ec
462 1406 540 1440 «luc.
575 1419 661 1441 cum
693 1407 790 1444 Jens.
829 1406 924 1452 (tac.
959 1405 1098 1447 Gesn.)
1147 1416 1184 1439 et
1216 1403 1301 1439 edd.
1343 1405 1501 1452 posterr-

136 1473 222 1497 ante
258 1465 381 1498 Stoer.
417 1463 487 1497 nisi
522 1463 627 1510 quod
649 1462 719 1497 hae
737 1462 943 1510 formanda
965 1473 1075 1496 mens.
1109 1461 1215 1496 Voss.
1247 1475 1280 1495 1.
1307 1470 1343 1502 3.
1369 1459 1506 1495 mutili

134 1518 178 1554 in
208 1518 246 1554 h.
278 1518 329 1559 l.‚
374 1520 399 1552 fi
430 1529 532 1554 recte
561 1530 852 1559 memorantur,
896 1530 1067 1553 ceterum
1100 1517 1381 1552 consentientes
1415 1530 1502 1552 cum

136 1575 264 1611 Guelf.
299 1575 415 1610 multa
436 1590 482 1611 m.
506 1589 616 1624 quam
634 1590 679 1611 m.
702 1574 969 1623 l.f0rmandus
987 1582 1022 1607 et
1042 1574 1123 1608 duc.
1144 1572 1253 1607 Bafil.
1315 1575 1361 1607 In
1383 1573 1500 1609 Goth.

127 1630 348 1680 festinantia
367 1645 439 1680 pro
454 1631 674 1679 formanda.
866 1633 916 1667 ad
937 1627 1018 1670 ἕξιν.
1079 1629 1211 1666 Turio.
1234 1628 1338 1664 Flos.
1366 1631 1499 1678 Camp.

134 1689 184 1725 ad
218 1690 305 1725 haec
337 1701 425 1723 cum
458 1689 576 1724 Goth.
612 1689 717 1727 Voss'.
751 1699 786 1725 2.
815 1687 919 1724 Alm.
941 1686 1042 1723 Van.
1083 1691 1186 1731 (err.
1211 1686 1379 1734 Burm.)
1415 1685 1499 1721 Ald.

133 1747 226 1782 Bad.
272 1747 322 1781 ad
373 1748 510 1781 exitum
548 1745 674 1781 Guelf.
719 1760 806 1781 cum
836 1746 934 1783 Jens.
978 1755 1015 1779 et
1049 1744 1134 1779 edd.
1168 1743 1263 1790 post.
1296 1754 1381 1778 ante
1412 1742 1499 1778 Ald.

132 1804 320 1839 Nostrum
352 1803 507 1850 egregie
528 1803 701 1850 reposuit
717 1802 941 1839 Philander.
1002 1801 1129 1837 Modo
1152 1799 1284 1836 Turio.
1311 1813 1330 1834 a
1348 1800 1420 1835 sec.
1448 1813 1500 1836 m.

132 1862 361 1908 praeceptis,
397 1873 485 1895 cum
508 1873 528 1894 a
549 1873 608 1908 pr.
639 1862 829 1909 raeceptis.

225 1962 289 1998 60.
324 1962 554 2013 quibusdam.
617 1962 750 1997 Turio.
782 1962 927 2012 quibas.
1165 1958 1265 2009 quod
1306 1971 1499 2007 quoquam.

134 2019 268 2056 Turio.
294 2022 329 2063 (a
349 2020 417 2054 sec.
441 2020 516 2061 m.)
548 2033 581 2068 q.
608 2032 762 2067 quoque.
823 2020 854 2053 E
876 2018 980 2054 Flor.
1009 2030 1080 2067 quo
1108 2030 1203 2066 que,
1232 2015 1294 2050 sed
1316 2028 1333 2050 a
1356 2015 1423 2050 sec.
1447 2027 1498 2050 m.

133 2076 233 2126 quod
256 2076 414 2124 quidem,
437 2086 474 2111 et
494 2077 542 2110 fic
565 2075 692 2113 Guelf.
719 2075 838 2112 Goth.
864 2079 951 2121 (tac.
975 2074 1105 2119 Gesn.)
1140 2074 1274 2121 Camp.
1298 2084 1389 2107 cum
1410 2071 1494 2106 edd.

132 2144 218 2169 ante
239 2132 347 2169 Bam.
421 2134 564 2181 ingenii
586 2135 730 2170 vitium.
763 2133 896 2169 Tui-ic.
921 2133 1175 2181 ingenitivum.

192 2237 259 2273 61.
292 2237 421 2284 copia,
452 2235 554 2271 velut
584 2236 760 2284 quodam.
834 2235 966 2272 Turie.
1001 2249 1029 2270 c.
1061 2248 1094 2281 q.
1157 2230 1344 2268 Nostrum
1377 2229 1495 2266 Goth.

131 2297 221 2342 (tac.
245 2293 376 2341 Gefn.)
408 2293 540 2342 Camp.
570 2306 659 2330 cum
677 2294 782 2334 Voff.
805 2305 842 2331 2.
884 2291 1046 2341 Reliqui
1065 2290 1237 2326 inserunt
1258 2296 1294 2323 et
1311 2286 1396 2336 post
1416 2299 1495 2336 cop.

132 2443 349 2481 ponactem.
411 2426 482 2469 ἕξιν
513 2429 558 2466 ef.
593 2430 640 2466 ad
674 2433 708 2479 ᾗ.
747 2444 780 2467 1.
904 2429 969 2466 60.
1003 2427 1259 2474 vibrantesque
1274 2420 1493 2471 sententiae.

130 2487 394 2524 Archilochus
425 2500 445 2521 a
468 2488 656 2523 Cicerone
675 2488 783 2536 prin·
842 2487 1070 2523 Potestatem
1084 2481 1196 2518 verbi
1209 2479 1495 2515 intransitivam

133 2546 219 2594 cipe
232 2545 477 2593 locopofitus
490 2542 598 2580 Orat.
617 2557 675 2585 1.;
700 2544 784 2592 qui·
842 2545 933 2579 vide
957 2556 992 2590 9,
1020 2551 1056 2585 4,
1082 2546 1145 2584 55.
1189 2537 1269 2573 Cic.
1293 2537 1402 2571 Brut.
1430 2542 1494 2584 95,

131 2601 205 2638 bus
228 2601 313 2636 add.
337 2614 433 2649 quae
459 2600 617 2636 exhibet
630 2600 779 2636 Fabric.
845 2601 880 2637 6.
913 2597 1163 2635 Translatam,
1190 2604 1234 2630 ut
1259 2593 1338 2633 hic.
1366 2606 1430 2634 ιι,
1453 2601 1491 2636 5,

131 2658 241 2696 Harl.
264 2657 352 2698 Vol.
385 2668 422 2694 2.
453 2670 492 2707 p.
523 2657 601 2693 206
628 2658 708 2707 sqq.
847 2668 938 2693 120.
977 2666 1046 2696 12,
1073 2665 1119 2701 9,
1144 2661 1181 2696 5.

902 2713 966 2750 61.
1000 2711 1190 2747 Horatius.
1222 2707 1350 2744 casm.
1381 2711 1431 2754 4,
1454 2712 1490 2741 2'.

194 2772 301 2810 Tom.
332 2770 402 2809 IV.
986 2769 1024 2803 D
