1779 3062
271 179 367 223 322
495 130 500 142 ι
591 166 666 212 Μ.
700 167 837 211 FAB.
873 165 1291 228 QUINTILIANI

277 300 383 347 tus,
428 287 588 349 rediit
608 291 673 339 acl
696 307 837 349 eum,
878 293 1095 358 quicum
1115 291 1322 350 luserat,
1357 294 1511 359 isque
1543 294 1617 344 ita

276 364 478 414 fantiam
509 366 606 416 effe
639 366 896 418 confessus
930 367 1029 418 est:
1087 371 1269 419 minus
1300 370 1446 420 idem
1478 372 1613 421 ordo

276 443 476 491 valebit
506 445 565 493 in
596 447 858 504 oratione,
902 445 1202 511 praesertim
1246 456 1390 496 totus
1431 447 1614 498 nostro

279 519 497 568 arbitrio
541 521 878 580 constitutus,
928 540 1050 571 cum
1080 532 1287 570 tantum
1316 525 1408 571 ille
1443 526 1616 574 valeat

193 614 248 653 59
276 595 541 646 alternus?
589 600 759 648 Etiam
789 616 921 665 quae
950 599 1084 647 bene
1118 597 1404 663 composita
1437 612 1615 659 erunt,

268 675 584 739 memoriam
605 674 733 724 serie
755 675 843 725 sua
866 676 1073 725 ducent.
1155 676 1297 723 Nam
1327 674 1463 724 sicut
1488 676 1616 725 faci-

265 751 374 799 lius
418 751 598 802 versus
641 751 944 810 ediscimus,
985 768 1144 817 quam
1176 748 1383 817 prosam
1418 754 1613 803 oratio-

268 845 422 877 nem:
470 829 542 877 ita
561 829 740 894 prosae
762 831 964 887 vincta,
1003 846 1164 893 quam
1189 826 1446 879 diffoluta.
1527 831 1613 879 Sic

273 906 550 970 contingit,
590 917 652 954 ut
678 907 833 954 etiam
856 923 989 971 quae
1012 923 1075 953 ex
1098 917 1338 972 tempore
1357 906 1614 956 videban-

266 991 356 1030 tur
399 978 583 1040 effusa,
639 984 705 1031 ad.
753 985 981 1032 verbum
1031 983 1251 1049 repetita
1291 983 1609 1032 reddantur:

266 1057 417 1124 quod.
450 1076 595 1107 meae
629 1076 847 1124 quoque
879 1061 1167 1108 memoriae
1190 1059 1612 1110 mediocritatem

264 1133 597 1200 sequebatur,
626 1135 669 1183 si
693 1136 910 1201 quando
932 1138 1264 1185 interventus
1286 1137 1611 1202 aliquorum,

268 1276 398 1313 Guelf.
429 1278 526 1313 Exc.
556 1280 708 1316 Santen.
941 1281 1082 1328 quicum
1113 1276 1260 1327 luserat.
1289 1273 1424 1315 Turio.
1457 1291 1527 1327 quo
1549 1278 1612 1315 die

268 1348 347 1368 cum
367 1332 533 1382 cluserat.
556 1334 658 1370 Flor.
682 1347 753 1384 quo
773 1335 834 1370 die
854 1349 932 1371 cum
952 1335 1097 1384 luserat,
1120 1335 1181 1371 sed
1203 1348 1222 1369 a
1238 1336 1306 1370 sec.
1328 1338 1382 1369 in.
1406 1349 1478 1383 quo
1493 1349 1571 1370 cum
1582 1336 1609 1372 l.

269 1401 308 1425 et
337 1390 386 1424 sic
414 1389 547 1426 Ambr.
572 1400 608 1427 2.
645 1391 772 1427 Guelf.
792 1393 885 1428 Exc.
920 1395 1070 1428 Samen.
1103 1393 1235 1441 Camp.
1266 1404 1354 1427 cum
1383 1392 1487 1429 Voff.
1511 1406 1546 1428 1.
1569 1400 1609 1435 5.

267 1448 384 1483 Bern.
402 1447 595 1493 Equidem
616 1460 684 1495 per
705 1449 1040 1496 transpositionem
1065 1463 1082 1483 e
1104 1448 1261 1484 vetustis
1280 1447 1360 1483 illis
1374 1461 1490 1483 eruo:
1519 1461 1610 1497 quo·

271 1516 351 1537 cum
366 1506 429 1545 (an
443 1504 603 1550 quicum)
625 1504 746 1552 pridie
766 1505 872 1548 (inde
894 1505 963 1540 ess‘e
985 1504 1154 1540 litteram
1176 1505 1354 1552 suspicor,
1378 1518 1473 1552 quae
1485 1505 1609 1541 verbo

271 1557 409 1607 luserat
443 1560 706 1606 praemittitur
735 1561 779 1596 in
810 1562 973 1608 Turio.)
1003 1560 1148 1609 luserat,
1180 1574 1259 1608 quo
1287 1562 1412 1607 major
1432 1570 1611 1610 appareat

271 1614 485 1651 memoriae
510 1615 584 1650 vis.
830 1614 1053 1663 constitutus.
1086 1617 1220 1653 Turic.
1243 1615 1345 1651 Flor.
1370 1618 1501 1665 Camp.
1525 1630 1610 1652 con-

262 1668 425 1720 structus
454 1683 541 1706 cum
569 1670 670 1708 Alm.
693 1672 805 1708 Bodl.
827 1674 946 1708 Andr.
975 1675 1034 1708 An
1054 1673 1131 1708 fuit
1150 1670 1388 1720 constrictus?
1412 1673 1459 1708 cf.
1486 1687 1520 1714 1,
1547 1682 1609 1716 13,

274 1740 309 1762 2.
346 1737 383 1770 7,
407 1736 444 1770 3,
471 1735 532 1771 14.
568 1728 673 1763 nihil
693 1728 757 1764 hic
779 1730 899 1765 fuerit
918 1729 990 1763 nili
1003 1728 1171 1776 firmiter
1191 1728 1475 1777 comprehensus.
1510 1730 1612 1764 Mox

271 1784 406 1831 Camp.
430 1783 591 1819 alterius.
628 1786 827 1824 „Alterius
847 1785 1077 1830 conjiciebat
1097 1786 1293 1825 Francius,
1313 1785 1373 1819 sed
1395 1798 1612 1833 perperam,

270 1839 349 1881 „in
374 1839 582 1874 duodecim
606 1841 710 1876 enim
731 1842 961 1890 scriptorum
981 1840 1076 1876 ludo
1097 1840 1253 1877 alternis
1272 1840 1446 1881 luditur,
1476 1852 1515 1877 et
1536 1840 1611 1877 cal·

269 1920 296 1937 υ
309 1895 390 1931 culi
412 1908 705 1944 promoventur.
722 1903 746 1917 “
775 1899 1033 1933 Burmannus.

360 1961 427 2000 59.
458 1951 590 2001 prosae
619 1955 756 1995 vincta,
786 1968 896 2003 quam
925 1952 1110 2002 diffoluta.
1140 1954 1203 1989 Sic
1231 1954 1289 1990 ed.
1308 1953 1419 1990 Leid.
1441 1952 1613 1991 Choueti

272 2021 391 2056 marg.
406 2007 538 2044 Ambr.
554 2018 589 2045 2.
612 2010 703 2054 (nisi
724 2011 831 2058 quod
847 2010 913 2044 hic
933 2009 1071 2058 prose).
1102 2010 1176 2045 Sed
1190 2011 1321 2046 Turic.
1341 2009 1447 2059 prose
1467 2013 1610 2047 victam

274 2080 307 2114 q.
332 2063 520 2113 diffoluta.
546 2065 650 2101 Flor.
679 2065 811 2115 prosae
824 2068 995 2111 junctata
1014 2070 1051 2109 (a
1072 2067 1140 2102 sec.
1161 2080 1210 2100 m.
1230 2068 1377 2111 juncta)
1400 2081 1433 2115 q.
1454 2065 1607 2116 diſj‘olu·

276 2132 327 2158 ta.
355 2120 480 2156 Guelf.
502 2122 595 2155 Exc.
621 2123 769 2159 Santen.
792 2124 851 2166 (in
870 2124 963 2158 Exc.
985 2123 1141 2170 quidem
1165 2121 1340 2171 diffoluta
1359 2136 1438 2158 non
1460 2135 1610 2159 memo-

275 2179 408 2220 ratur)
429 2191 496 2225 per
509 2176 693 2225 sejuncta
715 2194 749 2228 q.
772 2177 958 2227 diffoluta.
983 2179 1113 2226 Camp.
1136 2178 1268 2226 prosae
1283 2180 1415 2224 juncta
1437 2193 1472 2228 q.
1496 2177 1609 2228 diffo-

275 2236 369 2271 luta.
400 2232 560 2282 Reliqui
578 2234 728 2283 prosam
748 2238 910 2270 vinctam
933 2249 965 2283 q.
988 2233 1222 2283 diffolutam,
1254 2235 1360 2282 quod
1379 2248 1488 2270 aures
1507 2235 1609 2283 ipfae

274 2291 470 2338 respuunt.
527 2291 706 2326 Nostram
727 2292 950 2339 scripturam
970 2291 1110 2327 inscius
1136 2291 1299 2326 miratur
1321 2291 1437 2331 Gibs⁸¹
1468 2292 1610 2339 probat
1664 2310 1667 2311 ⁷

275 2347 423 2397 peritus
445 2348 579 2381 Burm.
624 2346 802 2383 Ceterum
826 2348 944 2382 Goth.
964 2348 1061 2385 Jens.
1078 2350 1246 2392 junctam
1266 2360 1353 2382 cum
1376 2347 1478 2383 Voff.
1504 2357 1540 2382 2.
1573 2358 1611 2384 et
1674 2366 1678 2370 ·

278 2402 364 2438 edd.
385 2402 542 2450 posterr.
567 2414 650 2438 ante
672 2404 763 2441 Bad.
783 2407 814 2438 E
834 2404 938 2440 Voff.
962 2413 998 2446 5.
1028 2407 1169 2439 evincta
1191 2414 1382 2439 memorat
1402 2404 1535 2438 Burm.
1557 2404 1610 2438 fi·

277 2459 367 2495 dem
398 2459 543 2493 nostrae
571 2460 724 2496 faciens.
766 2463 867 2496 Μοκ
890 2462 1049 2507 contigit
1071 2462 1201 2496 Tin-ic.
1223 2460 1325 2496 Flor.
1547 2457 1610 2508 se·

277 2515 463 2566 quebatur.
485 2515 611 2552 Guelf.
633 2517 749 2554 Goth.
770 2520 858 2562 (tac.
884 2517 991 2554 Gesn.
1012 2518 1074 2553 sed
1093 2531 1112 2552 a
1131 2531 1189 2567 pr.
1216 2527 1363 2552 tantum
1387 2517 1461 2564 m.)
1480 2514 1610 2566 seque-

329 2642 471 2689 quicum
486 2639 633 2689 luserat.
657 2640 704 2678 ef.
721 2653 803 2678 not.
825 2642 909 2679 crit.
1026 2642 1092 2690 59}
1104 2640 1336 2692 sequebatur·
1350 2640 1397 2677 cf·
1414 2652 1476 2682 10.
1492 2648 1530 2682 2·
1542 2636 1608 2675 26.

332 2695 559 2746 constitutus.
582 2698 630 2735 cf.
651 2701 840 2745 not-„crit-

1731 294 1737 372 ῗι
