1779 3062
269 211 335 258 54
581 202 656 247 M.
702 203 837 247 FAB.
884 205 1301 265 QUINTILIANI

269 327 549 385 libertatis,
589 325 677 374 etsi
711 327 782 375 est
816 328 1128 380 insectandis
1154 333 1296 380 vitiis
1322 333 1617 398 praecipua,

271 404 570 469 plurimum
600 415 776 452 tamen
806 407 1006 455 virium
1035 410 1190 456 etiam
1217 410 1273 456 in
1295 410 1478 457 ceteris
1501 425 1619 474 par-

272 481 414 527 tibus
449 481 619 529 habet.
693 483 835 530 Nam
869 496 920 532 et
948 485 1185 550 grandis,
1222 496 1273 532 et
1293 486 1528 549 elegans,
1568 495 1619 532 et

271 555 516 605 venusta:
559 568 609 605 et
643 557 817 608 nescio
854 578 918 609 an
951 563 1128 619 nulla,
1168 560 1286 627 post
1323 565 1710 618 Homerum897

273 643 476 691 tamen,
539 652 725 699 quem,
778 647 839 684 ut
877 639 1165 696 Achillem,
1207 637 1411 702 semper
1452 639 1624 702 excipi

272 727 368 774 par
391 709 489 768 est,
527 723 617 760 aut
639 711 858 762 similior
877 712 934 761 fit
955 716 1254 764 oratoribus
1271 752 1284 772 ,
1313 725 1403 764 aut
1422 714 1487 762 ad
1510 732 1625 762 ora-

198 794 250 831 66
274 797 414 835 tores
449 786 719 838 faciendos
751 792 934 854 aptior.
1013 794 1197 840 Plures
1222 796 1333 853 eJus
1357 802 1623 840 auctores:

274 859 657 931 Aristophanes
676 876 875 925 tamen,
916 879 966 916 et
994 869 1229 933 Eupolis,
1275 869 1624 933 Cratinusque

273 943 561 1006 praecipui.
656 945 974 1008 Tragoedias
1033 947 1270 1010 primum
1330 946 1389 993 in
1448 946 1626 994 lucem

275 1012 569 1087 Aeschylus
619 1021 867 1085 protulit,
932 1020 1171 1071 sublimis
1221 1032 1271 1069 et
1323 1023 1522 1087 gravis,
1575 1031 1629 1069 et

276 1094 661 1160 grandiloquus
682 1094 830 1162 saepe
852 1115 1022 1162 usque
1045 1099 1110 1146 ad
1130 1100 1341 1156 vitium,
1361 1097 1450 1146 sed
1477 1098 1628 1147 rudis

275 1171 332 1217 in
367 1171 635 1236 plerisque
675 1184 725 1220 et
760 1175 1170 1239 incompositus:
1228 1186 1446 1240 propter
1480 1174 1631 1240 quod

278 1258 532 1297 correctas
580 1253 693 1310 ejus
741 1248 946 1299 fabulas
1000 1254 1060 1299 in
1110 1261 1372 1299 certamen
1425 1250 1632 1299 deferre

365 1397 415 1446 est
435 1399 665 1449 insectandis.
728 1402 790 1435 Sic
812 1402 944 1436 Turic.
965 1401 1069 1438 Flor.
1092 1402 1220 1439 Guelf.
1244 1405 1377 1452 Camp.
1401 1416 1489 1438 cum
1512 1404 1632 1440 Goth.

278 1455 383 1494 Voss.
409 1467 443 1491 2.
477 1458 573 1494 Jens.
596 1458 709 1492 Tm-v.
733 1457 820 1492 Ald.
882 1458 1043 1506 Reliqui
1065 1459 1236 1495 inserunt
1258 1463 1308 1494 in.
1468 1458 1631 1508 venusta.

280 1513 414 1547 Turio.
438 1513 542 1548 Flor.
567 1513 659 1555 (hic
682 1528 699 1546 a
721 1528 778 1562 pr.
800 1514 882 1562 in.)
913 1510 1062 1561 vetusta.
1124 1518 1276 1551 Haereo
1298 1517 1380 1551 sane
1403 1517 1444 1551 in
1466 1527 1631 1564 recepta,

282 1568 492 1603 desiderans
528 1579 640 1603 tenue
672 1569 773 1604 illud
803 1571 909 1618 quod
942 1572 1042 1605 inter
1072 1573 1221 1618 elegans
1251 1583 1286 1607 et
1307 1569 1493 1619 venustum
1513 1571 1633 1607 inter-

281 1624 415 1658 cedere
436 1625 557 1672 potest
577 1625 796 1660 discrimen.
843 1628 982 1674 Neque
1004 1638 1129 1662 tamen
1151 1626 1292 1675 vetusta
1311 1627 1501 1663 laudabili
1520 1629 1634 1676 figni-

281 1678 461 1715 ficatione
485 1681 685 1727 quomodo
706 1682 784 1716 diei
803 1683 998 1730 potuerit,
1031 1685 1316 1719 comminiscor.
1449 1699 1497 1719 an
1517 1685 1634 1721 nulla.

279 1736 369 1770 Hoc
391 1737 480 1771 dedi
506 1750 552 1771 ex
571 1738 812 1783 conjectus&
845 1738 939 1774 libri
966 1739 1068 1774 enim
1092 1755 1140 1775 an
1162 1741 1260 1781 ulla,
1283 1741 1350 1775 nifi
1372 1737 1634 1788 quod'TuriC.

280 1790 384 1828 Flor.
415 1793 508 1836 (hic
531 1807 549 1827 a
569 1809 626 1843 pr.
649 1797 728 1838 m.)
759 1809 805 1828 an
828 1796 894 1829 illa
916 1808 1003 1830 cum
1022 1796 1131 1832 Basil.
1164 1797 1209 1832 cf.
1234 1809 1268 1844 9,
1293 1803 1327 1841 4,
1355 1812 1389 1833 1.
1426 1810 1487 1838 11,
1509 1806 1546 1840 3,
1569 1807 1633 1844 97.

370 1862 486 1898 quem.
548 1851 678 1885 Turio.
711 1865 813 1899 qaae.

370 1928 433 1964 66.
465 1938 616 1977 propter
636 1930 734 1978 quod
753 1939 942 1966 correctas.
991 1931 1123 1967 Turio.
1146 1931 1250 1967 Flor.
1275 1933 1311 1976 (a
1332 1946 1391 1982 pr.
1414 1946 1465 1968 m.
1488 1934 1636 1981 uterq.)

283 2061 340 2096 tio
370 2061 464 2096 huic
499 2061 704 2098 structurae
720 2090 729 2103 ,
780 2064 822 2098 in
857 2077 930 2112 qua

282 2118 426 2152 necesse
447 2119 496 2152 est
517 2120 563 2153 ad
582 2119 799 2166 genitivum
814 2120 929 2155 illum

276 2172 355 2220 fac.
378 2174 559 2209 libertatis
578 2188 749 2223 graecam
764 2177 929 2211 formam

284 2225 371 2264 οὖσα
436 2231 475 2265 in
482 2230 710 2279 telligamus.

988 2062 1133 2103 ,,ἇλλων
1164 2063 1315 2099 Δαναῶν
1361 2062 1437 2110 μετ’
1467 2061 1640 2109 ἀμύμονα

988 2118 1244 2165 ,,Πηλείωνα.“
1289 2121 1399 2156 Gesn.
1458 2122 1519 2156 Ad
1543 2134 1637 2169 pro-

988 2191 1133 2212 nomen
1172 2177 1275 2212 nulla
1314 2177 1461 2225 optime
1501 2177 1638 2212 subau-

799 2234 928 2268 Nemo
991 2234 1119 2268 dietur
1149 2233 1288 2283 poesis,
1319 2247 1399 2268 non
1433 2233 1637 2269 comoedia.

287 2286 410 2327 enim,
443 2287 595 2334 opinor,
629 2291 786 2338 gratiam
807 2290 932 2324 trahet

287 2342 332 2376 ad
361 2343 440 2390 fac.
473 2343 559 2384 lib„
605 2345 645 2379 in
679 2358 751 2392 qua
780 2345 930 2381 ratione

286 2402 420 2433 recinet
435 2400 598 2436 debebat
617 2402 687 2436 effe
706 2402 789 2450 post
810 2402 929 2437 libert.

343 2453 504 2501 venusta.
537 2458 582 2493 cf.
602 2468 681 2492 not.
706 2458 790 2494 crit.

343 2512 523 2547 Achillem
543 2534 599 2540 —
621 2516 739 2560 excipi
769 2529 839 2563 par
870 2511 930 2561 est.

286 2568 439 2614 „Quem
463 2570 608 2617 excipit
630 2571 823 2606 Homerus
843 2584 879 2605 v.
896 2584 930 2617 g.

290 2625 361 2664 „in
397 2625 508 2659 laude
547 2626 663 2662 Nisei
700 2628 743 2661 in
771 2627 935 2661 Boeotia

290 2687 411 2724 sugo.
471 2682 603 2729 Νιρεὺς
656 2679 689 2724 ὃς
744 2681 935 2722 κάλλιστος

290 2735 401 2784 »ἀνὴρ
448 2735 518 2771 tiro*
561 2735 671 2773 Ἴλιον
706 2735 815 2783 ἦλθεν
853 2740 935 2775 Τῶν

1050 2289 1113 2325 66.
1146 2298 1325 2324 correctas
1363 2291 1441 2334 ejus
1468 2289 1637 2337 fabulas-

988 2348 1050 2382 De
1073 2346 1255 2381 correctis
1279 2357 1456 2381 veterum
1481 2345 1637 2387 fabulis,

992 2414 1029 2438 et
1062 2402 1161 2442 hoc,
1195 2402 1301 2451 quod
1329 2403 1463 2451 prodit
1486 2401 1640 2449 Quinti-

990 2459 1140 2496 lianus,
1194 2472 1241 2492 an
1292 2470 1394 2494 recte
1442 2469 1640 2494 narratum

990 2515 1119 2550 videri
1146 2514 1278 2563 poffit,
1325 2529 1450 2563 nuper
1479 2525 1640 2562 egerunt

989 2571 1071 2605 viri
1112 2570 1320 2606 doctiffimi
1349 2570 1572 2606 Boecklu'us
1602 2580 1640 2605 et

993 2627 1155 2662 Godofr.
1190 2629 1434 2662 Hermannus
1475 2625 1567 2669 [ille
1596 2626 1640 2660 in

992 2681 1128 2717 libello
1150 2684 1194 2718 de
1208 2683 1398 2731 Aeschyli,
1419 2680 1638 2732 Sophoclis,

990 2739 1193 2788 Euripidis
1225 2753 1320 2789 quae
1348 2739 1547 2789 supersunt
1567 2747 1640 2773 tra·
