1779 3062
445 121 612 168 INST.
648 121 931 169 ORATOR.
968 122 1093 169 LIB.
1128 120 1240 179 XII,
1277 136 1324 180 7.
1463 134 1559 180 571

210 246 463 316 quit-endi
490 250 645 310 ratio,
686 267 846 316 quam
880 267 946 300 ex
980 248 1338 301 honestiffimo
1364 249 1565 310 labore,

209 338 263 378 et
294 327 358 376 ab
391 327 474 387 iis,
520 327 588 377 de
618 328 820 393 quibus
855 330 1059 396 optime
1092 331 1405 387 meruerint,
1443 328 1565 394 qui·

210 422 318 472 que
345 405 390 455 si
418 406 559 455 nihil
590 407 1150 473 invicem-praestent,
1196 406 1410 474 indigni
1445 405 1564 457 fue-

120 486 323 546 no7firint
359 482 685 535 defensione.
766 486 929 554 Quod.
968 487 1193 552 quidem
1218 504 1332 536 non
1364 484 1567 548 justum

208 562 396 623 modo,
434 562 527 613 sed.
557 560 905 616 necessarium
940 566 1100 614 etiam
1132 564 1236 623 est,
1275 582 1400 614 cum
1434 564 1567 613 haec

208 640 319 709 ipsa
350 659 537 709 opera,
577 653 902 708 tempusque
927 660 1087 691 omne
1118 643 1305 693 alienis
1334 644 1567 709 negotiis

210 721 415 779 datum,
448 719 754 771 facultatem
785 720 936 768 aliter
960 721 1275 786 acquirendi
1310 721 1563 770 recidant.

210 798 316 850 Sed
359 809 478 848 tum
515 815 735 864 quoque
777 797 1043 847 tenendus
1086 797 1160 846 est
1197 798 1428 849 modus:
1509 815 1567 848 ac
1603 820 1643 844 u

210 877 516 945 plurimum
546 875 734 935 refert,
777 887 829 925 et
858 895 892 925 a
916 894 1018 941 quo
1050 876 1285 943 accipiat,
1326 888 1378 926 et
1403 895 1571 943 quan-

211 966 336 1013 tum,
373 965 424 1002 et
450 972 733 1020 quousque.
778 953 1083 1003 Paciscendi
1115 954 1342 1020 quidem
1370 956 1464 1003 ille
1487 956 1573 1021 pi·-

210 1033 409 1081 raticus
450 1049 597 1090 mos,
653 1043 705 1080 et
749 1034 1075 1100 ponentium
1106 1033 1363 1098 periculis
1400 1033 1573 1100 pretia

195 1109 406 1177 procul
438 1109 795 1159 abominanda
837 1111 1133 1177 negotiatio
1168 1110 1328 1158 etiam
1365 1110 1576 1160 medio-

209 1189 369 1237 criter
413 1188 678 1254 improbis
715 1189 912 1238 aberit:
978 1205 1103 1237 cum
1137 1186 1449 1255 praesertim
1478 1189 1577 1239 bo·-

330 1381 392 1405 ιο.
439 1367 488 1404 ab
520 1368 575 1404 his
605 1369 740 1419 Camp.
802 1371 1002 1404 meruerint
1037 1381 1116 1405 om.
1149 1368 1282 1404 Tui-ic.
1313 1367 1421 1404 Flor.
1478 1365 1577 1418 justo

208 1425 322 1461 modo
352 1425 458 1461 Flor.
525 1435 712 1475 tempusve
744 1427 843 1465 Jens.
879 1427 968 1471 (tac.
1005 1426 1135 1472 Gesn.)
1168 1437 1206 1462 et
1236 1425 1321 1462 edd.
1354 1426 1451 1475 poft.
1489 1438 1579 1463 anto

209 1484 364 1533 Gryph.
395 1497 476 1520 exc.
508 1484 597 1521 Ald.
658 1484 876 1534 acquirendi
907 1485 1098 1532 requirunt
1127 1483 1262 1519 Turio.
1297 1482 1403 1519 Flor.

331 1588 395 1612 11.
427 1587 504 1611 tum
534 1590 580 1611 ne
610 1588 756 1625 quoque
786 1576 919 1611 Turio.
952 1573 1058 1609 Flor.
1120 1576 1315 1624 quotisquo
1337 1573 1459 1610 Goth.
1479 1576 1579 1614 Jens.

211 1631 305 1680 (tac.
344 1632 391 1669 de
425 1633 503 1669 hoc
535 1631 667 1681 Gora.)
699 1633 762 1668 [ed
792 1634 870 1679 jam
897 1634 940 1670 in.
971 1632 1088 1668 Tarv.
1122 1642 1370 1671 correctum3
1418 1632 1489 1680 qui
1517 1633 1580 1668 vi·

212 1691 337 1726 ciffim
369 1690 488 1726 habet
519 1689 687 1726 alterum
718 1690 821 1727 illud
850 1688 1049 1738 sphalma,
1080 1688 1302 1739 paciscenda
1333 1701 1430 1724 mox
1461 1689 1580 1726 inser-

212 1739 298 1783 tum
340 1759 427 1783 ante
467 1749 677 1795 negotiatio
693 1760 721 1786 ,⁸2
762 1748 859 1783 item
891 1746 922 1790 §.
963 1756 1026 1781 12.
1073 1743 1290 1794 prefiiſjime
1320 1759 1393 1793 pro
1421 1745 1579 1795 praesti·

216 1802 322 1854 tiffcffi·
378 1817 478 1852 quae
511 1803 645 1839 omnia
675 1815 870 1838 memorat
899 1801 1077 1844 NIerula,
1108 1816 1237 1850 neque
1269 1802 1392 1838 fidem
1423 1802 1581 1841 invenit

216 1861 319 1909 apud
349 1861 515 1896 Badium
548 1871 586 1896 et
616 1862 911 1901 Burmannum,
952 1861 1035 1896 imo
1065 1865 1260 1900 ‚‚vanus“
1319 1859 1427 1895 audit
1458 1860 1576 1896 huic:

216 1931 337 1967 quare
378 1917 690 1954 subveniendum
733 1929 813 1953 erat
853 1929 1015 1954 mortuo
1057 1918 1175 1953 etiam
1214 1927 1350 1953 contra
1380 1928 1577 1954 mortuos.

467 1977 701 2023 ponentium.
762 1975 826 2010 Sic
862 1975 970 2012 Flor.
1003 1987 1036 2009 c.
1067 1974 1172 2012 Alm.
1212 1974 1318 2013 Voff.
1350 1983 1388 2018 3.
1449 1986 1581 2024 poten·

175 2054 177 2056 -
218 2033 311 2068 tium
341 2031 477 2067 Turio.
540 2033 810 2079 imponentium
839 2032 990 2081 reliqui
1018 2043 1173 2080 praeter
1204 2031 1338 2081 Camp.
1372 2032 1444 2080 qui
1463 2032 1583 2070 habet

219 2090 496 2138 impotentium.
555 2088 744 2125 Nostrum
774 2091 1026 2126 Burmannus
1056 2091 1134 2137 jam
1163 2089 1277 2126 versu
1305 2088 1525 2125 Horatiano
1554 2099 1580 2125 2

221 2147 296 2183 Sat.
330 2155 367 2191 5,
401 2155 466 2189 25.
500 2145 749 2186 adstruxerat,
780 2147 868 2184 satis
898 2158 1027 2185 tutum
1059 2160 1130 2196 per
1159 2148 1206 2183 se.
1326 2147 1482 2196 negotio
1500 2147 1583 2183 Tu·

218 2203 289 2240 ric.
407 2205 521 2240 etiam
552 2204 797 2240 mediocriter.
857 2205 921 2241 Sic
953 2204 1089 2242 Turio.
1118 2203 1224 2240 Flor,
1256 2217 1288 2240 c.
1317 2202 1422 2240 Alm.
1460 2219 1485 2240 a
1520 2204 1584 2249 iu·

221 2349 429 2387 lautissime
458 2352 649 2388 vivebant
673 2352 869 2402 sophistae,
994 2366 1057 2390 11.
1099 2366 1297 2403 quousque.
1339 2353 1437 2394 „Ne
1466 2354 1583 2396 forte,

221 2421 242 2442 a
257 2407 349 2455 stipe
366 2408 408 2443 in
424 2410 577 2444 vietum
591 2411 871 2450 tenuissimum,
930 2411 1164 2459 „postquam
1183 2410 1416 2459 patrociniis
1435 2410 1513 2447 suis
1524 2411 1584 2446 di·

222 2464 377 2513 quoties
391 2478 490 2514 opus
511 2466 613 2506 effet,
633 2467 785 2504 collata.
799 2469 873 2503 Ta·
932 2481 1027 2508 „ves
1055 2468 1177 2503 factus
1202 2468 1270 2509 sit,
1309 2466 1506 2516 quaestum
1536 2468 1590 2504 fa·

222 2520 301 2556 lem
338 2534 435 2557 vero
471 2523 517 2558 ab
552 2522 781 2560 Aristoxeno
819 2536 873 2560 et·
931 2537 1043 2564 „cere
1069 2530 1247 2574 pergat.“
1278 2526 1435 2560 SPALD.

220 2578 300 2614 iam
353 2579 533 2627 quamvis
580 2579 752 2617 obscuris
792 2582 874 2618 illis
991 2581 1216 2630 Paciscendi.
1260 2584 1392 2622 Recte,
1425 2582 1585 2632 opinor,

222 2635 325 2685 apud
348 2636 551 2671 Laertium
583 2645 619 2677 2,
643 2647 710 2674 20.
739 2639 873 2676 verbis
932 2640 1144 2674 Brammer
1164 2638 1190 2674 l.
1215 2638 1240 2675 l.
1264 2651 1344 2686 cap.
1367 2650 1402 2686 9,
1431 2647 1468 2683 5.
1509 2639 1587 2675 hoc

223 2693 374 2729 ostendi
399 2693 591 2730 existimo.
934 2696 981 2732 ad
1002 2696 1277 2746 redemptiones
1300 2695 1425 2733 litium
1453 2697 1587 2740 refert,
