1779 3062
313 154 410 203 298
633 145 707 190 M.
746 146 881 190 FAB.
919 147 1333 207 QUINTILIANI

313 269 495 316 derare
529 274 782 331 majorem
818 271 877 320 in
914 271 1138 321 modum
1182 271 1506 322 dicebantur.
1582 275 1649 322 Et

312 345 435 393 illos
459 346 681 409 quidem
707 363 819 396 non
842 349 1066 406 invenit,
1099 347 1251 398 fuiffe
1277 360 1452 398 tamen
1477 361 1648 416 gratos

184 445 188 453 ²
243 435 290 470 ³5
313 438 433 486 erga
452 420 503 471 se
531 423 659 474 deos
693 425 839 474 exitu
862 427 1130 491 comperit.
1209 427 1350 473 Nam
1376 428 1466 475 vix
1491 444 1553 476 eo
1581 428 1645 474 li·
1659 436 1737 488 986

312 515 437 548 men
472 498 694 566 egresso,
733 501 1024 550 triclinium
1058 502 1198 550 illud
1222 501 1376 567 supra
1397 505 1649 569 convivas

312 578 539 634 corruit,
580 588 737 641 atque
759 580 828 626 ita
851 578 1110 636 confudit,
1150 589 1211 626 ut
1233 596 1344 627 non
1370 597 1459 628 ora
1481 579 1648 628 modo

311 653 695 721 opprdsorum,
721 653 809 703 sed
834 657 1068 705 membra
1093 657 1247 704 etiam
1271 657 1450 705 omnia
1472 658 1651 721 requi-

308 742 483 781 rentes
520 731 586 780 ad
632 731 955 798 sepulturam
992 734 1288 799 propinqui
1333 734 1481 782 nulla
1521 743 1648 781 nota

307 806 511 874 possent
538 808 846 858 discernere.
935 814 1076 858 Tum
1108 810 1405 859 Simonides
1451 810 1648 859 dicitur

306 902 514 936 memor
552 885 740 935 ordine
775 904 884 953 quo
917 888 1141 953 quisque
1173 888 1510 939 discubuerat
1533 904 1647 937 cor-

394 1042 455 1068 12.
491 1032 530 1065 ἰη
562 1032 721 1066 modum.
754 1030 886 1067 Turic.
907 1029 1020 1065 ‘Flma
1054 1032 1136 1072 (hic
1161 1047 1179 1066 a
1200 1046 1256 1080 pr.
1281 1032 1353 1074 m.)
1377 1034 1399 1064 ἰ.
1423 1032 1548 1067 domo.
1579 1032 1647 1079 (let

302 1087 470 1125 vfciffim
505 1093 537 1136 §.
559 1087 623 1136 46.
657 1089 766 1123 modo
790 1088 920 1124 Turio.
943 1087 1046 1122 Flor.
1067 1089 1200 1125 Ambr.
1221 1099 1257 1122 2.
1290 1087 1417 1124 Guelf.
1440 1090 1532 1124 Exc.
1555 1090 1645 1123 San-

303 1157 382 1182 ten.
428 1146 560 1194 Camp.
608 1157 694 1179 eum
726 1144 826 1178 Alm.
862 1144 931 1178 ubi
964 1144 1206 1190 frequentem
1246 1145 1344 1180 hanc
1377 1145 1644 1179 confusionem

303 1202 457 1238 testatur
488 1203 621 1236 Burm.
658 1201 704 1236 cf.
732 1199 931 1235 Drakenb.
953 1199 999 1233 ad
1020 1201 1109 1236 Liv.
1136 1210 1200 1248 59.
1226 1211 1287 1242 15,
1311 1202 1375 1245 3.)
1414 1202 1474 1234 Ex
1493 1201 1596 1236 Alm.
1619 1204 1643 1236 i.

301 1260 415 1294 Iomo.
460 1258 578 1293 Goth.
619 1256 920 1304 desiderabantur
951 1269 970 1289 a
999 1268 1056 1303 pr.
1092 1271 1142 1290 m.
1176 1270 1271 1291 mox
1302 1257 1642 1306 subterpungendo

300 1314 458 1356 sustulit,
498 1328 568 1349 nec
595 1312 808 1361 quidquam
842 1312 1016 1359 reposuit
1046 1315 1137 1355 (err.
1166 1314 1309 1356 Gesn.).
1543 1313 1643 1349 deos.

301 1370 429 1406 Guelf.
456 1373 587 1419 Camp.
619 1383 680 1405 eos
702 1382 788 1403 cum
812 1369 913 1403 Alm.
939 1380 982 1404 nt
1006 1367 1139 1409 Fertur,
1173 1383 1287 1417 quem
1311 1382 1438 1405 tamen
1456 1382 1542 1404 curn
1564 1371 1641 1406 Tu-

298 1429 369 1463 ric.
391 1428 495 1464 Flor.
518 1428 690 1463 nostrum
714 1426 802 1460 dare
824 1425 1011 1473 suspicor,
1054 1426 1160 1473 quod
1180 1426 1224 1461 ab
1248 1426 1344 1461 Obr.
1366 1427 1454 1461 inde
1477 1426 1641 1462 obtinet.

299 1483 462 1531 Reliqui
492 1486 702 1524 omittunt;
735 1482 780 1517 ad
805 1495 903 1529 quos
933 1481 1050 1516 rediit
1073 1483 1233 1531 Capper.
1255 1495 1321 1518 cor
1348 1483 1415 1518 ille
1441 1483 1641 1519 Zenodoti

300 1553 381 1575 non
403 1541 546 1577 habens
566 1555 635 1576 neo
652 1541 760 1587 jecur
783 1539 959 1574 Cratetis.
1019 1540 1264 1574 Burmannus
1288 1540 1464 1575 similiter
1487 1539 1640 1574 confusa

300 1597 551 1638 demonstrat,
584 1608 627 1632 ut
654 1595 756 1644 apud
785 1595 873 1630 Liv.
898 1609 930 1634 1,
957 1604 1020 1635 21,
1047 1604 1082 1638 5.
1114 1596 1183 1630 ubi
1213 1606 1339 1630 tamen
1363 1610 1441 1632 non
1471 1596 1641 1631 admittit

298 1653 498 1689 Drakenb.
514 1653 594 1703 sese
617 1654 768 1688 dantem
792 1651 888 1686 Obr.
910 1663 988 1685 non
1009 1652 1149 1699 probo.

389 1731 451 1765 13.
483 1737 525 1758 eo
559 1723 679 1757 limen.
717 1710 820 1754 Flor.
852 1719 985 1754 inserit
1015 1720 1132 1760 ultra,
1167 1732 1254 1754 cum
1280 1720 1380 1755 Alm.
1401 1733 1480 1756 non
1507 1721 1639 1757 Tude.

300 1778 367 1823 (οἱ.
393 1791 457 1819 11,
485 1795 520 1820 1,
543 1781 626 1823 78.)
666 1778 727 1812 De
747 1776 932 1811 structura
956 1787 1128 1824 receptae
1150 1777 1241 1811 vide
1267 1785 1300 1819 5,
1332 1790 1392 1817 ιο,
1415 1778 1480 1821 96.

414 1838 561 1873 cos-ruic-
584 1833 714 1869 Turic-
746 1847 807 1868 cor
832 1831 922 1879 fult.
1148 1832 1324 1880 confudit,
1350 1842 1399 1868 ut.
1438 1834 1500 1869 SIC
1521 1833 1640 1870 GOth.

300 1906 389 1927 cnm
421 1894 524 1930 Voss.
547 1904 582 1928 2.
613 1890 727 1926 Bodl.
763 1902 799 1925 et
835 1889 918 1923 edd.
952 1900 1036 1923 ante
1073 1888 1157 1924 Ald.
1184 1903 1259 1925 acc.
1283 1890 1374 1924 Rad.
1403 1890 1640 1937 confunditur

299 1950 430 1984 'Turic-
453 1949 556 1985 Flor.
580 1948 662 1991 (hie
685 1947 840 1995 quidem
863 1959 881 1979 a
904 1946 969 1980 sec.
994 1947 1064 1989 m.)
1089 1947 1221 1994 Camp.
1249 1947 1325 1994 (sed
1350 1946 1412 1982 hic
1437 1948 1639 1994 sub-{uncto

299 2007 415 2042 etiam
437 2009 504 2049 ut).
528 2004 722 2053 confundit
742 2003 868 2038 Guelf.
897 2001 1052 2046 (omisso
1077 2009 1131 2045 ut)
1156 2003 1349 2052 confundit
1375 2014 1414 2039 uc
1434 2003 1640 2039 Phineum

297 2062 400 2097 Ahn.
431 2062 593 2109 Reliqui
627 2061 793 2096 contudit
821 2068 871 2094 ut.
925 2058 1048 2093 Modo
1068 2058 1181 2108 super
1205 2061 1321 2095 Goth.
1371 2063 1468 2097 Mox
1493 2059 1640 2109 poſjicnt

296 2119 400 2154 flor.
425 2118 553 2155 Guelf.
593 2120 685 2153 Prae
710 2115 966 2152 contundendo
995 2126 1122 2150 autem
1145 2117 1386 2150 Burmannus
1409 2118 1523 2152 etiam
1546 2130 1638 2164 pro-

295 2176 362 2211 bat
391 2176 585 2215 nostrum,
629 2174 822 2222 appellans
853 2171 986 2206 locum
1021 2171 1140 2209 Ovid.
1168 2173 1325 2208 Metam.
1348 2180 1382 2215 5,
1412 2180 1475 2217 58.
1497 2173 1638 2220 suaque

294 2233 342 2268 ad
364 2233 592 2268 Petronium
618 2241 795 2267 annotata
817 2243 848 2266 c.
879 2236 968 2271 105.
1202 2230 1343 2265 ordine.
1374 2229 1462 2266 Ald.
1495 2232 1542 2274 (e
1566 2232 1638 2264 Re-

356 2355 417 2389 13.
452 2344 631 2393 confudit,
666 2354 706 2380 ut
749 2358 826 2380 non
872 2354 938 2376 ora
994 2341 1102 2382 DD.,
1138 2344 1280 2379 ordinis
1308 2343 1505 2393 praeferri.
1564 2342 1640 2378 Sed

293 2404 415 2441 modo.
440 2403 486 2439 cf.
508 2414 589 2438 not.
611 2402 695 2438 crit.
994 2411 1042 2432 ne
1084 2410 1332 2447 transponere
1372 2401 1530 2449 quidem
1567 2412 1638 2447 quo

997 2456 1126 2490 ordine
1156 2459 1305 2505 quIsque
1328 2458 1391 2493 vel
1421 2459 1474 2493 ita
1495 2455 1638 2491 intelli-

350 2518 478 2554 ordine
509 2530 578 2564 quo
611 2517 768 2565 quisque.
831 2517 936 2552 Haec
995 2524 1084 2558 gere
1111 2516 1266 2555 attinet,
1310 2515 1367 2551 sed
1394 2515 1556 2549 referam
1579 2525 1636 2546 or-

293 2588 380 2611 cum
423 2576 469 2612 sit
502 2576 672 2610 constans
710 2573 805 2608 libb.
837 2584 930 2608 vett.
994 2569 1078 2603 dine
1109 2572 1155 2610 ad,
1183 2570 1389 2620 reddidiffe.
1451 2572 1494 2604 In
1525 2569 1635 2604 omni

293 2632 499 2680 scriptura,
542 2632 666 2667 nolim
696 2630 796 2665 illud
829 2630 935 2678 quod
994 2623 1064 2658 ali-”¹
1110 2628 1259 2663 ratione
1299 2630 1373 2674 Qu.
1407 2624 1634 2674 discubuiffec

293 2691 515 2736 conjectura
530 2687 933 2726 commendaruntVV.
992 2683 1202 2732 scripturus
1221 2685 1388 2725 videtur,
1419 2695 1500 2718 non
1518 2682 1633 2718 discu-
