1779 3062
367 158 532 203 INST.
579 156 857 202 ORATOR.
907 156 1031 201 LIB.
1076 157 1149 212 X,
1199 169 1242 201 1.
1428 168 1492 213 73

130 287 234 339 ,fibi
253 289 370 347 jure
397 281 692 331 secundum
716 282 913 330 locum.
976 281 1078 331 Sed
1101 300 1223 332 eum
1253 282 1497 333 consum-

133 366 270 414 mari
309 378 457 411 mors
494 361 776 408 immatura
811 376 924 407 non
960 357 1095 425 p‘affa
1129 360 1231 409 est:
1267 361 1498 426 puerilia

135 452 313 490 tamen
346 442 460 500 ejus
491 454 648 502 opera
679 447 729 483 et
751 437 1035 483 maximam
1061 437 1303 487 indolem
1327 437 1498 487 osten-

137 519 276 567 dunt
305 526 356 564 et
380 514 773 569 admirabilem,
814 514 1100 578 praecipue
1123 515 1179 561 in
1206 526 1367 563 aetate
1390 517 1498 574 illa,

136 595 265 645 recti
295 592 501 659 generis
528 592 876 640 voluntatem.
927 590 1170 638 Multum
1192 593 1249 639 in
1283 594 1499 644 Valerio
1523 609 1574 647 90

138 672 324 722 Flacco
356 685 528 734 nuper
560 666 842 716 amisimus.
924 666 1222 716 Vehemens
1259 680 1309 716 et
1331 673 1503 734 po'eti-

140 766 264 798 cum
310 747 591 812 ingenium
631 744 793 809 Salejz'
823 736 968 814 Baffi
999 742 1130 803 fuit,
1183 763 1282 793 nec
1323 746 1502 812 ipsum

228 910 302 947 Sed
330 924 421 946 eum.
467 907 792 957 flor-serranum.
846 907 976 946 Guelf.
1007 910 1221 944 Uarrenum.
1268 912 1376 949 Voss.
1409 927 1442 947 1.
1465 922 1504 956 3.

135 969 342 1019 fay-renum.
413 966 514 1002 Alm.
553 967 762 1002 Terrenum.
835 965 945 1001 Bafil.
988 966 1173 1000 Varenum
1217 981 1306 1002 cum
1349 970 1504 1018 Gryph.

142 1038 262 1073 marg.
297 1023 430 1073 Steph.
454 1024 559 1058 Ricc.
633 1025 797 1064 „Latere
849 1023 914 1058 hic
944 1030 1103 1071 poetam
1142 1022 1312 1072 aliquem
1355 1037 1507 1062 certum

141 1081 273 1124 „mihi
303 1081 373 1120 cst3
414 1081 475 1116 sed
504 1080 594 1127 quia
624 1079 692 1114 ille
715 1091 846 1129 raptus
872 1080 913 1114 in
939 1079 1066 1127 prima
1087 1090 1219 1120 aetate,
1248 1083 1381 1130 paucis
1404 1083 1506 1118 forte

143 1149 289 1181 „notus
314 1148 350 1172 et
369 1146 607 1172 memoratus
632 1136 716 1172 fuit.
785 1137 972 1172 Varenum
994 1137 1019 1170 fi
1043 1135 1215 1183 legatur,
1248 1140 1348 1174 forte
1362 1145 1388 1160 “
1410 1140 1508 1186 (for-

145 1195 262 1237 taffe)
315 1193 418 1234 „ille
446 1194 546 1233 fuit,
578 1192 644 1228 vel
669 1193 738 1241 ipsi
760 1192 941 1241 gentilis,
978 1205 1095 1240 quem
1124 1206 1143 1226 a
1165 1194 1354 1231 Cicerone
1378 1197 1508 1232 defen-

146 1252 256 1293 „sum
291 1251 395 1299 saepe
419 1250 522 1299 apud
544 1249 708 1284 Fabium
734 1250 905 1284 nostrum
931 1248 1113 1296 legimus.
1176 1251 1375 1287 Varenum
1398 1267 1509 1288 aecu÷

147 1309 292 1349 „satum
332 1322 350 1341 a
377 1306 561 1353 Bithynis
594 1316 788 1340 memorat
819 1305 968 1340 Plinius
1005 1315 1040 1347 7,
1076 1318 1107 1341 e.
1141 1307 1178 1342 6.
1209 1308 1271 1342 sed
1303 1323 1420 1356 quem
1442 1309 1511 1345 hio

146 1363 349 1411 „intelligi
375 1364 445 1398 vix
465 1367 602 1410 put0.“
661 1363 873 1396 Burmann.
932 1362 1059 1400 „Cum
1083 1363 1286 1400 Gothanus
1307 1377 1344 1401 et
1361 1368 1513 1415 primae

148 1419 368 1461 „editiones
402 1419 659 1458 consentiant,
703 1428 739 1453 et
774 1428 970 1466 praeterea
1002 1419 1210 1454 videantur
1242 1421 1337 1456 haec
1366 1426 1512 1459 Severo

149 1476 365 1519 „Cornelio
412 1475 647 1515 convenire,
695 1485 739 1509 ut
778 1474 824 1508 de
867 1487 945 1521 quo
973 1475 1092 1510 modo
1124 1476 1290 1517 dixerit,
1342 1493 1428 1515 eum
1462 1479 1514 1515 ad

149 1533 368 1578 „exemplar
397 1533 509 1579 primi
541 1532 627 1566 libri
654 1531 788 1565 bellum
809 1530 971 1565 Siculum
992 1544 1066 1565 non
1086 1531 1353 1583 perscripfiffe:
1384 1537 1512 1572 nescio

150 1603 227 1631 „an
248 1601 345 1637 opus
370 1590 414 1624 fit
434 1601 637 1635 quaerere,
670 1587 778 1635 quod
801 1587 939 1622 f01·te“
960 1587 1152 1632 (fortasse)
1184 1603 1403 1639 „nusquam
1425 1594 1517 1629 esi-‘⁶

151 1646 304 1681 Gesner.
319 1644 580 1685 Tua-icensem,
603 1645 770 1679 summae
784 1643 1023 1679 auctoritatis
1039 1643 1197 1685 librum,
1212 1648 1517 1685 commemorari

151 1715 233 1738 non
254 1702 371 1738 video
405 1701 471 1746 (cf.
499 1701 563 1744 65.
584 1701 681 1736 item
703 1700 957 1749 prooemium
981 1702 1153 1736 nostrum
1175 1705 1291 1740 tertio
1315 1706 1518 1742 volumini

150 1758 400 1809 praemiffum
431 1771 469 1806 p·
493 1767 528 1801 4.
557 1759 633 1802 5.).
694 1758 727 1792 Α
750 1756 1102 1793 Mediolanenfibus
1131 1759 1284 1796 duobus
1306 1763 1412 1797 nihil
1431 1765 1518 1813 opis

154 1815 458 1864 expectandum,
509 1826 677 1862 quorum
711 1824 876 1862 uterque
907 1814 1072 1850 mutilus
1103 1816 1152 1850 est
1180 1817 1221 1850 111
1251 1819 1380 1855 nostro
1412 1820 1517 1857 loco.

151 1871 239 1908 'Nec
270 1882 397 1907 tamen
430 1870 591 1910 dubim,
629 1871 724 1919 quin
751 1883 889 1905 verum
919 1870 1066 1906 viderit
1099 1874 1355 1912 Burmannus.
1415 1880 1522 1913 Eum

156 1941 272 1975 quem
305 1928 425 1963 modo
456 1926 740 1976 versificatorem
769 1926 979 1975 appellarat
1006 1929 1118 1964 tantis
1138 1931 1315 1977 profecto
1335 1931 1521 1970 laudibus

153 1985 233 2030 Qu.
267 1997 348 2020 non
375 1984 572 2018 mactavit.
634 1985 732 2031 Quis
761 1983 829 2019 vel
857 1983 1054 2030 Bentlejus
1083 1985 1150 2021 vel
1173 1987 1432 2026 Ruhnkenius
1456 1991 1523 2026 vel

157 2033 351 2077 Porsonus
381 2041 497 2076 nobis
526 2054 614 2076 eum
639 2041 966 2076 demonstraturus
990 2041 1063 2083 est,
1095 2044 1165 2090 qui
1187 2043 1250 2079 hic
1274 2044 1492 2083 delitescit?

243 2097 512 2133 admirabilem.
576 2098 638 2132 Sic
661 2097 924 2151 Turie3Flor.
949 2098 1080 2148 Camp.
1105 2113 1193 2134 cum
1215 2101 1333 2138 Goth.
1355 2104 1461 2142 Voff.
1484 2116 1522 2142 2.

152 2153 264 2192 mm.
282 2153 397 2190 Bodl.
428 2165 466 2190 et
503 2155 589 2190 edd.
613 2165 699 2189 ante
724 2153 831 2189 Bafil.
891 2153 1052 2203 Reliqui
1072 2157 1290 2193 mirabilem.

250 2236 316 2273 90.
367 2223 497 2268 Saleji.
565 2221 784 2272 Flor.sali.
858 2222 993 2271 Camp.
1023 2223 1127 2259 Salei
1169 2238 1258 2260 cum
1291 2228 1402 2264 Rusc.
1433 2228 1523 2266 Ald-

214 2357 415 2408 secundum
435 2358 565 2393 locum.
607 2359 715 2393 Inter
738 2357 820 2407 epi·
876 2367 992 2393 natur
1025 2357 1080 2398 is,
1124 2359 1194 2407 qui
1222 2360 1343 2397 multa
1377 2363 1419 2398 in
1447 2364 1528 2401 hoo

108 2456 117 2469 k
158 2428 234 2456 ,eos
255 2415 417 2450 Latinos
447 2413 674 2462 avii-gilio.
876 2415 991 2462 [uper
1026 2415 1154 2462 poetis
1187 2417 1338 2463 judicio
1371 2421 1530 2467 Quinti-

118 2476 119 2479 ’
223 2471 297 2507 Sed
324 2484 405 2505 eum
427 2482 497 2506 cet.
533 2471 587 2517 cf.
601 2482 684 2507 not.
705 2472 792 2508 crit.
877 2469 1007 2505 lianeo
1058 2473 1331 2519 reprehendit,
1392 2479 1531 2529 caspar

223 2541 288 2576 90.
321 2529 358 2561 in
385 2527 538 2563 Valerio
563 2527 707 2563 Flacco.
761 2528 820 2564 Cf.
875 2527 1059 2562 Barthius
1080 2529 1234 2564 Advers.
1255 2533 1321 2576 56,
1350 2548 1409 2572 11.
1434 2537 1532 2572 item

167 2585 279 2622 fabr.
329 2583 432 2620 Bibl.
479 2586 563 2620 Lat.
616 2584 674 2619 ed.
723 2586 816 2619 Ern.
879 2583 927 2617 ad
967 2586 1058 2620 Stat.
1102 2585 1226 2623 Theb.
1262 2589 1308 2632 6,
1343 2601 1407 2640 93,

169 2641 262 2679 Vol.
284 2650 320 2676 2.
351 2654 388 2689 p.
416 2641 615 2689 250*[‘eqq.
648 2641 822 2689 Maligne
884 2649 978 2684 700.

171 2696 240 2734 hic
271 2697 470 2734 laudatum
501 2704 659 2746 poetam
691 2698 823 2734 crimi-
942 2698 1130 2745 ingenium
1162 2700 1280 2748 Saleji
1309 2703 1422 2756 Buff,
1483 2706 1532 2745 cf,

1468 2607 1530 2634 10,
