1779 3062
233 179 296 242 73

494 180 496 182 ·
539 167 617 227 Μ’.
664 167 800 225 ΕΑΒ.
852 180 1273 241 QUINT1L1AN1

232 294 442 377 primus
500 294 756 372 insignem
813 306 1026 355 laudem
1087 307 1306 373 adeptus
1354 306 1586 357 Lucilius

232 385 495 453 quosdam
527 385 599 431 ita
630 383 834 432 deditos
869 382 964 432 fibi
1003 384 1174 433 adhuc
1206 384 1362 431 habet
1385 396 1581 435 amato·-
1595 403 1672 442 909

231 481 338 521 res,
375 473 436 511 ut
469 478 592 509 eum
616 471 727 509 non
757 460 991 520 ejusdem
1017 460 1180 509 modo
1210 462 1383 525 operis
1403 457 1584 510 aucto-⁸·

227 541 394 597 ribus,
433 537 523 585 sed
547 538 795 586 omnibus
814 539 982 603 poetis
1004 522 1268 602 praeferie
1289 555 1397 585 non
1424 538 1583 587 dubi-

150 630 206 674 94
228 627 353 666 tent.
433 618 545 680 Ego
578 625 834 680 quantum
868 614 931 662 ab
968 615 1105 672 illis,
1144 625 1350 663 tantum
1387 615 1450 663 ab
1475 618 1581 665 Ho-

227 770 349 807 Goth.
383 761 517 817 Camp.
549 781 634 804 cum
667 769 775 804 Gesn.
805 781 874 816 per
903 769 933 803 I.
993 743 1128 815 Vulgo
1152 767 1234 802 sane
1256 781 1324 815 per
1346 769 1388 803 Y.
1450 768 1507 803 Cf.
1543 779 1579 816 9,

226 837 266 871 5,
293 838 329 874 9.
361 837 397 861 et
414 824 611 861 Drakenb.
644 825 688 859 ad
712 823 800 860 Liv.
825 835 870 868 7,
896 835 940 865 2,
965 835 1001 868 7.

1063 824 1136 859 Sed
1156 837 1257 876 *mox
1288 827 1321 871 §.
1348 831 1413 872 95.
1445 824 1579 860 Turio.

162 894 165 899 ·
218 882 513 934 satur'egenus,
547 894 764 928 quanquam
796 894 814 915 a
849 882 916 916 sec.
949 894 999 914 m.
1018 878 1182 928 ¹satyrae
1201 893 1337 927 genus,
1368 892 1413 915 ut
1434 891 1470 916 et
1489 880 1581 915 reli-

226 940 320 988 qui,
360 939 431 974 nisi
465 938 570 986 quod
603 938 686 985 post
719 938 825 972 Gesn.
851 950 920 986 per
946 939 975 971 Ι.

224 996 290 1046 Sic
310 995 441 1030 Tui-ic.
465 993 572 1029 Bafil.
632 993 793 1041 Reliqui
814 994 986 1027 inserunt
1009 989 1069 1040 est.

1211 937 1368 984 adeptus
1397 937 1587 972 Lucilius?

1270 993 1364 1028 Luc.
1387 993 1578 1042 quosdam.

223 1052 287 1088 sie
317 1050 444 1087 Guelf.
468 1049 576 1085 Bam.
608 1054 724 1094 (cum
746 1049 850 1086 Voss.
887 1064 918 1084 1.
944 1051 1010 1091 5.)
1047 1061 1263 1096 quanquam
1289 1049 1468 1096 priorum
1493 1049 1580 1097 qui-

223 1108 313 1144 dem
350 1119 514 1155 uterque
559 1108 808 1154 interpuncto
853 1112 969 1144 ante,

220 1165 354 1201 Turio.
379 1163 483 1200 Flor.
522 1162 569 1211 (a
593 1176 652 1212 pr.
681 1174 733 1197 m.
767 1162 919 1209 uterq.)
956 1162 1004 1196 L.
1031 1161 1204 1208 quodam.

659 1226 844 1253 amatores
883 1216 992 1254 Bafil.
1034 1215 1111 1250 sola
1143 1217 1303 1253 omittit.

221 1221 414 1270 quosdam.

220 1278 317 1313 sane.

277 1409 458 1446 Lucilius.
516 1408 597 1447 Vix
622 1408 695 1443 erit
718 1407 872 1450 cui-liic

216 1467 348 1504 nostro
383 1466 557 1516 primum
589 1464 678 1499 loco
710 1464 871 1509 objicia-

217 1535 294 1560 tur.
373 1524 446 1569 Ipsi
485 1521 692 1568 aliquoties
733 1533 752 1553 a
794 1521 868 1566 Qu.

217 1572 566 1615 commemoratum
579 1570 775 1611 vidimus:
797 1577 870 1611 Cu-

214 1635 355 1685 pidum
403 1633 544 1668 notitia
598 1631 778 1666 locorum
823 1632 868 1667 de

215 1705 262 1727 eo
297 1689 542 1725 tractantium
572 1688 735 1722 instruet
754 1687 864 1727 Fabr.

213 1748 261 1783 ab
300 1747 391 1781 Ern.
432 1755 566 1779 auctus
596 1745 668 1778 ΙΙΙ.
709 1757 747 1791 p.
772 1738 864 1786 2⁵50.

211 1801 280 1848 31.
322 1803 407 1838 add.
443 1803 478 1839 J.
513 1801 558 1836 G.
592 1799 768 1837 Voffium
821 1800 866 1834 de

211 1859 340 1910 poetis
379 1858 442 1893 lat.
471 1870 509 1905 p.
545 1869 581 1906 9.
622 1866 683 1890 12.
739 1857 867 1903 Agen-

211 1927 291 1952 tem
313 1913 517 1963 saepissime
544 1923 580 1950 οῐ
603 1910 864 1947 verbofiffime

211 1973 260 2008 de
303 1971 378 2007 hoc
423 1970 550 2018 operis
585 1968 642 2002 sui
673 1967 865 2003 decessore

209 2028 422 2065 Horatium
453 2026 570 2060 habes
608 2026 727 2059 Serm.
760 2026 800 2062 1,
841 2031 862 2068 4

210 2096 250 2121 et
278 2097 339 2120 10.
370 2085 420 2123 II,
448 2097 480 2118 1.
515 2082 593 2129 Qui
615 2080 712 2114 hica
733 2081 862 2115 nostro

208 2140 459 2189 improbatur
481 2137 610 2174 Versus
624 2137 876 2174 Horatianus

210 2198 262 2233 est
288 2200 318 2237 Ι,
346 2202 382 2239 4,
417 2206 503 2232 11.;
533 2206 657 2240 neque
686 2192 860 2231 dubium,

209 2255 308 2302 quin
341 2251 408 2286 illa
439 2250 595 2286 tollendi
625 2249 726 2283 ratio
752 2249 796 2282 fit
819 2249 860 2282 in

208 2309 470 2358 expungendo
512 2317 548 2341 et
575 2304 859 2353 reprehenden-

207 2365 285 2405 do,
317 2376 397 2400 non
429 2365 471 2398 in
504 2361 744 2399 assumendo,
790 2359 858 2395 eli-

206 2421 350 2468 gendo,
381 2419 597 2469 probando,
617 2427 661 2452 ut
682 2416 857 2451 censuere

207 2475 358 2524 aliquot
382 2475 466 2524 post
484 2477 676 2509 Acronem
703 2483 739 2507 et
765 2474 856 2506 Por·

205 2531 444 2581 phyrionem
477 2532 560 2568 VV.
596 2531 710 2569 DD.,
758 2539 853 2576 quo-

204 2601 293 2623 rum
326 2588 374 2623 est
394 2588 458 2622 hic
481 2587 593 2621 etiam
615 2585 851 2632 Gedoynus;

203 2644 285 2680 vid.
316 2643 486 2678 Turneb.
522 2642 674 2678 Advers.
714 2648 782 2684 15,
814 2651 850 2686 9.

205 2710 243 2736 et
273 2701 404 2736 Burm.
448 2699 497 2734 ad
524 2697 564 2735 h.
592 2698 617 2734 l.
649 2696 848 2736 Horatius.

291 2814 310 2829 Χ

1033 1115 1069 1139 et
1105 1104 1316 1150 majuscula
1359 1104 1487 1140 littera
1531 1106 1579 1152 Qss

1265 1160 1425 1209 Reliqui
1443 1163 1492 1196 L.
1517 1163 1587 1209 qui,

1372 1217 1580 1253 Blanditur

933 1420 1020 1442 cum
1041 1406 1241 1442 lutulentus
1257 1407 1362 1454 fluat:
1384 1406 1578 1449 Lucilius,

929 1464 1150 1498 mirandum
1186 1465 1256 1498 effe
1290 1475 1424 1512 negat,
1477 1465 1501 1498 si
1523 1463 1578 1513 fit:

930 1520 1028 1567 quod
1050 1519 1178 1553 tollere
1199 1533 1245 1554 ex
1267 1532 1312 1554 eo
1325 1520 1427 1556 velis.
1461 1520 1577 1567 Quod

928 1576 1010 1609 sane
1037 1575 1242 1620 judicium,
1274 1587 1317 1610 ut
1336 1589 1472 1625 parum
1496 1589 1577 1610 me-

926 1644 1014 1666 mor
1049 1630 1098 1664 est
1130 1631 1202 1676 Qu.
1228 1631 1416 1666 lectorum
1439 1632 1510 1666 fibi
1534 1632 1586 1668 in·

927 1686 1148 1722 auctoribus
1173 1687 1239 1731 (cf.
1266 1695 1303 1731 3,
1323 1694 1361 1733 4,
1386 1687 1483 1734 28.)‚
1511 1689 1576 1723 de-

926 1743 1101 1778 bilitavit
1147 1743 1391 1778 immutando
1412 1769 1422 1784 ,
1485 1758 1576 1779 cum

926 1799 1039 1833 faciat
1112 1798 1302 1835 dicentem
1363 1801 1575 1836 Horatium

926 1855 1095 1902 „aliquid
1158 1855 1229 1890 effe
1282 1856 1388 1904 quod
1436 1856 1574 1892 tollere

923 1909 1100 1960 ,‚p0ffis.“
1160 1911 1232 1946 Sed
1256 1912 1334 1960 ipsa
1359 1926 1400 1947 ea
1422 1913 1572 1948 notatio

923 1968 1067 2002 veteris
1096 1978 1255 2015 poetae,
1293 1979 1473 2016 tanquam
1505 1969 1582 2016 qui¹

924 2021 1060 2059 flueret
1113 2024 1334 2065 lutulentus,
1388 2024 1574 2060 movebas:

922 2079 1158 2113 stomachum
1183 2080 1324 2114 nostro.
1376 2079 1573 2115 Eruditi'o·

921 2149 1003 2169 nem
1032 2134 1181 2170 Lucilii
1211 2137 1379 2170 maxime
1402 2136 1443 2170 in
1462 2149 1571 2183 prae-

921 2191 1042 2238 ceptis
1089 2190 1264 2238 linguam
1314 2191 1570 2239 spectantibus

920 2247 1119 2293 agnosces,
1162 2245 1289 2293 qualia
1319 2248 1570 2283 tractavimus

924 2315 957 2342 ι,
983 2302 1017 2341 6,
1040 2309 1076 2349 83
1110 2304 1173 2345 (et
1204 2302 1261 2337 ibi
1292 2302 1569 2353 erudiczffimum

919 2357 1084 2405 appellat
1102 2358 1253 2399 noster)
1291 2373 1324 2399 1,
1349 2369 1386 2402 7,
1413 2367 1475 2403 15.
1503 2371 1564 2407 19.

916 2414 999 2448 Nec
1021 2414 1207 2449 Horatius
1236 2414 1422 2450 diffitetur
1447 2430 1482 2456 ι,
1501 2428 1566 2456 10,

919 2470 970 2514 64
990 2490 1035 2496 --
1057 2470 1121 2505 66.
1154 2470 1301 2510 „fuerit
1319 2470 1496 2506 Lucilius
1514 2490 1567 2499 —-

911 2523 1115 2566 „limatior
1137 2546 1192 2552 ·—-
1224 2528 1348 2574 Quam
1379 2527 1488 2562 rudis
1525 2537 1564 2562 et

911 2582 1095 2622 „Graecis
1172 2583 1308 2618 intacti
1380 2583 1562 2618 carminis

910 2643 1113 2678 „auctor.“
1145 2638 1202 2673 cf.
1225 2651 1296 2674 nos
1319 2639 1366 2673 ad
1392 2652 1427 2680 ι,
1444 2645 1479 2682 5,
1494 2645 1559 2683 25.

911 2693 1031 2736 [Vid.
1051 2693 1277 2736 Addenda.]
