1779 3062
368 156 534 203 INST.
572 156 853 204 ORATOR.
895 155 1142 212 Maxu,
1181 167 1260 199 ιι.
1400 166 1497 212 705

144 284 274 335 dere
305 285 364 333 in
393 301 576 335 rerum
602 294 862 343 naturam,
900 293 962 333 ut
989 282 1261 348 quidquid
1290 302 1399 334 non
1427 281 1502 332 'est

144 362 373 421 factum,
420 380 489 411 ne
523 361 648 410 fieri
682 362 901 427 quidem
930 359 1104 428 poffit3
1154 368 1270 411 tum
1305 363 1503 420 omnia,

147 457 286 507 quae
315 458 505 507 magna
533 438 657 489 [unt
689 450 847 505 atque
880 438 1238 498 admirabilia,
1263 470 1267 477 ·
1289 451 1504 506 tempus

55 518 374 583 augaliquod
410 534 521 583 quo
559 518 801 583 primum
841 513 1206 575 efficerentur,
1247 514 1499 566 habuisse.

147 600 423 666 Quantum
454 596 599 645 enim
626 593 797 661 poesis
824 595 887 643 ab
912 597 1150 644 Homero
1182 606 1234 644 et
1257 595 1501 660 Virgilio,
1531 600 1582 638 26

145 684 356 723 tantum
391 671 662 739 fastigium
693 673 893 737 accepit
918 672 1225 737 eloquentia
1252 690 1279 720 a
1302 675 1505 722 Demo-

146 750 333 800 sthene
362 762 521 816 atque
542 752 816 800 Cicerone.
857 750 1110 814 Denique
1136 749 1407 816 quidquid
1430 748 1506 798 est

150 831 450 892 optimum,
494 839 613 877 ante
651 845 763 877 non
799 825 988 875 fuerat.
1071 830 1267 877 Verum
1302 825 1505 876 etiamsi

152 905 275 968 quis
305 905 508 955 summa
541 903 805 970 desperet,
847 903 1025 971 (quod
1070 922 1166 954 cur
1195 904 1375 963 faciat,
1416 906 1507 954 cui

151 981 459 1045 ingenium,
507 982 791 1038 valetudo,
845 979 1091 1039 facultas,
1142 993 1509 1049 praeceptores

150 1073 266 1106 non
297 1055 586 1125 deerunt‘2)
624 1069 802 1108 tamen
836 1056 925 1116 est,
953 1068 1013 1107 ut
1038 1059 1228 1108 Cicero
1264 1060 1350 1117 ait,
1387 1060 1510 1125 pul-

154 1134 346 1183 chrum
377 1136 426 1181 in
444 1128 688 1204 secundis
723 1139 992 1201 tertiisque
1028 1132 1318 1208 consestere.
1401 1138 1511 1185 Ne·
1543 1150 1587 1186 27

152 1228 261 1278 que
290 1213 438 1260 enim
465 1209 511 1259 si
536 1215 655 1276 quis
684 1214 909 1264 Achillis
941 1214 1170 1280 gloriam
1208 1216 1268 1263 in
1307 1215 1514 1264 bellicis

153 1422 298 1475 versum
330 1424 491 1460 trahant.
732 1439 778 1461 eo
806 1428 981 1476 quicquid
1009 1440 1082 1477 pro
1113 1436 1153 1463 ut
1183 1442 1216 1474 q.
1247 1423 1378 1459 Turic.
1403 1422 1509 1461 Flor-

154 1481 287 1518 Guelf.
408 1495 473 1517 nec
493 1480 588 1530 fieri
618 1481 753 1531 Camp.
785 1482 879 1524 O‘nr,
999 1485 1099 1536 quod
1119 1496 1192 1533 pro
1215 1481 1363 1531 quidem
1384 1480 1515 1518 Guelf-

392 1537 787 1588 tum——haBuffe.
823 1541 882 1575 Sic
911 1544 1045 1591 Camp.
1088 1536 1415 1587 curn-habmſjb
1433 1538 1515 1572 Tu-

154 1596 227 1632 ric.
261 1594 367 1631 Flor.
403 1596 533 1632 Guelf.
566 1609 598 1632 c.
630 1595 732 1630 Alm.
795 1595 1120 1646 quin—habuiffe
1148 1597 1246 1632 Obr.
1305 1608 1433 1629 cum-
1452 1595 1517 1629 ha-

156 1653 305 1688 huerint
333 1651 494 1702 reliqui,
525 1653 602 1688 nisi
632 1653 742 1701 quod
771 1653 975 1690 habuerunt
1003 1654 1122 1691 Goth.
1149 1653 1254 1693 Voff.
1289 1661 1327 1687 2.
1448 1651 1518 1687 ali·

157 1723 232 1760 qua
270 1721 342 1757 quo
373 1710 508 1746 Tui-ic.
570 1723 606 1745 a·
637 1709 737 1758 quod
766 1710 895 1746 Guelf.

274 1809 340 1846 26.
372 1824 461 1847 nam
490 1819 528 1845 et
555 1819 687 1858 poetas
715 1810 763 1845 ab
785 1811 936 1848 homero
959 1812 1093 1848 Turio.
1126 1811 1220 1856 (nisi
1239 1811 1347 1860 quod
1370 1812 1519 1855 omero)

157 1866 265 1904 Flor.
302 1878 339 1902 et
367 1867 410 1903 in
440 1867 568 1902 rasura
592 1866 719 1903 Guelf.
746 1881 778 1903 c.
804 1867 906 1904 Alm.
941 1883 1029 1904 nam
1051 1877 1088 1904 et
1108 1867 1228 1917 poesis
1250 1868 1298 1903 ab
1319 1869 1367 1903 H.
1381 1868 1518 1917 Camp-

159 1925 263 1960 Nam
294 1933 473 1972 quantum
502 1923 626 1973 poesis
655 1924 701 1959 ab
733 1925 780 1960 H.
817 1924 945 1960 Guelf.
979 1928 1030 1971 (a
1061 1939 1163 1961 man.
1196 1926 1293 1968 see.)
1452 1939 1517 1961 va-

157 1979 310 2030 stidium
339 1981 445 2017 Flor.
565 1983 701 2030 accipit
733 1981 854 2018 Goth.
884 1983 983 2021 Jens.
1014 1993 1051 2019 et
1074 1982 1169 2032 post.
1206 1991 1292 2017 ante
1323 1980 1435 2018 Basil.
1496 1994 1521 2017 a

161 2050 243 2075 om.
272 2038 408 2075 Turic.
448 2037 553 2074 Flor.
585 2038 716 2086 Camp.
749 2050 781 2075 c.
810 2038 914 2075 Alm.
1113 2041 1175 2087 qui
1201 2037 1350 2087 summa
1382 2039 1519 2076 Turio.

143 2094 267 2131 flor.
302 2095 432 2131 Guelf.
469 2100 507 2138 (a
535 2107 594 2144 pr.
625 2097 702 2143 m.)
874 2096 974 2145 quod
1002 2097 1046 2132 in
1073 2095 1204 2132 Guelf.
1233 2109 1253 2130 a
1284 2096 1352 2132 sec.
1380 2110 1432 2132 m.
1467 2096 1522 2131 la·

159 2163 283 2188 cunae
313 2151 557 2202 inscriptum.
733 2163 1003 2203 praeceptores.
1064 2154 1128 2189 Sic
1160 2152 1263 2189 Flor.
1297 2166 1521 2202 quanquam

158 2220 229 2257 per
249 2210 295 2250 E,
327 2209 394 2244 cui
422 2210 720 2259 superscriptum
747 2212 784 2246 S.
842 2221 1083 2261 praeceptore
1106 2210 1239 2246 Turio.
1298 2220 1522 2259 praeceptor

161 2265 323 2315 reliqui.
499 2264 549 2314 est
582 2281 660 2304 om.
693 2269 828 2317 Camp.
1062 2268 1253 2317 pulchrum
1281 2267 1321 2301 id
1345 2267 1522 2317 secundis·

163 2321 300 2360 Turio.
359 2338 398 2373 p.
428 2320 479 2370 es}
498 2322 660 2372 saeculis
683 2326 817 2375 Camp.
1053 2327 1234 2374 certisque
1256 2325 1389 2360 Turio.
1413 2323 1519 2362 Flor-

281 2433 346 2467 27.
386 2428 486 2461 enim
516 2440 594 2463 om.
627 2425 733 2463 Flor.
766 2427 887 2475 spatio
918 2426 1071 2465 relicto.
1219 2426 1398 2462 inbecillis
1415 2426 1521 2463 Flor-

165 2491 206 2518 et
234 2483 325 2532 (per
350 2484 414 2528 M)
444 2482 574 2520 Guelf.
608 2484 744 2534 Camp.
778 2497 810 2520 c.
841 2485 946 2523 Voss'.
980 2495 1018 2521 2.
1048 2485 1146 2524 Jenr.
1214 2484 1375 2519 imbellis
1403 2485 1519 2521 Tarv.

224 2650 290 2689 26.
319 2662 361 2689 ut
385 2656 510 2691 Cicero
531 2658 599 2694 ait.
631 2656 740 2693 Orat.
780 2671 816 2694 1.
876 2653 1065 2704 honestum
1095 2652 1148 2703 efi
1177 2657 1215 2691 ίη
1244 2653 1419 2704 secundis
1449 2665 1520 2691 ter-

162 2709 198 2756 §-
230 2716 273 2759 4.
309 2711 438 2748 Prima
469 2716 568 2749 enim
598 2713 814 2764 sequentem
874 2716 1008 2763 tiisque
1030 2709 1239 2763 consistere.
