1779 3062
232 170 295 223 74
546 161 623 209 Μ.
669 163 806 208 FAB.
853 163 1271 226 QUINTILIANI

225 287 492 338 senectute
531 298 814 338 maturum.
905 287 1153 339 Rabirius
1189 307 1245 337 ac
1288 289 1430 339 Pedo
1467 304 1580 339 non

142 365 445 431 907indigni
468 366 796 430 cognitione,
834 363 871 414 fi
893 377 1053 416 vacet.
1113 368 1356 421 Lucanus
1375 365 1579 424 ardens,

229 553 321 590 Bad.
354 551 462 589 Eafil.
524 554 598 590 Sed
627 555 745 591 Goth.
772 556 867 591 Salii
897 570 983 592 eum
1005 557 1102 595 Jens.
1125 556 1241 592 Tarv.
1263 555 1369 593 Voss’.
1393 564 1427 588 2.
1461 551 1578 588 Palat.

229 610 354 646 Gebh.
378 611 509 658 Syllae
539 611 664 647 Gueif.
697 625 784 646 cum
803 614 906 650 Voff.
936 627 966 648 1.
995 623 1031 656 3.
1064 625 1284 660 quanquam
1305 608 1445 660 hifile.
1638 602 1639 605 Ἰ

247 714 251 715 ⁷
306 666 494 715 senectute
515 677 708 702 maturum.
773 670 907 704 Turic.
922 668 955 717 s.
978 684 1037 704 ma
1062 669 1178 707 tur-bi,
1209 682 1228 701 a
1249 668 1315 703 sec.
1337 680 1389 702 m.
1411 663 1581 713 senectus

229 725 431 759 maturavit
453 737 540 758 cum
559 723 710 758 Barthii
733 725 818 759 cod.
840 725 952 760 Bodl.
974 726 1187 764 Anderana,
1209 734 1246 758 et
1264 725 1311 758 fic
1330 722 1435 757 haud
1461 721 1579 756 dubie

227 779 346 816 Palat.
380 779 504 814 Gebh.
566 780 637 815 Sed
668 779 772 815 Flor.
800 779 845 823 (a
877 795 935 830 pr.
966 783 1044 824 m.)
1078 779 1111 828 s.
1146 780 1271 815 turbit.
1332 777 1511 815 Colinaei
1541 786 1579 812 et

227 836 425 873 Vidovaei
448 836 533 870 edd.
548 836 581 885 s.
605 838 783 871 maturuit
805 848 841 872 et
861 837 937 872 hoc
958 838 1073 872 inesse
1095 836 1259 884 suspicor
1273 835 1404 870 Turic-
1426 843 1461 867 et
1472 832 1576 869 Flor-

227 895 273 927 In
315 891 386 927 hac
420 901 547 926 autem
587 892 773 940 scriptura
803 907 848 927 an
879 895 922 928 fit
951 893 1217 941 reprehensm,
1269 890 1421 939 qualem
1451 888 1575 937 vulgo

225 948 435 996 agnoscunt
457 948 496 983 iu
517 959 683 995 recepta,
714 949 856 984 merito
879 950 1088 986 dubitatur.
1149 950 1223 983 Res
1244 947 1439 982 manifesta
1460 944 1576 986 foret,

226 1006 252 1038 fi
288 1016 358 1052 pro
391 1003 507 1052 ipsum
530 1004 724 1052 legeretur
746 1004 843 1052 ipsa,
876 1017 919 1040 ut
940 1020 986 1040 ne
1006 1006 1083 1054 ipsa
1106 1004 1262 1052 quidem
1288 1004 1455 1038 [enectus
1478 1011 1576 1036 attu-

225 1060 308 1096 liffe
348 1060 429 1105 ejus
466 1060 625 1108 ingenio
655 1063 913 1096 maturitatem
943 1063 1146 1097 diceretur.
1206 1061 1345 1100 Nunc,
1399 1071 1495 1107 quae
1526 1056 1577 1092 est

227 1115 427 1151 Gebhardi
458 1116 661 1155 sententia,
706 1118 829 1164 potest
856 1118 938 1153 fane
969 1117 1141 1165 intelligi
1170 1117 1397 1152 immaturae
1428 1124 1577 1149 tantum

225 1173 365 1206 mortis
406 1171 654 1219 significatio,
707 1183 743 1207 et
773 1173 889 1208 habet
930 1186 1036 1214 „nec
1067 1174 1191 1222 ipsum
1206 1178 1229 1193 “
1265 1185 1342 1220 quo
1375 1171 1576 1210 referatur,

188 1251 196 1255 κ
224 1230 251 1263 si
285 1228 533 1267 memineris,
564 1226 680 1262 iilum
712 1230 787 1263 sive
819 1230 1014 1268 Varenum
1045 1231 1120 1267 five
1141 1228 1368 1265 Cornelium
1391 1230 1577 1262 Severum

225 1295 312 1318 ante
337 1284 440 1318 diem
463 1294 663 1318 mortuum
685 1285 803 1319 modo
824 1286 982 1325 narrari,
1002 1286 1185 1333 idemque
1206 1286 1249 1319 in
1267 1284 1425 1322 Valerio
1439 1281 1575 1317 Flacco
1621 1304 1628 1310 -

226 1340 385 1375 ostendi.
445 1340 657 1374 Fatendum
680 1351 819 1381 tamen,
851 1342 1046 1389 ingratum
1066 1342 1136 1376 esse
1160 1340 1368 1388 asyndeton
1389 1340 1430 1374 in
1453 1337 1574 1373 verbo

225 1398 411 1437 maturuit,
437 1395 652 1431 orationem
675 1407 802 1431 autem
824 1399 1018 1433 terfiorem
1042 1409 1078 1433 et
1098 1396 1321 1432 molliorem
1342 1397 1383 1431 in
1401 1404 1575 1441 recepta;

225 1465 447 1500 quanquam
476 1451 541 1486 vel
570 1452 649 1499 ipsa
680 1452 794 1493 haec,
845 1464 1005 1501 propter
1045 1453 1146 1488 illud
1175 1468 1238 1490 nec
1266 1452 1401 1499 ipsum,
1452 1449 1575 1509 potest
1626 1489 1628 1491 ‚

223 1509 376 1545 nonnisi
403 1508 444 1543 in
472 1508 677 1553 juventute
709 1510 921 1544 extincmm
953 1509 1121 1556 Salejum
1142 1509 1276 1544 testari.

1336 1510 1423 1555 Quo
1448 1508 1575 1542 tamen

224 1565 364 1600 ordine
394 1564 629 1603 recensetur,
661 1575 843 1612 totusque
866 1565 1028 1600 dicentis
1053 1567 1098 1600 de
1120 1578 1164 1600 eo
1186 1565 1341 1600 habitus
1361 1565 1393 1599 is
1413 1563 1491 1600 fere
1512 1562 1573 1602 est,

222 1631 267 1656 ut
301 1619 461 1668 colligas
475 1646 485 1660 ,

222 1803 295 1826 nos
327 1791 374 1825 ad
405 1789 451 1831 6,
491 1792 578 1825 Pro.
613 1798 649 1833 3.
702 1803 740 1838 p.
777 1796 868 1834 425.

221 1848 283 1882 De
300 1846 487 1896 senectute
508 1846 693 1882 'maturum
715 1846 868 1882 consule

223 1914 306 1939 not.
332 1914 415 1938 crit.

280 2015 467 2052 Rabirius.
497 2016 585 2056 Hic,
608 2015 676 2064 qui
699 2016 868 2052 carmine

226 2073 445 2122 persecutus
479 2072 529 2107 est
558 2072 704 2108 bellum
734 2073 874 2108 Achai·

225 2141 324 2169 cum,
346 2128 497 2176 aliquot
512 2129 764 2177 scriptoribus
780 2142 869 2164 cum

223 2185 368 2219 eximia
388 2184 498 2220 laude
514 2196 764 2225 memoratur,
787 2184 869 2220 vci-

220 2251 266 2276 ut
297 2241 446 2277 Ovidio
479 2241 616 2288 (Pont.
641 2247 686 2284 4,
711 2238 780 2282 16,
803 2244 868 2285 5.)

223 2308 262 2333 et
285 2297 440 2343 Vellejo
463 2307 507 2338 2,
530 2297 594 2340 36.
629 2308 664 2332 et
684 2299 729 2333 L.
756 2299 869 2332 Sene-

222 2366 285 2390 cae
310 2354 456 2396 (Benef.
484 2355 530 2394 6,
555 2355 624 2396 3.).
685 2352 743 2389 Cf.
765 2353 868 2389 Vols.

208 2410 270 2447 ,de
291 2409 456 2445 Historr.
480 2411 564 2445 Lat.
590 2422 623 2452 ι,
648 2418 714 2446 21.
754 2408 872 2446 Nihil

226 2466 308 2512 ejus
330 2465 542 2514 reliquum.

280 2578 393 2618 Pedo.
431 2578 476 2614 cf.
510 2577 547 2620 6,
573 2588 610 2623 5,
634 2578 701 2615 61.
759 2579 871 2625 Ejus-

225 2635 314 2670 dem
346 2634 554 2676 Theseida,
600 2648 696 2683 quae
729 2645 767 2669 et
793 2635 871 2682 ipsa

222 2690 447 2731 intercidit,
488 2691 720 2727 demonstrat
749 2689 868 2726 ovid.

536 1631 617 1655 non
653 1619 765 1656 valde
794 1620 1027 1657 laudabilem
1057 1622 1093 1657 ei
1121 1622 1246 1659 visum
1277 1619 1457 1667 Salejum.

1526 1620 1575 1654 In

926 1794 1037 1832 Pont,
1064 1801 1108 1832 a,
1135 1803 1207 1832 10,
1228 1800 1294 1834 71.
1355 1784 1574 1827 Versus'de

926 1849 1175 1896 navigatione
1227 1846 1447 1883 Germanici
1483 1857 1575 1895 pro·

926 1904 1001 1940 fert
1026 1905 1080 1940 M.
1106 1907 1244 1939 Seneca
1267 1904 1414 1939 Suasor.
1444 1916 1477 1937 1.
1512 1900 1572 1938 Cf.

925 1961 1033 1996 idem
1072 1960 1177 2000 Voff.
1223 1960 1270 1995 de
1311 1962 1438 1995 Poett.
1486 1959 1574 1996 Lat.

926 2030 964 2066 p.
996 2026 1061 2060 52.

982 2130 1167 2165 Lucanus.
1199 2130 1305 2166 Nota
1326 2129 1372 2164 de
1392 2128 1470 2163 hoc
1489 2140 1572 2163 om-

925 2186 1001 2222 nia.
1058 2184 1140 2220 Alii
1169 2185 1362 2222 historicis
1393 2197 1481 2219 eum
1500 2197 1572 2233 po-

926 2244 1003 2278 tius
1024 2255 1139 2290 quam
1159 2243 1285 2290 poetis
1306 2251 1573 2276 annumerant.

927 2301 1033 2334 Serv.
1084 2297 1132 2332 ad
1181 2299 1342 2333 Aeneid.
1392 2310 1406 2331 ι
1425 2324 1435 2338 ,
1477 2297 1572 2341 586.

926 2356 1134 2396 „Lucanus
1181 2354 1271 2389 ideo
1320 2355 1365 2389 in
1405 2365 1571 2389 numero

924 2418 1156 2459 „poetarum
1197 2410 1268 2445 effe
1309 2424 1390 2445 non
1416 2410 1572 2450 meruit,

926 2467 1045 2515 „quia
1067 2467 1227 2501 videtur
1246 2467 1443 2502 historiam
1465 2478 1570 2501 com-

926 2523 1138 2571 „posuiffe‚
1168 2535 1247 2557 non
1271 2528 1452 2572 poema.“
1509 2521 1570 2558 Cf.

912 2579 1108 2627 ,interprln
1147 2579 1194 2613 ad
1222 2581 1376 2614 Petron.
1412 2584 1502 2621 1¹8·
1534 2587 1572 2613 et

926 2647 998 2669 nos
1027 2635 1073 2669 ad
1101 2644 1148 2678 5,
1183 2641 1229 2679 3,
1262 2643 1324 2678 25.
1394 2634 1468 2670 Sed
1504 2633 1572 2669 hic

926 2690 1081 2726 consule
1107 2701 1189 2726 not.
1209 2691 1294 2726 crit.
