1779 3062
423 163 587 209 INST.
626 163 907 210 ORATOR.
943 167 1065 212 LIB.
1104 168 1176 224 X,
1223 180 1265 213 1.
1425 178 1520 222 105

169 294 236 351 ei,
266 308 401 356 quae
426 290 548 340 sunt
571 301 740 349 extra,
776 288 1169 358 superfuerunt.
1249 298 1314 344 Et
1340 293 1526 347 Vibius

170 365 404 441 Crispus,
445 367 786 434 compofitus,
821 379 872 416 et
901 371 1186 430 jucundus,
1226 384 1278 420 et
1301 372 1525 422 delecta-

168 447 306 495 tioni
353 459 542 495 natus:
625 447 846 511 privatis
907 458 1084 511 taimen
1146 449 1307 499 causis
1362 468 1524 516 quam

167 523 399 590 publicis
443 524 650 573 melior.
749 523 889 575 lelio
939 525 1169 574 Secundo
1220 525 1255 574 fi
1304 529 1613 593 longiormo

168 598 462 665 contigisset
496 611 646 658 aetas,
688 600 1017 650 clariffimum
1049 601 1291 667 profecto
1324 623 1527 654 nomen

168 680 391 727 oratoris
414 678 556 743 apud
579 676 814 743 posteros
833 677 988 727 foret.
1061 679 1336 740 Adiecisset
1364 685 1526 742 enim,

166 765 326 819 atque
358 755 633 815 adjiciebat
668 757 852 804 ceteris
882 757 1176 806 virtutibus
1204 756 1338 816 suis,
1378 761 1527 823 quod.

166 830 449 880 desiderari
474 831 656 898 potest.
719 832 779 881 Id
805 832 877 881 est
905 845 1097 891 autem,
1121 845 1181 883 ut
1205 832 1324 883 effet
1349 838 1524 887 multo

164 910 334 974 magis
354 927 584 975 pugnax,
625 920 676 958 et
709 909 915 976 saepius
951 910 1016 958 ad
1041 929 1217 960 curam
1250 930 1432 962 rerum
1461 915 1523 963 ab

164 986 471 1036 elocutione
521 986 814 1052 respiceret.
896 989 1147 1037 Ceterum
1196 991 1520 1057 interceptus
1540 1011 1615 1038 122

163 1081 383 1129 quoque
407 1082 664 1130 magnum
686 1064 783 1114 fibi
814 1065 1052 1114 vindicat
1076 1067 1272 1116 locum.
1351 1072 1423 1117 Ea
1450 1069 1524 1118 est

161 1140 438 1201 facundia,
501 1153 641 1192 tanta
685 1143 744 1192 in
781 1143 1125 1209 explicando,
1186 1144 1336 1211 quod.
1372 1148 1523 1206 velit,

163 1299 298 1335 decora
319 1311 406 1335 curn
430 1301 529 1339 Jens.
552 1311 589 1336 et
609 1300 694 1336 edd.
718 1299 855 1349 poster.
879 1309 965 1335 ante
984 1299 1078 1335 Bad.
1242 1311 1360 1338 extra.
1387 1304 1521 1340 Turic-

160 1355 267 1391 Flor.
303 1356 386 1402 (hic
407 1371 426 1392 a
448 1371 506 1405 pr.
529 1359 602 1403 m.)
636 1371 679 1392 ex
702 1359 768 1392 ira.

254 1424 344 1449 120.
375 1415 420 1448 Id
443 1411 503 1462 est.
538 1415 670 1450 Turio.
703 1415 819 1450 Idem.

155 1482 331 1519 pugnans
362 1483 449 1505 cum
487 1470 590 1506 Alm.
848 1479 884 1505 et
907 1468 1068 1518 saepius.
1105 1470 1236 1505 Turio.
1271 1472 1310 1515 (a
1340 1472 1407 1508 sec.
1447 1476 1520 1518 m.)

163 1526 298 1575 Camp.
331 1526 420 1575 uts.
645 1526 850 1576 respiceret.
883 1527 1017 1562 TuJ—ic.
1050 1524 1089 1571 (a
1112 1527 1180 1561 sec.
1203 1529 1275 1570 m.)
1297 1526 1522 1579 resipisceret

160 1594 248 1617 cum
267 1583 367 1622 Jens.
392 1584 508 1619 Tarv.
536 1584 719 1619 Correxit
740 1584 897 1631 RegiuS.

255 1651 346 1676 121.
393 1641 496 1676 velit.
539 1640 673 1676 'rm-ic.
716 1640 830 1676 vellet:
871 1653 960 1676 cum
990 1638 1093 1677 Alm.

161 1695 228 1741 (cf.
257 1711 273 1732 1
286 1696 368 1743 17.)

1053 1427 1218 1461 pugnax.
1253 1415 1386 1452 Turic.
1415 1416 1520 1454 Flor.

1158 1637 1233 1676 Sed
1262 1639 1366 1678 Flor.
1401 1643 1520 1680 vellit.

161 1810 322 1859 adeptus
347 1811 475 1853 fuit‚s2
496 1811 600 1848 visus
627 1813 748 1849 modo
770 1813 814 1849 id
872 1813 1017 1849 tiarum
1058 1824 1095 1849 et
1134 1812 1314 1849 locorum
1347 1826 1523 1851 commu-

159 1866 276 1903 velle.
1071 1871 1256 1907 Nimium
1289 1871 1414 1919 igitur
1460 1875 1524 1908 Se·

223 1924 351 1960 Vibius
365 1924 525 1974 Crispus.
551 1925 645 1962 vide
676 1931 712 1968 5,
749 1935 811 1969 13,
873 1927 1022 1963 cundus
1046 1928 1159 1963 dabat
1174 1927 1290 1962 rebus
1309 1938 1414 1962 extra
1436 1943 1525 1964 cau-

872 1871 996 1907 nium.

163 1986 228 2026 48·

226 2048 317 2074 120.
350 2038 452 2073 Julio
465 2039 644 2075 Secundo.
679 2040 726 2075 cf.
748 2052 811 2079 10,

162 2103 200 2139 3‘,
239 2103 302 2132 12.
336 2106 374 2131 et
406 2107 477 2130 nos
511 2097 556 2131 ad
593 2096 629 2132 6.
662 2099 750 2132 Pro.
775 2105 813 2140 3.

159 2165 200 2201 Ρ.
231 2158 323 2196 427.
355 2153 451 2187 item
480 2164 543 2194 12,
581 2166 644 2193 10,
679 2165 742 2187 11.

223 2208 440 2255 adjiciebat.
499 2210 666 2245 Attende
730 2210 816 2244 vim

161 2265 397 2314 imperfecti.
473 2268 633 2316 Semper
666 2267 818 2312 adjicie-

161 2323 249 2363 bat,
301 2336 428 2371 neque
467 2334 595 2358 tamen
628 2324 818 2369 adjecerat

162 2390 369 2427 antequam
387 2390 621 2415 moreretur.

220 2434 428 2484 respiceret.
476 2435 522 2471 cf.
556 2445 605 2479 3,
641 2450 714 2478 11,
750 2437 816 2473 26.

162 2492 235 2527 ubi
284 2503 463 2527 notatum
519 2493 598 2528 fere
647 2494 818 2529 Secundi

162 2547 279 2583 illum
301 2561 473 2583 errorem
494 2549 686 2590 invenies,
712 2561 756 2585 ut
779 2561 817 2586 et

159 2605 228 2640 1110
267 2608 301 2653 §.
338 2614 404 2648 55.
439 2619 567 2653 pugna
605 2618 733 2642 autem
767 2607 817 2642 est

162 2662 291 2697 causae
323 2662 440 2710 ipsius
473 2663 674 2704 tractatio,
706 2662 817 2699 solita

161 2717 232 2755 illa
263 2718 415 2768 negligi
431 2732 451 2754 a
492 2719 646 2770 cupidis
671 2720 819 2756 senten·

871 1984 960 2024 sam,
982 1997 1053 2019 nec
1078 1985 1161 2019 satis
1182 1984 1387 2031 pugnabat,
1424 1996 1468 2021 ut
1489 1986 1526 2020 ei

872 2041 996 2088 magis
1017 2043 1182 2089 pugnaci
1203 2039 1288 2075 fieri
1311 2042 1525 2088 optandum

876 2096 975 2133 cffet.
1036 2099 1154 2132 Hunc
1196 2111 1346 2145 pugnae
1377 2109 1424 2134 ‘et
1461 2114 1528 2147 pu·

874 2154 1021 2202 gnandi
1050 2155 1161 2189 usum
1194 2153 1312 2189 habes
1349 2160 1384 2197 4,
1417 2164 1455 2200 5,
1491 2167 1528 2193 2.

879 2218 924 2254 5,
964 2219 1036 2252 12,
1070 2211 1212 2250 226,
1247 2216 1295 2253 4,
1330 2216 1364 2254 4.
1390 2212 1426 2250 6.
1463 2212 1531 2248 hic

877 2270 912 2314 ᾖ.
936 2277 999 2315 79.
1034 2278 1071 2303 et
1103 2268 1237 2317 paffim
1268 2266 1366 2302 locis
1398 2269 1441 2304 in
1470 2270 1530 2304 in-

879 2324 964 2358 dice
995 2325 1239 2372 quaerendis.
1329 2324 1392 2360 Sic
1427 2325 1532 2375 apud.

877 2382 1059 2416 Senecam
1090 2392 1237 2429 patrem
1271 2381 1461 2418 Controv.
1493 2393 1531 2418 2.

878 2437 994 2487 praef.
1035 2439 1208 2478 „Deerat
1228 2436 1292 2471 illi
1312 2439 1531 2474 oratorium

874 2493 1028 2534 „robur
1079 2505 1115 2530 et
1163 2494 1231 2529 ille
1279 2498 1532 2543 pugnatorius

874 2557 1081 2590 „muc1·o.“

941 2618 1031 2642 121.
1063 2609 1100 2642 in
1123 2608 1345 2657 explicando
1369 2629 1421 2636 —
1444 2624 1531 2660 graf

878 2665 943 2699 tia·
1013 2664 1138 2702 Verbi
1185 2665 1381 2713 originem
1411 2667 1530 2715 ipsam

881 2732 1014 2757 tenere
1039 2731 1206 2772 oportet,
1221 2735 1270 2766 ιφ
1291 2722 1392 2759 forte
1413 2725 1531 2774 expli·
