1779 3062
395 175 558 221 INST.
595 174 884 224 emron·
913 177 1033 223 ΜΒ.
1071 176 1166 231 xi,
1208 187 1252 230 3.
1390 183 1491 232 409

148 305 246 354 suo
269 306 509 366 jungens,
549 298 760 348 remissis
783 301 987 359 ceteris,
1029 300 1100 349 est
1123 311 1174 350 et
1197 298 1493 367 approba-n-

150 382 313 438 tibus,
351 389 402 426 et
427 376 790 434 narrantibus,
830 389 881 425 et
913 378 1364 444 distinguentibus
1401 377 1494 425 de-

151 473 320 507 corus.
384 456 489 505 Cui
518 471 630 504 non
661 451 928 514 dissimilis,
967 455 1056 505 sed
1084 454 1374 522 compressis
1400 455 1569 504 tri-102

147 633 311 682 Reliqui
347 633 488 682 pollici.
549 635 658 669 Hanc
689 632 917 681 scripturam
941 633 1010 681 qui
1031 645 1178 674 teneat,
1208 647 1324 671 nemo
1348 634 1494 683 gestum

147 691 343 741 expediet.
405 690 538 737 Qualis
564 691 667 726 enim
691 690 780 740 suus
813 690 938 724 indici
968 691 1017 725 est
1042 693 1199 739 pollex?
1228 694 1289 727 An
1322 692 1495 737 ejusdem

149 761 310 788 manus,
346 749 455 794 cujus
481 760 517 784 et
536 747 644 797 ipse?
677 749 808 796 Apage
828 747 913 782 istas
936 748 1124 796 ambages.
1163 748 1370 784 Genitivus
1393 748 1493 782 solus

149 806 314 856 probam
337 805 559 840 sententiam
583 804 764 852 praestat,
796 804 867 839 ubi
889 804 999 838 index
1018 804 1243 852 (proximus
1270 803 1411 852 pollici
1438 804 1495 838 di·

149 861 283 910 gitus)
318 861 478 896 medium
508 862 657 910 pollicis
690 874 845 908 unguem
866 860 1011 910 summo
1037 859 1107 908 suo
1139 861 1310 907 (indicis
1343 860 1497 908 ungui)

146 920 285 967 jungit.
341 917 530 966 Displicit
547 918 674 953 tamen
695 917 759 953 vel
781 917 847 952 hic
865 918 1030 953 verbum
1051 919 1247 965 jungendi,
1279 916 1494 964 malimque

148 989 238 1025 prae
255 973 326 1023 suo
345 976 504 1021 jungens
522 975 637 1010 haec:
661 974 732 1023 suo
761 976 999 1022 contingens,
1030 987 1110 1009 non
1135 976 1229 1010 adeo
1253 973 1348 1009 dura
1370 984 1494 1009 muta-

150 1033 271 1068 tione.
331 1032 376 1065 Iu
409 1032 722 1067 antecedentibus
753 1042 879 1066 autem
913 1030 1030 1080 longe
1056 1031 1155 1067 abest
1184 1043 1229 1066 ut
1247 1031 1493 1079 acquiescam.

147 1089 326 1124 Primum
348 1101 416 1135 que
440 1088 688 1128 encliticum‚
724 1088 808 1137 post
829 1088 1009 1130 medium,
1042 1088 1111 1137 qui
1132 1089 1227 1124 ferri
1245 1087 1380 1137 possit,
1414 1100 1492 1122 non

148 1145 282 1181 video.
321 1145 422 1181 Nam
446 1146 554 1193 quod
571 1148 759 1194 proximus
780 1145 829 1180 est
845 1145 988 1193 pollici,
1020 1155 1154 1181 natura
1172 1145 1292 1193 ipsius
1315 1145 1363 1180 fit
1384 1143 1500 1192 digiti

151 1212 190 1238 et
210 1202 354 1238 fabrica
379 1203 556 1251 corporis
573 1203 747 1242 humani,
763 1202 828 1237 cui
849 1202 972 1250 gestus
993 1202 1061 1237 ille
1075 1203 1259 1251 jungendi
1284 1215 1364 1237 non
1379 1201 1501 1249 potest

151 1258 339 1307 applicari
360 1272 428 1307 per
450 1259 680 1307 particulam
705 1273 785 1310 que,
819 1259 924 1307 quasi
943 1258 1007 1293 vel
1028 1260 1179 1305 junctio
1200 1259 1265 1293 ista
1287 1258 1433 1307 pariter
1454 1257 1501 1293 sit

151 1316 381 1364 sempiterna
412 1316 477 1351 vel
505 1317 652 1351 vicinia
683 1315 840 1365 pollicis
874 1325 910 1349 et
937 1315 1079 1350 indicis
1099 1316 1236 1351 itidem
1258 1328 1276 1349 a
1297 1314 1501 1350 voluntate

151 1373 330 1422 pendeat.
398 1373 554 1407 Deinde
590 1374 758 1409 vetustae
789 1371 881 1408 illac
914 1373 1119 1420 scripturae
1153 1372 1238 1407 satis
1283 1371 1498 1411 ostendunt,

154 1431 264 1477 quod
295 1429 360 1465 vel
391 1430 534 1478 absque
562 1430 612 1466 iis
644 1430 818 1477 patebat,
849 1428 968 1465 verba
997 1443 1070 1477 qua
1097 1429 1225 1464 dexter
1256 1425 1305 1474 efi
1334 1428 1501 1463 minime

153 1487 236 1522 sana
270 1487 366 1528 effe3
398 1499 468 1522 nec
490 1487 576 1524 VV.
601 1488 693 1521 DD.
725 1484 827 1520 nihil
857 1484 924 1519 hic
956 1496 1181 1526 monentes,
1211 1484 1276 1519 vel
1303 1485 1413 1533 capio
1436 1483 1503 1520 vel

151 1546 249 1581 fero.
309 1543 441 1579 Doleo
475 1554 602 1578 tamen
636 1553 672 1577 et
697 1542 918 1581 subirascor,
952 1542 1058 1589 quod
1088 1541 1193 1576 nihil
1213 1541 1288 1588 ipse
1315 1542 1503 1577 extundo.

152 1603 294 1650 Neque
317 1601 418 1635 enim
446 1600 528 1634 satis
560 1599 758 1648 acquiesco
791 1599 834 1634 in
863 1611 908 1632 eo
945 1598 1052 1645 quod
1081 1598 1270 1633 succurrit
1299 1610 1318 1631 e
1346 1598 1378 1641 ᾗ.
1411 1608 1502 1644 109.

152 1659 313 1694 medium
349 1658 437 1705 (qui
455 1675 511 1682 —-·
529 1655 595 1691 vel
626 1668 834 1704 quanquam
856 1674 909 1682 -—
929 1664 1073 1690 tantum
1100 1653 1221 1703 gestus
1254 1655 1384 1689 dexter
1414 1651 1502 1701 est).

151 1714 261 1751 Illud
290 1724 420 1749 autem
447 1715 664 1760 contingens
689 1713 937 1751 Andreanae,
971 1724 990 1745 a
1011 1712 1230 1760 corrigente
1257 1711 1361 1747 haud
1387 1711 1503 1746 dubie

154 1783 322 1812 erutum,
353 1783 480 1818 neque
501 1769 683 1805 ductibus
704 1768 903 1805 veteribus
924 1768 1104 1804 satisfacit
1128 1782 1255 1816 neque
1275 1767 1504 1803 structuram

153 1828 346 1877 relinquit
372 1826 617 1875 probabilem
655 1826 833 1874 sequente
864 1826 1034 1872 jungens.
1094 1825 1270 1859 Maxime
1302 1823 1504 1860 blanditur

155 1886 306 1920 dextrae
329 1884 396 1928 (cf.
426 1885 538 1931 109.)
563 1895 721 1930 unguem
750 1881 858 1918 facili
883 1881 1178 1917 continuatione
1201 1881 1411 1922 structum,
1441 1881 1505 1917 sed

156 1941 286 1981 obstat,
302 1941 372 1990 qui
393 1940 572 1979 infertur,
587 1938 786 1987 genitivus
804 1938 900 1974 alter
918 1938 1088 1985 pollicum
1110 1948 1146 1973 et
1167 1949 1293 1973 tamen
1305 1948 1506 1974 remanent

156 1997 225 2033 illa
253 1997 385 2032 Turic-
421 1996 525 2032 Flor.
558 1995 660 2031 Alm.
693 1996 859 2031 monstra
888 1996 1206 2042 procurationem
1242 1993 1504 2031 desiderantia.

156 2046 384 2102 Idrquidcm
414 2063 549 2093 teneo,
580 2052 791 2099 interjectis
814 2053 892 2088 istis
924 2050 1135 2098 significari
1157 2064 1326 2099 unguem
1347 2050 1505 2099 pollicis

155 2113 199 2148 iu
219 2112 354 2146 dextra
370 2123 513 2151 manu,
545 2122 593 2143 ne
616 2108 718 2144 forte
744 2110 831 2158 quis
863 2107 1004 2149 credat,
1037 2108 1199 2157 perinde
1224 2108 1308 2147 effe,
1334 2107 1376 2142 in
1404 2118 1506 2142 utra-

157 2181 314 2215 cunque
348 2167 417 2202 fiat
449 2167 592 2214 gestus-⁷
646 2166 705 2201 Eo
736 2167 927 2206 deducor,
962 2166 1051 2213 quia
1082 2178 1177 2200 mox
1198 2166 1239 2200 in
1261 2164 1364 2211 gefiu
1394 2165 1508 2199 Grae-

157 2238 296 2261 corum
321 2223 573 2271 sophistarum
604 2222 698 2258 huic
720 2223 848 2258 nostro
873 2222 991 2256 simili
1017 2222 1201 2268 adjicitur
1224 2223 1334 2256 etiam
1356 2230 1510 2269 utraque

157 2295 280 2327 manu.
338 2281 423 2317 Nec
456 2291 584 2316 tamen
614 2292 659 2314 eo
694 2281 819 2328 magis
850 2280 933 2314 fero
968 2293 1125 2326 unguem
1148 2279 1260 2326 jungi
1290 2292 1359 2327 qua
1382 2278 1509 2314 <leuiter

160 2336 224 2386 est.
282 2339 471 2384 Expectat
494 2336 603 2372 locus
626 2336 723 2372 felix
748 2337 910 2384 aliquod
934 2336 1065 2372 critici
1086 2348 1260 2371 acumen.

276 2404 313 2430 et
333 2393 581 2432 narrantibus.
614 2394 746 2430 Turio.
772 2406 848 2430 0111.
874 2401 921 2431 et.

256 2518 347 2545 102.
380 2507 601 2558 comprcsffis.
629 2508 762 2547 Turio.
782 2510 917 2547 Ambr.
940 2521 974 2546 2.
1009 2507 1136 2546 Guelf.
1164 2509 1294 2556 Camp,
1318 2507 1510 2556 completis

163 2581 252 2605 cum
274 2565 378 2604 Voss.
409 2581 442 2600 1.
465 2575 503 2608 5.
531 2566 715 2615 complitis
735 2567 839 2603 Flor.
866 2581 953 2603 cum
976 2567 1077 2602 Alm.
1100 2566 1165 2613 (cf.
1189 2567 1285 2613 99.).
1309 2565 1510 2612 complexis

165 2624 284 2661 Goth.
309 2635 396 2658 cum
416 2622 520 2658 Voss.
545 2634 579 2658 2.
616 2622 817 2673 Vulgatam
844 2624 1091 2660 commendat
1113 2625 1142 2667 (5.
1159 2628 1224 2670 94.
1260 2621 1382 2656 Modo
1403 2620 1507 2658 Flor.

160 2695 237 2717 non
266 2678 430 2728 diffiniis.
466 2679 566 2715 Voff.
599 2694 632 2713 1.
665 2689 702 2722 5.
735 2680 969 2730 ίγιάζθεήιὶἰὶε.
1003 2681 1136 2716 Turio.
1166 2681 1297 2726 Camp.
1320 2677 1510 2713 omittunt

160 2738 375 2788 plurimum.
411 2735 539 2772 Guelf.
568 2736 714 2774 Eadem
742 2751 815 2788 pro
849 2740 973 2776 etiam.
1006 2738 1137 2774 Turio.
1160 2732 1351 2784 [·'lor.sua
1369 2748 1406 2783 g.
1430 2748 1517 2775 conr„
