1779 3062
274 180 373 238 276
579 178 653 224 M.
701 177 838 224 ΕΑΒ.
889 176 1305 238 QUINTILIANI

277 305 431 364 cedit,
455 305 544 353 vel
570 305 779 360 erroris,
801 303 889 352 vel
910 301 1233 369 suspicionis.
1273 298 1618 350 Tutissimum
1663 361 1665 363 ι
1722 298 1729 302 ’

277 383 403 449 ergo
438 382 795 448 poenitentiae
820 379 1088 437 confessio,
1117 390 1168 427 et
1194 377 1472 427 satisfactio
1503 376 1631 426 cul?
1687 430 1689 432 .

280 477 403 526 pae:
451 457 932 525 perducendusque
966 459 1114 507 omni
1151 454 1316 504 modo
1351 455 1511 516 judex
1551 455 1618 504 acl

205 551 256 586 77
281 541 390 586 irae
440 535 720 602 pudorem.
789 535 994 584 Accidit
1031 535 1188 582 etiam
1222 548 1618 595 nonnunquam

276 614 460 663 eadem
483 611 646 671 causa,
691 612 758 682 de
781 629 884 677 qua
902 609 1286 678 pronunciarit,
1318 605 1622 673 cognoscat÷.

277 708 383 756 que
427 692 658 739 iterum:
715 701 833 738 tum
865 688 1006 737 illud
1052 687 1271 751 quidem
1314 701 1617 743 commune,

277 767 422 834 apud
441 769 606 816 aliurn
626 784 723 816 nos
744 765 975 827 judicem
1000 764 1360 829 disputaturos
1383 762 1449 810 de
1470 763 1617 811 illius

276 845 532 909 sententia
565 861 677 893 non
717 840 897 891 fuisse:
955 859 1130 906 neque
1167 842 1312 890 enim
1346 839 1618 888 emendari

279 923 344 971 ab
368 923 489 978 alio,
517 937 678 985 quam
701 918 830 985 ipso,
854 918 931 968 fas
961 918 1084 967 effe:
1111 929 1343 967 ceterum
1368 911 1432 964 ex
1454 915 1618 974 causa,

276 1010 341 1048 ut
367 1015 610 1065 quaeque
640 998 924 1063 permittet,
962 1007 1053 1046 aut
1067 997 1316 1061 ignorata
1343 993 1618 1059 quaedam,

280 1200 388 1235 cedit.
419 1196 550 1234 Turio.
588 1196 692 1233 Flor.
724 1197 856 1244 Camp.
885 1195 992 1245 causa
1013 1210 1041 1232 c.
1063 1195 1191 1232 Guelf.
1217 1209 1246 1233 c.
1267 1195 1396 1231 credit.
1443 1195 1538 1231 Non
1559 1208 1618 1231 ac-

280 1256 433 1304 quiesco
465 1255 507 1288 in
537 1253 716 1301 vulgata,
748 1254 857 1299 cujus
888 1254 917 1287 [i
947 1253 997 1287 est
1025 1253 1207 1287 sententia
1229 1254 1410 1292 convenit,
1437 1254 1620 1299 congruit,

279 1312 454 1347 desidero
476 1311 742 1345 auctoritatem
764 1310 817 1344 ita
837 1309 1004 1345 dicendi.
1055 1308 1203 1355 Quidni
1232 1309 1372 1344 fuerit:
1406 1307 1515 1357 causa
1536 1320 1620 1344 con-

280 1369 407 1403 cedit?
437 1378 480 1402 ut
511 1366 614 1414 apud
647 1367 728 1402 Cic.
761 1378 833 1413 pro
867 1366 1031 1412 Quintio
1062 1378 1092 1400 c.
1123 1378 1184 1401 10.
1205 1364 1364 1402 Eillud
1385 1365 1552 1401 adhaesit
1571 1378 1620 1401 ex

279 1424 379 1458 male
407 1423 606 1458 intellecto
640 1422 874 1471 compendio
905 1421 1070 1469 syllabae
1101 1435 1182 1458 con.
1443 1422 1494 1457 ad
1527 1423 1620 1459 irae.

276 1479 473 1528 Lepidum
498 1480 545 1514 est
566 1489 603 1513 et
624 1480 779 1514 criticae
799 1478 995 1515 tironibus
1017 1479 1234 1514 notandum
1256 1479 1364 1527 quod
1384 1479 1449 1514 hic
1472 1479 1515 1514 in
1536 1478 1618 1527 ple·

277 1537 412 1584 :risque
439 1537 550 1570 MSS.
596 1535 694 1579 (nec
718 1546 845 1570 tamen
868 1535 1000 1570 Turio.
1031 1546 1097 1570 aut
1116 1534 1220 1570 Flor.
1246 1549 1467 1585 quanquam
1489 1534 1621 1577 Alm.)

278 1593 404 1633 adire,
444 1592 609 1626 feliciter
637 1601 854 1626 correctum
881 1605 901 1626 a
930 1591 1078 1639 Regio,
1109 1603 1317 1640 praeeunte
1354 1594 1509 1641 Camp„
1536 1605 1619 1628 non

275 1649 302 1686 J
304 1649 376 1683 ens.
401 1649 518 1684 TarV.

368 1771 433 1804 77.
475 1775 737 1808 nonnunquam
768 1761 895 1796 eadem
923 1760 1043 1810 causa.
1093 1762 1156 1797 Sic
1190 1762 1321 1799 Turio.
1353 1762 1457 1799 Flor.
1489 1761 1619 1800 Guelf.
1661 1780 1670 1789 ·

280 1819 413 1865 Camp.
447 1830 535 1852 cum
568 1817 686 1854 Goth.
716 1818 822 1855 Voff.
849 1827 884 1853 2.
919 1830 956 1854 et
980 1819 1064 1854 edd.
1099 1830 1184 1854 ante
1214 1819 1300 1854 Ald.
1322 1820 1391 1868 qui
1411 1820 1544 1854 inserit
1566 1829 1620 1855 ut.

279 1874 373 1910 Bad.
390 1872 501 1908 Basil.
524 1886 786 1922 nonnunquam
806 1875 956 1909 eandem
980 1874 1136 1923 causam.
1166 1875 1327 1924 Reliqui
1346 1892 1381 1913 n.
1405 1885 1445 1911 ut
1466 1875 1620 1912 eandem

280 1929 435 1979 causam.
666 1932 919 1979 pronunciarit
950 1932 1126 1971 dedimus
1153 1946 1172 1967 e
1205 1933 1443 1978 conjectura,
1472 1932 1620 1982 reliqui

278 1989 552 2034 pronunciavit.
787 1987 1062 2037 cognoscatque.
1101 1989 1232 2024 Turic.
1260 1988 1364 2025 Flor.
1398 1998 1616 2038 cognatque.

278 2044 355 2078 Hic
376 2047 413 2087 (a
433 2044 501 2079 sec.
520 2043 604 2084 m.),
628 2041 755 2079 Guelf.
768 2045 864 2080 Exc.
878 2047 1027 2080 Samen.
1043 2046 1175 2092 Camp.
1198 2054 1378 2095 cogatque
1398 2060 1487 2082 cum
1498 2047 1618 2085 Goth.

279 2099 386 2136 Voss'.
408 2110 443 2134 2.
478 2111 514 2134 et
545 2099 628 2134 edd.
660 2110 745 2134 ante
763 2100 851 2136 Ald.
891 2102 968 2136 Hic
993 2110 1128 2148 agatur
1155 2102 1426 2150 transpositum
1448 2103 1534 2150 post·
1551 2105 1618 2138 ite-

280 2169 372 2195 rum,
404 2156 580 2190 suadente
601 2156 738 2203 Regio.
780 2157 854 2191 Sed
879 2159 970 2192 Bad.
989 2157 1098 2194 Basil.
1122 2167 1161 2192 uc
1184 2156 1389 2206 cognoscat.
1413 2160 1528 2195 Tarv.
1557 2173 1618 2195 co-

278 2213 459 2262 gitatque.
489 2211 649 2259 Reliqui
672 2211 880 2260 cognoscat.
1123 2228 1230 2261 quam
1260 2213 1353 2262 ipso.
1393 2215 1456 2250 Sic
1484 2215 1616 2253 Turio.

280 2267 411 2304 Guelf.
435 2269 568 2316 Camp.
597 2281 686 2303 cum
704 2268 822 2304 Goth.
846 2281 883 2305 et
904 2270 989 2305 edd.
1010 2280 1094 2304 ante
1117 2270 1266 2318 Gryph.
1292 2283 1370 2307 exc.
1395 2270 1480 2307 Ald,
1510 2271 1617 2306 Reli·

279 2325 348 2372 qui
369 2324 540 2359 inserunt
560 2324 618 2361 ab.
851 2336 892 2361 ut
913 2340 1083 2375 quaeque.
1103 2327 1236 2362 Turio.
1257 2326 1359 2364 flor.
1381 2327 1614 2364 Guelf.Exc.

336 2494 676 2540 77.pr0nunc1⁰arit,
710 2492 919 2543 cognoscat-
977 2507 1070 2531 mox
1090 2496 1258 2533 remittit
1279 2500 1313 2546 §.
1336 2504 1401 2542 78.

279 2562 359 2596 que.
420 2549 546 2584 Facile
575 2563 622 2584 ex
649 2552 841 2598 proximis
862 2552 921 2585 in-

279 2604 469 2652 telligitur
500 2606 630 2651 judex,
710 2607 922 2643 Conferen·
1036 2618 1190 2643 ceterum
1220 2622 1265 2644 ex
1295 2608 1412 2658 causa.
1447 2608 1617 2658 Respicit

281 2660 351 2694 dus
385 2673 511 2696 autem
544 2662 622 2696 huc
654 2662 703 2697 est
735 2663 844 2699 locus
874 2665 919 2699 de
977 2665 1022 2699 ad
1044 2667 1137 2699 illud
1152 2667 1303 2713 quidem
1325 2679 1523 2702 commune.
1568 2668 1614 2701 In

279 2718 516 2764 praejudiciis
548 2717 618 2754 lib.
645 2726 680 2763 5.
711 2732 742 2755 c.
764 2729 800 2756 2.
839 2734 918 2771 quo
977 2728 1130 2757 ceterum
1152 2723 1198 2760 cf.
1222 2735 1257 2771 9,
1284 2730 1318 2768 4,
1342 2730 1406 2768 35.
