<?xml version="1.0" encoding="UTF-8"?>
<!DOCTYPE html PUBLIC "-//W3C//DTD XHTML 1.0 Transitional//EN"
    "http://www.w3.org/TR/xhtml1/DTD/xhtml1-transitional.dtd">
<html xmlns="http://www.w3.org/1999/xhtml" xml:lang="en" lang="en">
 <head>
  <title>
</title>
<meta http-equiv="Content-Type" content="text/html;charset=utf-8" />
  <meta name='ocr-system' content='tesseract 3.04.00' />
  <meta name='ocr-capabilities' content='ocr_page ocr_carea ocr_par ocr_line ocrx_word'/>
</head>
<body>
  <div class='ocr_page' id='page_1' title='image "./deinstitutioneor04quinuoft_0182.png"; bbox 0 0 1779 3062; ppageno 0'>
   <div class='ocr_carea' id='block_1_1' title="bbox 241 192 1259 255">
    <p class='ocr_par' dir='ltr' id='par_1_1' title="bbox 241 192 1259 255">
     <span class='ocr_line' id='line_1_1' title="bbox 241 192 1259 255; baseline 0.003 -18"><span class='ocrx_word' id='word_1_1' title='bbox 241 194 338 248; x_wconf 84' lang='lat'>156</span> <span class='ocrx_word' id='word_1_2' title='bbox 362 222 370 225; x_wconf 95' lang='lat'><em>-</em></span> <span class='ocrx_word' id='word_1_3' title='bbox 532 212 535 214; x_wconf 96' lang='lat'>·</span> <span class='ocrx_word' id='word_1_4' title='bbox 564 193 639 238; x_wconf 90' lang='lat' dir='ltr'>M.</span> <span class='ocrx_word' id='word_1_5' title='bbox 669 192 805 238; x_wconf 86' lang='lat' dir='ltr'><strong>FAB.</strong></span> <span class='ocrx_word' id='word_1_6' title='bbox 843 194 1259 255; x_wconf 79' lang='lat' dir='ltr'><strong>QUINTILIANI</strong></span> 
     </span>
    </p>
   </div>
   <div class='ocr_carea' id='block_1_2' title="bbox 164 318 1585 999">
    <p class='ocr_par' dir='ltr' id='par_1_2' title="bbox 201 318 1585 760">
     <span class='ocr_line' id='line_1_2' title="bbox 201 318 1585 386; baseline 0.001 -19"><span class='ocrx_word' id='word_1_7' title='bbox 201 328 212 338; x_wconf 62' lang='lat'>‘·</span> <span class='ocrx_word' id='word_1_8' title='bbox 237 320 466 367; x_wconf 86' lang='lat' dir='ltr'>liberum</span> <span class='ocrx_word' id='word_1_9' title='bbox 500 319 707 368; x_wconf 79' lang='lat' dir='ltr'>arbitris</span> <span class='ocrx_word' id='word_1_10' title='bbox 741 320 947 378; x_wconf 87' lang='lat' dir='ltr'>locum,</span> <span class='ocrx_word' id='word_1_11' title='bbox 1009 331 1060 368; x_wconf 87' lang='lat' dir='ltr'>et</span> <span class='ocrx_word' id='word_1_12' title='bbox 1095 337 1256 386; x_wconf 85' lang='lat' dir='ltr'>quam</span> <span class='ocrx_word' id='word_1_13' title='bbox 1289 318 1585 368; x_wconf 81' lang='lat' dir='ltr'>altissimum</span> 
     </span>
     <span class='ocr_line' id='line_1_3' title="bbox 237 394 1585 446; baseline 0.001 -3"><span class='ocrx_word' id='word_1_14' title='bbox 237 395 510 444; x_wconf 81' lang='lat' dir='ltr'>silentium</span> <span class='ocrx_word' id='word_1_15' title='bbox 581 394 928 446; x_wconf 82' lang='lat' dir='ltr'>scribentibus</span> <span class='ocrx_word' id='word_1_16' title='bbox 1002 399 1227 445; x_wconf 82' lang='lat' dir='ltr'>maxime</span> <span class='ocrx_word' id='word_1_17' title='bbox 1297 398 1585 446; x_wconf 87' lang='lat' dir='ltr'>convenire</span> 
     </span>
     <span class='ocr_line' id='line_1_4' title="bbox 239 472 1583 537; baseline -0.001 -16"><span class='ocrx_word' id='word_1_18' title='bbox 239 489 400 521; x_wconf 88' lang='lat' dir='ltr'>nemo</span> <span class='ocrx_word' id='word_1_19' title='bbox 464 472 799 521; x_wconf 79' lang='lat' dir='ltr'>dubitaverit.</span> <span class='ocrx_word' id='word_1_20' title='bbox 916 475 1047 523; x_wconf 87' lang='lat' dir='ltr'>Non</span> <span class='ocrx_word' id='word_1_21' title='bbox 1107 484 1282 521; x_wconf 84' lang='lat' dir='ltr'>tamen</span> <span class='ocrx_word' id='word_1_22' title='bbox 1338 475 1583 537; x_wconf 86' lang='lat' dir='ltr'>protinus</span> 
     </span>
     <span class='ocr_line' id='line_1_5' title="bbox 242 548 1583 615; baseline -0.001 -18"><span class='ocrx_word' id='word_1_23' title='bbox 242 548 617 613; x_wconf 76' lang='lat' dir='ltr'>audiendi‚qui</span> <span class='ocrx_word' id='word_1_24' title='bbox 639 550 876 608; x_wconf 77' lang='lat' dir='ltr'>credunt,</span> <span class='ocrx_word' id='word_1_25' title='bbox 896 550 1138 615; x_wconf 78' lang='lat' dir='ltr'>apliffima</span> <span class='ocrx_word' id='word_1_26' title='bbox 1164 551 1221 597; x_wconf 88' lang='lat' dir='ltr'>in</span> <span class='ocrx_word' id='word_1_27' title='bbox 1243 550 1345 598; x_wconf 85' lang='lat' dir='ltr'>hoe</span> <span class='ocrx_word' id='word_1_28' title='bbox 1366 565 1583 596; x_wconf 83' lang='lat' dir='ltr'>nemora</span> 
     </span>
     <span class='ocr_line' id='line_1_6' title="bbox 239 623 1584 691; baseline 0 -19"><span class='ocrx_word' id='word_1_29' title='bbox 239 623 532 690; x_wconf 75' lang='lat' dir='ltr'>silvasque;</span> <span class='ocrx_word' id='word_1_30' title='bbox 579 625 725 691; x_wconf 81' lang='lat' dir='ltr'>quod</span> <span class='ocrx_word' id='word_1_31' title='bbox 757 628 848 674; x_wconf 82' lang='lat' dir='ltr'>illa</span> <span class='ocrx_word' id='word_1_32' title='bbox 883 629 1018 676; x_wconf 81' lang='lat' dir='ltr'>coeli</span> <span class='ocrx_word' id='word_1_33' title='bbox 1053 627 1288 683; x_wconf 81' lang='lat' dir='ltr'>libertas,</span> <span class='ocrx_word' id='word_1_34' title='bbox 1337 627 1584 673; x_wconf 85' lang='lat' dir='ltr'>locorum</span> 
     </span>
     <span class='ocr_line' id='line_1_7' title="bbox 241 701 1584 760; baseline -0.001 -11"><span class='ocrx_word' id='word_1_35' title='bbox 241 704 550 760; x_wconf 81' lang='lat' dir='ltr'>amoenitas,</span> <span class='ocrx_word' id='word_1_36' title='bbox 589 701 871 752; x_wconf 83' lang='lat' dir='ltr'><strong>sublimem</strong></span> <span class='ocrx_word' id='word_1_37' title='bbox 901 705 1165 760; x_wconf 84' lang='lat' dir='ltr'>animum,</span> <span class='ocrx_word' id='word_1_38' title='bbox 1208 713 1258 750; x_wconf 86' lang='lat' dir='ltr'>et</span> <span class='ocrx_word' id='word_1_39' title='bbox 1293 703 1584 750; x_wconf 81' lang='lat' dir='ltr'>beatiorem</span> 
     </span>
    </p>

    <p class='ocr_par' dir='ltr' id='par_1_3' title="bbox 164 777 1584 999">
     <span class='ocr_line' id='line_1_8' title="bbox 164 777 1584 845; baseline -0.004 -15"><span class='ocrx_word' id='word_1_40' title='bbox 164 802 216 837; x_wconf 80' lang='lat'>23</span> <span class='ocrx_word' id='word_1_41' title='bbox 239 778 486 844; x_wconf 84' lang='lat' dir='ltr'>spiritum</span> <span class='ocrx_word' id='word_1_42' title='bbox 521 792 718 845; x_wconf 79' lang='lat' dir='ltr'>parent.</span> <span class='ocrx_word' id='word_1_43' title='bbox 835 781 979 830; x_wconf 87' lang='lat' dir='ltr'>Mihi</span> <span class='ocrx_word' id='word_1_44' title='bbox 1026 791 1162 828; x_wconf 85' lang='lat' dir='ltr'>certe</span> <span class='ocrx_word' id='word_1_45' title='bbox 1190 778 1461 840; x_wconf 81' lang='lat' dir='ltr'>jucundus</span> <span class='ocrx_word' id='word_1_46' title='bbox 1493 777 1584 825; x_wconf 87' lang='lat' dir='ltr'>hic</span> 
     </span>
     <span class='ocr_line' id='line_1_9' title="bbox 238 852 1584 921; baseline -0.001 -18"><span class='ocrx_word' id='word_1_47' title='bbox 238 859 419 921; x_wconf 83' lang='lat' dir='ltr'>magis,</span> <span class='ocrx_word' id='word_1_48' title='bbox 459 874 619 921; x_wconf 82' lang='lat' dir='ltr'>quam</span> <span class='ocrx_word' id='word_1_49' title='bbox 644 857 943 906; x_wconf 80' lang='lat' dir='ltr'>studiorum</span> <span class='ocrx_word' id='word_1_50' title='bbox 969 858 1221 914; x_wconf 78' lang='lat' dir='ltr'>hortator,</span> <span class='ocrx_word' id='word_1_51' title='bbox 1251 856 1468 904; x_wconf 84' lang='lat' dir='ltr'>videtur</span> <span class='ocrx_word' id='word_1_52' title='bbox 1485 852 1584 903; x_wconf 81' lang='lat' dir='ltr'>effe</span> 
     </span>
     <span class='ocr_line' id='line_1_10' title="bbox 237 931 1583 999; baseline 0 -19"><span class='ocrx_word' id='word_1_53' title='bbox 237 931 463 983; x_wconf 73' lang='lat' dir='ltr'>fece-[sus.</span> <span class='ocrx_word' id='word_1_54' title='bbox 542 936 791 998; x_wconf 84' lang='lat' dir='ltr'><strong>Namque</strong></span> <span class='ocrx_word' id='word_1_55' title='bbox 823 935 940 992; x_wconf 84' lang='lat' dir='ltr'>illa,</span> <span class='ocrx_word' id='word_1_56' title='bbox 1000 951 1131 998; x_wconf 81' lang='lat' dir='ltr'>quae</span> <span class='ocrx_word' id='word_1_57' title='bbox 1163 932 1272 999; x_wconf 77' lang='lat' dir='ltr'>ipsa</span> <span class='ocrx_word' id='word_1_58' title='bbox 1307 933 1583 990; x_wconf 84' lang='lat' dir='ltr'>delectant,</span> 
     </span>
    </p>
   </div>
   <div class='ocr_carea' id='block_1_3' title="bbox 233 1075 1587 1970">
    <p class='ocr_par' dir='ltr' id='par_1_4' title="bbox 326 1075 1335 1125">
     <span class='ocr_line' id='line_1_11' title="bbox 326 1075 1335 1125; baseline 0.001 -15"><span class='ocrx_word' id='word_1_59' title='bbox 326 1077 419 1110; x_wconf 75' lang='lat' dir='ltr'>coeli</span> <span class='ocrx_word' id='word_1_60' title='bbox 438 1075 602 1110; x_wconf 76' lang='lat' dir='ltr'>libertas.</span> <span class='ocrx_word' id='word_1_61' title='bbox 635 1075 737 1110; x_wconf 85' lang='lat' dir='ltr'>Flor.</span> <span class='ocrx_word' id='word_1_62' title='bbox 768 1075 805 1122; x_wconf 84' lang='lat' dir='ltr'>(a</span> <span class='ocrx_word' id='word_1_63' title='bbox 828 1090 887 1125; x_wconf 84' lang='lat' dir='ltr'>pr.</span> <span class='ocrx_word' id='word_1_64' title='bbox 915 1079 986 1120; x_wconf 89' lang='lat' dir='ltr'>m.)</span> <span class='ocrx_word' id='word_1_65' title='bbox 1027 1078 1137 1112; x_wconf 77' lang='lat' dir='ltr'>cicilii</span> <span class='ocrx_word' id='word_1_66' title='bbox 1158 1077 1335 1112; x_wconf 78' lang='lat' dir='ltr'>liberatis.</span> 
     </span>
    </p>

    <p class='ocr_par' dir='ltr' id='par_1_5' title="bbox 323 1132 1333 1182">
     <span class='ocr_line' id='line_1_12' title="bbox 323 1132 1333 1182; baseline 0 -15"><span class='ocrx_word' id='word_1_67' title='bbox 323 1133 497 1167; x_wconf 81' lang='lat' dir='ltr'>locorum.</span> <span class='ocrx_word' id='word_1_68' title='bbox 531 1132 593 1166; x_wconf 90' lang='lat' dir='ltr'>Sic</span> <span class='ocrx_word' id='word_1_69' title='bbox 614 1132 746 1167; x_wconf 78' lang='lat' dir='ltr'>Turio.</span> <span class='ocrx_word' id='word_1_70' title='bbox 767 1133 871 1168; x_wconf 83' lang='lat' dir='ltr'>Flor.</span> <span class='ocrx_word' id='word_1_71' title='bbox 908 1134 1066 1181; x_wconf 84' lang='lat' dir='ltr'>Reliqui</span> <span class='ocrx_word' id='word_1_72' title='bbox 1091 1134 1333 1182; x_wconf 81' lang='lat' dir='ltr'>locorumque.</span> 
     </span>
    </p>

    <p class='ocr_par' dir='ltr' id='par_1_6' title="bbox 237 1186 1586 1408">
     <span class='ocr_line' id='line_1_13' title="bbox 323 1186 1585 1238; baseline -0.002 -15"><span class='ocrx_word' id='word_1_73' title='bbox 323 1198 470 1235; x_wconf 79' lang='lat' dir='ltr'>parent.</span> <span class='ocrx_word' id='word_1_74' title='bbox 502 1187 619 1222; x_wconf 78' lang='lat' dir='ltr'>Goth.</span> <span class='ocrx_word' id='word_1_75' title='bbox 652 1198 800 1234; x_wconf 79' lang='lat' dir='ltr'>parant,</span> <span class='ocrx_word' id='word_1_76' title='bbox 833 1190 893 1224; x_wconf 83' lang='lat' dir='ltr'>[ed</span> <span class='ocrx_word' id='word_1_77' title='bbox 925 1202 962 1225; x_wconf 90' lang='lat' dir='ltr'>et</span> <span class='ocrx_word' id='word_1_78' title='bbox 995 1190 1114 1224; x_wconf 83' lang='lat' dir='ltr'>modo</span> <span class='ocrx_word' id='word_1_79' title='bbox 1151 1190 1238 1237; x_wconf 83' lang='lat' dir='ltr'>quid</span> <span class='ocrx_word' id='word_1_80' title='bbox 1260 1202 1331 1238; x_wconf 82' lang='lat' dir='ltr'>pro</span> <span class='ocrx_word' id='word_1_81' title='bbox 1365 1187 1464 1237; x_wconf 80' lang='lat' dir='ltr'>quod</span> <span class='ocrx_word' id='word_1_82' title='bbox 1496 1186 1585 1229; x_wconf 88' lang='lat' dir='ltr'>(ubi</span> 
     </span>
     <span class='ocr_line' id='line_1_14' title="bbox 238 1242 1586 1293; baseline -0.004 -11"><span class='ocrx_word' id='word_1_83' title='bbox 238 1250 370 1293; x_wconf 85' lang='lat' dir='ltr'>Camp.</span> <span class='ocrx_word' id='word_1_84' title='bbox 395 1243 475 1292; x_wconf 78' lang='lat' dir='ltr'>qui)</span> <span class='ocrx_word' id='word_1_85' title='bbox 497 1257 586 1278; x_wconf 83' lang='lat' dir='ltr'>cum</span> <span class='ocrx_word' id='word_1_86' title='bbox 606 1244 915 1291; x_wconf 79' lang='lat' dir='ltr'>interrogatione</span> <span class='ocrx_word' id='word_1_87' title='bbox 938 1247 979 1281; x_wconf 90' lang='lat' dir='ltr'>in</span> <span class='ocrx_word' id='word_1_88' title='bbox 1001 1245 1176 1280; x_wconf 75' lang='lat' dir='ltr'>clausula.</span> <span class='ocrx_word' id='word_1_89' title='bbox 1213 1244 1390 1281; x_wconf 86' lang='lat' dir='ltr'>Schelius</span> <span class='ocrx_word' id='word_1_90' title='bbox 1416 1243 1460 1277; x_wconf 87' lang='lat' dir='ltr'>ad</span> <span class='ocrx_word' id='word_1_91' title='bbox 1479 1242 1586 1278; x_wconf 80' lang='lat' dir='ltr'>Dial-</span> 
     </span>
     <span class='ocr_line' id='line_1_15' title="bbox 238 1300 1585 1348; baseline -0.001 -11"><span class='ocrx_word' id='word_1_92' title='bbox 238 1305 284 1338; x_wconf 87' lang='lat' dir='ltr'>de</span> <span class='ocrx_word' id='word_1_93' title='bbox 308 1302 432 1337; x_wconf 83' lang='lat' dir='ltr'>Oratt.</span> <span class='ocrx_word' id='word_1_94' title='bbox 456 1313 487 1334; x_wconf 92' lang='lat' dir='ltr'>c.</span> <span class='ocrx_word' id='word_1_95' title='bbox 515 1309 576 1332; x_wconf 86' lang='lat'>12.</span> <span class='ocrx_word' id='word_1_96' title='bbox 604 1300 765 1345; x_wconf 84' lang='lat' dir='ltr'>conjicit</span> <span class='ocrx_word' id='word_1_97' title='bbox 782 1303 945 1348; x_wconf 81' lang='lat' dir='ltr'>pariant,</span> <span class='ocrx_word' id='word_1_98' title='bbox 977 1302 1148 1337; x_wconf 85' lang='lat' dir='ltr'>nostrum</span> <span class='ocrx_word' id='word_1_99' title='bbox 1173 1313 1275 1337; x_wconf 81' lang='lat' dir='ltr'>recte</span> <span class='ocrx_word' id='word_1_100' title='bbox 1298 1311 1428 1336; x_wconf 86' lang='lat' dir='ltr'>tuente</span> <span class='ocrx_word' id='word_1_101' title='bbox 1450 1301 1585 1335; x_wconf 80' lang='lat' dir='ltr'>Burm.</span> 
     </span>
     <span class='ocr_line' id='line_1_16' title="bbox 237 1355 1304 1408; baseline 0.001 -18"><span class='ocrx_word' id='word_1_102' title='bbox 237 1360 308 1408; x_wconf 78' lang='lat' dir='ltr'>qui</span> <span class='ocrx_word' id='word_1_103' title='bbox 327 1357 442 1406; x_wconf 83' lang='lat' dir='ltr'>ponit</span> <span class='ocrx_word' id='word_1_104' title='bbox 462 1355 545 1391; x_wconf 81' lang='lat' dir='ltr'>loca</span> <span class='ocrx_word' id='word_1_105' title='bbox 568 1355 709 1390; x_wconf 80' lang='lat' dir='ltr'>Ovidii</span> <span class='ocrx_word' id='word_1_106' title='bbox 732 1359 812 1394; x_wconf 82' lang='lat' dir='ltr'>Art.</span> <span class='ocrx_word' id='word_1_107' title='bbox 840 1370 871 1395; x_wconf 88' lang='lat'>1,</span> <span class='ocrx_word' id='word_1_108' title='bbox 904 1367 996 1400; x_wconf 82' lang='lat'><strong>257.</strong></span> <span class='ocrx_word' id='word_1_109' title='bbox 1029 1358 1186 1393; x_wconf 81' lang='lat' dir='ltr'>Remed.</span> <span class='ocrx_word' id='word_1_110' title='bbox 1211 1365 1304 1402; x_wconf 84' lang='lat'>805.</span> 
     </span>
    </p>

    <p class='ocr_par' dir='ltr' id='par_1_7' title="bbox 233 1411 1587 1856">
     <span class='ocr_line' id='line_1_17' title="bbox 317 1411 1586 1457; baseline -0.002 -9"><span class='ocrx_word' id='word_1_111' title='bbox 317 1422 382 1457; x_wconf 81' lang='lat'>25.</span> <span class='ocrx_word' id='word_1_112' title='bbox 412 1421 506 1447; x_wconf 80' lang='lat' dir='ltr'>certe</span> <span class='ocrx_word' id='word_1_113' title='bbox 535 1413 728 1456; x_wconf 77' lang='lat' dir='ltr'>jucundus.</span> <span class='ocrx_word' id='word_1_114' title='bbox 758 1412 862 1447; x_wconf 87' lang='lat' dir='ltr'>Flor.</span> <span class='ocrx_word' id='word_1_115' title='bbox 890 1414 1026 1450; x_wconf 82' lang='lat' dir='ltr'>inserit</span> <span class='ocrx_word' id='word_1_116' title='bbox 1057 1417 1132 1449; x_wconf 86' lang='lat' dir='ltr'>vim</span> <span class='ocrx_word' id='word_1_117' title='bbox 1167 1415 1326 1454; x_wconf 81' lang='lat' dir='ltr'>demoni,</span> <span class='ocrx_word' id='word_1_118' title='bbox 1359 1411 1462 1448; x_wconf 88' lang='lat' dir='ltr'>Alm.</span> <span class='ocrx_word' id='word_1_119' title='bbox 1482 1411 1586 1446; x_wconf 79' lang='lat' dir='ltr'>vide-</span> 
     </span>
     <span class='ocr_line' id='line_1_18' title="bbox 237 1467 1587 1519; baseline -0.003 -13"><span class='ocrx_word' id='word_1_120' title='bbox 237 1473 350 1507; x_wconf 82' lang='lat' dir='ltr'>moni.</span> <span class='ocrx_word' id='word_1_121' title='bbox 384 1469 430 1504; x_wconf 85' lang='lat' dir='ltr'>cf.</span> <span class='ocrx_word' id='word_1_122' title='bbox 464 1472 497 1515; x_wconf 80' lang='lat'>§.</span> <span class='ocrx_word' id='word_1_123' title='bbox 526 1468 587 1503; x_wconf 83' lang='lat'>16.</span> <span class='ocrx_word' id='word_1_124' title='bbox 647 1470 749 1504; x_wconf 87' lang='lat' dir='ltr'>Bene</span> <span class='ocrx_word' id='word_1_125' title='bbox 770 1482 923 1505; x_wconf 89' lang='lat' dir='ltr'>mecum</span> <span class='ocrx_word' id='word_1_126' title='bbox 956 1472 1094 1519; x_wconf 80' lang='lat' dir='ltr'>agitur,</span> <span class='ocrx_word' id='word_1_127' title='bbox 1129 1471 1234 1518; x_wconf 87' lang='lat' dir='ltr'>quod</span> <span class='ocrx_word' id='word_1_128' title='bbox 1266 1469 1368 1505; x_wconf 86' lang='lat' dir='ltr'>nihil</span> <span class='ocrx_word' id='word_1_129' title='bbox 1390 1467 1587 1515; x_wconf 85' lang='lat' dir='ltr'>ejusmodi</span> 
     </span>
     <span class='ocr_line' id='line_1_19' title="bbox 236 1524 1587 1575; baseline -0.004 -12"><span class='ocrx_word' id='word_1_130' title='bbox 236 1528 353 1563; x_wconf 84' lang='lat' dir='ltr'>habet</span> <span class='ocrx_word' id='word_1_131' title='bbox 373 1525 506 1561; x_wconf 86' lang='lat' dir='ltr'>Turic.</span> <span class='ocrx_word' id='word_1_132' title='bbox 527 1538 649 1564; x_wconf 88' lang='lat' dir='ltr'>meus.</span> <span class='ocrx_word' id='word_1_133' title='bbox 709 1526 782 1561; x_wconf 88' lang='lat' dir='ltr'>Sed</span> <span class='ocrx_word' id='word_1_134' title='bbox 814 1526 879 1561; x_wconf 87' lang='lat' dir='ltr'>vel</span> <span class='ocrx_word' id='word_1_135' title='bbox 906 1541 1008 1562; x_wconf 89' lang='lat' dir='ltr'>nunc</span> <span class='ocrx_word' id='word_1_136' title='bbox 1039 1528 1254 1575; x_wconf 81' lang='lat' dir='ltr'>aegerrimo</span> <span class='ocrx_word' id='word_1_137' title='bbox 1288 1526 1419 1561; x_wconf 85' lang='lat' dir='ltr'>animo</span> <span class='ocrx_word' id='word_1_138' title='bbox 1441 1524 1587 1559; x_wconf 84' lang='lat' dir='ltr'>bonam</span> 
     </span>
     <span class='ocr_line' id='line_1_20' title="bbox 237 1579 1585 1632; baseline -0.002 -15"><span class='ocrx_word' id='word_1_139' title='bbox 237 1583 389 1632; x_wconf 82' lang='lat' dir='ltr'>copiam</span> <span class='ocrx_word' id='word_1_140' title='bbox 408 1582 474 1616; x_wconf 82' lang='lat' dir='ltr'>hio</span> <span class='ocrx_word' id='word_1_141' title='bbox 493 1581 615 1626; x_wconf 87' lang='lat' dir='ltr'>ejuro.</span> <span class='ocrx_word' id='word_1_142' title='bbox 840 1596 932 1630; x_wconf 83' lang='lat' dir='ltr'>quae</span> <span class='ocrx_word' id='word_1_143' title='bbox 951 1583 1041 1631; x_wconf 83' lang='lat' dir='ltr'>ipsa.</span> <span class='ocrx_word' id='word_1_144' title='bbox 1093 1585 1155 1618; x_wconf 88' lang='lat' dir='ltr'>Sic</span> <span class='ocrx_word' id='word_1_145' title='bbox 1178 1585 1309 1618; x_wconf 74' lang='lat' dir='ltr'>Tui-ic.</span> <span class='ocrx_word' id='word_1_146' title='bbox 1331 1581 1433 1616; x_wconf 83' lang='lat' dir='ltr'>Flor.</span> <span class='ocrx_word' id='word_1_147' title='bbox 1455 1579 1585 1615; x_wconf 87' lang='lat' dir='ltr'>Guelf.</span> 
     </span>
     <span class='ocr_line' id='line_1_21' title="bbox 237 1636 1583 1688; baseline 0 -13"><span class='ocrx_word' id='word_1_148' title='bbox 237 1639 401 1675; x_wconf 83' lang='lat' dir='ltr'>Omittit</span> <span class='ocrx_word' id='word_1_149' title='bbox 431 1636 510 1685; x_wconf 88' lang='lat' dir='ltr'>ipsa</span> <span class='ocrx_word' id='word_1_150' title='bbox 531 1637 663 1684; x_wconf 85' lang='lat' dir='ltr'>Camp.</span> <span class='ocrx_word' id='word_1_151' title='bbox 695 1636 855 1685; x_wconf 75' lang='lat' dir='ltr'>Reliqui</span> <span class='ocrx_word' id='word_1_152' title='bbox 884 1641 906 1673; x_wconf 83' lang='lat' dir='ltr'>i.</span> <span class='ocrx_word' id='word_1_153' title='bbox 926 1654 958 1688; x_wconf 80' lang='lat' dir='ltr'>q.</span> <span class='ocrx_word' id='word_1_154' title='bbox 996 1639 1197 1674; x_wconf 83' lang='lat' dir='ltr'>Blanditur</span> <span class='ocrx_word' id='word_1_155' title='bbox 1228 1642 1310 1688; x_wconf 68' lang='lat' dir='ltr'>[ane</span> <span class='ocrx_word' id='word_1_156' title='bbox 1339 1637 1436 1672; x_wconf 82' lang='lat' dir='ltr'>alter</span> <span class='ocrx_word' id='word_1_157' title='bbox 1470 1636 1583 1675; x_wconf 75' lang='lat' dir='ltr'>ordo,</span> 
     </span>
     <span class='ocr_line' id='line_1_22' title="bbox 234 1693 1586 1736; baseline -0.003 -5"><span class='ocrx_word' id='word_1_158' title='bbox 234 1697 294 1731; x_wconf 84' lang='lat' dir='ltr'>sed</span> <span class='ocrx_word' id='word_1_159' title='bbox 327 1695 452 1730; x_wconf 84' lang='lat' dir='ltr'>noster</span> <span class='ocrx_word' id='word_1_160' title='bbox 485 1706 571 1727; x_wconf 86' lang='lat' dir='ltr'>cum</span> <span class='ocrx_word' id='word_1_161' title='bbox 604 1693 802 1728; x_wconf 84' lang='lat' dir='ltr'>difficilior</span> <span class='ocrx_word' id='word_1_162' title='bbox 832 1695 1032 1736; x_wconf 81' lang='lat' dir='ltr'>videatur,</span> <span class='ocrx_word' id='word_1_163' title='bbox 1073 1696 1241 1732; x_wconf 75' lang='lat' dir='ltr'>deserere</span> <span class='ocrx_word' id='word_1_164' title='bbox 1270 1708 1359 1731; x_wconf 90' lang='lat' dir='ltr'>eum</span> <span class='ocrx_word' id='word_1_165' title='bbox 1389 1707 1470 1729; x_wconf 89' lang='lat' dir='ltr'>non</span> <span class='ocrx_word' id='word_1_166' title='bbox 1503 1694 1586 1728; x_wconf 87' lang='lat' dir='ltr'>sum</span> 
     </span>
     <span class='ocr_line' id='line_1_23' title="bbox 234 1749 1586 1801; baseline -0.003 -15"><span class='ocrx_word' id='word_1_167' title='bbox 234 1753 356 1787; x_wconf 76' lang='lat' dir='ltr'>ansus.</span> <span class='ocrx_word' id='word_1_168' title='bbox 415 1753 678 1798; x_wconf 83' lang='lat' dir='ltr'>Interpretor:</span> <span class='ocrx_word' id='word_1_169' title='bbox 728 1749 849 1789; x_wconf 80' lang='lat' dir='ltr'>„haec</span> <span class='ocrx_word' id='word_1_170' title='bbox 882 1765 972 1787; x_wconf 88' lang='lat' dir='ltr'>cum</span> <span class='ocrx_word' id='word_1_171' title='bbox 999 1766 1069 1801; x_wconf 84' lang='lat' dir='ltr'>per</span> <span class='ocrx_word' id='word_1_172' title='bbox 1097 1753 1153 1793; x_wconf 83' lang='lat' dir='ltr'>se,</span> <span class='ocrx_word' id='word_1_173' title='bbox 1205 1751 1326 1788; x_wconf 83' lang='lat' dir='ltr'>nullis</span> <span class='ocrx_word' id='word_1_174' title='bbox 1366 1750 1586 1785; x_wconf 81' lang='lat' dir='ltr'>litterarum</span> 
     </span>
     <span class='ocr_line' id='line_1_24' title="bbox 233 1806 1382 1856; baseline -0.002 -13"><span class='ocrx_word' id='word_1_175' title='bbox 233 1807 480 1849; x_wconf 73' lang='lat' dir='ltr'>„lenoei11iis,</span> <span class='ocrx_word' id='word_1_176' title='bbox 512 1806 754 1854; x_wconf 77' lang='lat' dir='ltr'>voluptatem</span> <span class='ocrx_word' id='word_1_177' title='bbox 778 1807 957 1844; x_wconf 76' lang='lat' dir='ltr'>faciant.“</span> <span class='ocrx_word' id='word_1_178' title='bbox 1014 1807 1176 1856; x_wconf 79' lang='lat' dir='ltr'>Vulgata</span> <span class='ocrx_word' id='word_1_179' title='bbox 1199 1808 1382 1855; x_wconf 83' lang='lat' dir='ltr'>jejunior.</span> 
     </span>
    </p>

    <p class='ocr_par' dir='ltr' id='par_1_8' title="bbox 234 1861 1586 1970">
     <span class='ocr_line' id='line_1_25' title="bbox 323 1861 1585 1908; baseline 0 -9"><span class='ocrx_word' id='word_1_180' title='bbox 323 1864 518 1898; x_wconf 81' lang='lat' dir='ltr'>delectant.</span> <span class='ocrx_word' id='word_1_181' title='bbox 569 1863 667 1900; x_wconf 83' lang='lat' dir='ltr'>Jens.</span> <span class='ocrx_word' id='word_1_182' title='bbox 705 1865 793 1907; x_wconf 84' lang='lat' dir='ltr'>(tac.</span> <span class='ocrx_word' id='word_1_183' title='bbox 828 1864 956 1908; x_wconf 82' lang='lat' dir='ltr'>Gesn.)</span> <span class='ocrx_word' id='word_1_184' title='bbox 1002 1866 1117 1899; x_wconf 79' lang='lat' dir='ltr'>Tarv.</span> <span class='ocrx_word' id='word_1_185' title='bbox 1152 1865 1333 1899; x_wconf 72' lang='lat' dir='ltr'>delectent</span> <span class='ocrx_word' id='word_1_186' title='bbox 1370 1877 1460 1899; x_wconf 84' lang='lat' dir='ltr'>cum</span> <span class='ocrx_word' id='word_1_187' title='bbox 1495 1861 1585 1899; x_wconf 78' lang='lat' dir='ltr'>Ald-</span> 
     </span>
     <span class='ocr_line' id='line_1_26' title="bbox 234 1920 1586 1970; baseline -0.001 -14"><span class='ocrx_word' id='word_1_188' title='bbox 234 1921 354 1956; x_wconf 80' lang='lat' dir='ltr'>male:</span> <span class='ocrx_word' id='word_1_189' title='bbox 389 1931 433 1955; x_wconf 80' lang='lat' dir='ltr'>ut</span> <span class='ocrx_word' id='word_1_190' title='bbox 466 1930 503 1953; x_wconf 81' lang='lat' dir='ltr'>et</span> <span class='ocrx_word' id='word_1_191' title='bbox 522 1920 705 1954; x_wconf 75' lang='lat' dir='ltr'>advocent</span> <span class='ocrx_word' id='word_1_192' title='bbox 739 1920 806 1965; x_wconf 85' lang='lat' dir='ltr'>(cf.</span> <span class='ocrx_word' id='word_1_193' title='bbox 826 1931 909 1957; x_wconf 88' lang='lat' dir='ltr'>not.</span> <span class='ocrx_word' id='word_1_194' title='bbox 935 1922 1062 1969; x_wconf 82' lang='lat' dir='ltr'>exeg.)</span> <span class='ocrx_word' id='word_1_195' title='bbox 1098 1934 1186 1956; x_wconf 86' lang='lat' dir='ltr'>cum</span> <span class='ocrx_word' id='word_1_196' title='bbox 1211 1921 1295 1956; x_wconf 87' lang='lat' dir='ltr'>edd.</span> <span class='ocrx_word' id='word_1_197' title='bbox 1317 1921 1475 1970; x_wconf 76' lang='lat' dir='ltr'>posterr.</span> <span class='ocrx_word' id='word_1_198' title='bbox 1497 1929 1586 1954; x_wconf 82' lang='lat' dir='ltr'>ante</span> 
     </span>
    </p>
   </div>
   <div class='ocr_carea' id='block_1_4' title="bbox 230 2043 881 2152">
    <p class='ocr_par' dir='ltr' id='par_1_9' title="bbox 230 2043 881 2152">
     <span class='ocr_line' id='line_1_27' title="bbox 288 2043 881 2094; baseline 0 -14"><span class='ocrx_word' id='word_1_199' title='bbox 288 2043 474 2094; x_wconf 73' lang='lat' dir='ltr'>aptfflma</span> <span class='ocrx_word' id='word_1_200' title='bbox 491 2062 547 2071; x_wconf 83' lang='lat'>-</span> <span class='ocrx_word' id='word_1_201' title='bbox 571 2057 722 2079; x_wconf 80' lang='lat' dir='ltr'>nemora</span> <span class='ocrx_word' id='word_1_202' title='bbox 746 2043 881 2093; x_wconf 81' lang='lat' dir='ltr'>silvas-</span> 
     </span>
     <span class='ocr_line' id='line_1_28' title="bbox 230 2100 879 2152; baseline -0.003 -14"><span class='ocrx_word' id='word_1_203' title='bbox 230 2117 310 2152; x_wconf 82' lang='lat' dir='ltr'>que.</span> <span class='ocrx_word' id='word_1_204' title='bbox 350 2104 526 2140; x_wconf 87' lang='lat' dir='ltr'>Locum,</span> <span class='ocrx_word' id='word_1_205' title='bbox 562 2100 605 2134; x_wconf 86' lang='lat' dir='ltr'>in</span> <span class='ocrx_word' id='word_1_206' title='bbox 634 2102 709 2149; x_wconf 77' lang='lat' dir='ltr'>ipsa</span> <span class='ocrx_word' id='word_1_207' title='bbox 743 2100 879 2136; x_wconf 83' lang='lat' dir='ltr'>harum</span> 
     </span>
    </p>
   </div>
   <div class='ocr_carea' id='block_1_5' title="bbox 937 2043 1586 2149">
    <p class='ocr_par' dir='ltr' id='par_1_10' title="bbox 937 2043 1586 2149">
     <span class='ocr_line' id='line_1_29' title="bbox 939 2043 1586 2094; baseline -0.003 -14"><span class='ocrx_word' id='word_1_208' title='bbox 939 2045 1057 2080; x_wconf 82' lang='lat' dir='ltr'>dendi</span> <span class='ocrx_word' id='word_1_209' title='bbox 1077 2046 1119 2080; x_wconf 91' lang='lat' dir='ltr'>in</span> <span class='ocrx_word' id='word_1_210' title='bbox 1148 2046 1250 2094; x_wconf 82' lang='lat' dir='ltr'>agris</span> <span class='ocrx_word' id='word_1_211' title='bbox 1279 2043 1586 2081; x_wconf 79' lang='lat' dir='ltr'>commendatio·</span> 
     </span>
     <span class='ocr_line' id='line_1_30' title="bbox 937 2100 1586 2149; baseline -0.003 -13"><span class='ocrx_word' id='word_1_212' title='bbox 937 2115 1037 2136; x_wconf 87' lang='lat' dir='ltr'>nem.</span> <span class='ocrx_word' id='word_1_213' title='bbox 1081 2104 1139 2137; x_wconf 84' lang='lat' dir='ltr'>Eo</span> <span class='ocrx_word' id='word_1_214' title='bbox 1173 2102 1356 2149; x_wconf 76' lang='lat' dir='ltr'>respexit,</span> <span class='ocrx_word' id='word_1_215' title='bbox 1388 2111 1431 2136; x_wconf 89' lang='lat' dir='ltr'>ut</span> <span class='ocrx_word' id='word_1_216' title='bbox 1458 2100 1586 2135; x_wconf 88' lang='lat' dir='ltr'>moni-</span> 
     </span>
    </p>
   </div>
   <div class='ocr_carea' id='block_1_6' title="bbox 231 2157 882 2431">
    <p class='ocr_par' dir='ltr' id='par_1_11' title="bbox 231 2157 882 2431">
     <span class='ocr_line' id='line_1_31' title="bbox 231 2157 880 2204; baseline -0.003 -11"><span class='ocrx_word' id='word_1_217' title='bbox 231 2159 461 2194; x_wconf 78' lang='lat' dir='ltr'>deliciarum</span> <span class='ocrx_word' id='word_1_218' title='bbox 482 2157 792 2204; x_wconf 82' lang='lat' dir='ltr'>reprehensione,</span> <span class='ocrx_word' id='word_1_219' title='bbox 806 2158 880 2192; x_wconf 89' lang='lat' dir='ltr'>mi-</span> 
     </span>
     <span class='ocr_line' id='line_1_32' title="bbox 231 2213 879 2261; baseline 0 -12"><span class='ocrx_word' id='word_1_220' title='bbox 231 2215 342 2250; x_wconf 73' lang='lat' dir='ltr'>rifice</span> <span class='ocrx_word' id='word_1_221' title='bbox 393 2224 568 2248; x_wconf 87' lang='lat' dir='ltr'>comtum</span> <span class='ocrx_word' id='word_1_222' title='bbox 617 2213 879 2261; x_wconf 85' lang='lat' dir='ltr'>nitidumque,</span> 
     </span>
     <span class='ocr_line' id='line_1_33' title="bbox 232 2269 880 2318; baseline -0.003 -11"><span class='ocrx_word' id='word_1_223' title='bbox 232 2271 304 2307; x_wconf 76' lang='lat' dir='ltr'>vix</span> <span class='ocrx_word' id='word_1_224' title='bbox 340 2270 443 2318; x_wconf 74' lang='lat' dir='ltr'>legas</span> <span class='ocrx_word' id='word_1_225' title='bbox 488 2270 565 2304; x_wconf 83' lang='lat' dir='ltr'>sine</span> <span class='ocrx_word' id='word_1_226' title='bbox 611 2269 880 2305; x_wconf 81' lang='lat' dir='ltr'>recordatione</span> 
     </span>
     <span class='ocr_line' id='line_1_34' title="bbox 235 2324 881 2374; baseline -0.003 -12"><span class='ocrx_word' id='word_1_227' title='bbox 235 2340 372 2362; x_wconf 86' lang='lat' dir='ltr'>eorum</span> <span class='ocrx_word' id='word_1_228' title='bbox 406 2339 503 2374; x_wconf 80' lang='lat' dir='ltr'>quae</span> <span class='ocrx_word' id='word_1_229' title='bbox 539 2324 713 2368; x_wconf 84' lang='lat' dir='ltr'>Plinius,</span> <span class='ocrx_word' id='word_1_230' title='bbox 762 2326 881 2361; x_wconf 82' lang='lat' dir='ltr'>nostri</span> 
     </span>
     <span class='ocr_line' id='line_1_35' title="bbox 235 2382 882 2431; baseline 0 -14"><span class='ocrx_word' id='word_1_231' title='bbox 235 2382 468 2431; x_wconf 78' lang='lat' dir='ltr'>discipulus,</span> <span class='ocrx_word' id='word_1_232' title='bbox 501 2383 543 2416; x_wconf 90' lang='lat' dir='ltr'>in</span> <span class='ocrx_word' id='word_1_233' title='bbox 585 2383 769 2417; x_wconf 79' lang='lat' dir='ltr'>diversam</span> <span class='ocrx_word' id='word_1_234' title='bbox 803 2382 882 2417; x_wconf 85' lang='lat' dir='ltr'>sen-</span> 
     </span>
    </p>
   </div>
   <div class='ocr_carea' id='block_1_7' title="bbox 234 2438 883 2480">
    <p class='ocr_par' dir='ltr' id='par_1_12' title="bbox 234 2438 883 2480">
     <span class='ocr_line' id='line_1_36' title="bbox 234 2438 883 2480; baseline -0.003 -6"><span class='ocrx_word' id='word_1_235' title='bbox 234 2441 417 2480; x_wconf 77' lang='lat' dir='ltr'>tentian13</span> <span class='ocrx_word' id='word_1_236' title='bbox 457 2449 496 2473; x_wconf 79' lang='lat' dir='ltr'>et</span> <span class='ocrx_word' id='word_1_237' title='bbox 534 2438 714 2474; x_wconf 70' lang='lat' dir='ltr'>adhibuit</span> <span class='ocrx_word' id='word_1_238' title='bbox 748 2439 883 2474; x_wconf 82' lang='lat' dir='ltr'>Gesne-</span> 
     </span>
    </p>
   </div>
   <div class='ocr_carea' id='block_1_8' title="bbox 232 2495 881 2755">
    <p class='ocr_par' dir='ltr' id='par_1_13' title="bbox 232 2495 881 2755">
     <span class='ocr_line' id='line_1_37' title="bbox 233 2495 880 2543; baseline -0.002 -13"><span class='ocrx_word' id='word_1_239' title='bbox 233 2509 321 2536; x_wconf 84' lang='lat' dir='ltr'>1·us;</span> <span class='ocrx_word' id='word_1_240' title='bbox 352 2495 485 2543; x_wconf 78' lang='lat' dir='ltr'>Epistt.</span> <span class='ocrx_word' id='word_1_241' title='bbox 516 2509 548 2534; x_wconf 84' lang='lat'>1,</span> <span class='ocrx_word' id='word_1_242' title='bbox 582 2495 618 2530; x_wconf 86' lang='lat'>6.</span> <span class='ocrx_word' id='word_1_243' title='bbox 652 2507 687 2542; x_wconf 86' lang='lat'>9,</span> <span class='ocrx_word' id='word_1_244' title='bbox 718 2495 782 2538; x_wconf 81' lang='grc'>56,</span> <span class='ocrx_word' id='word_1_245' title='bbox 818 2495 880 2535; x_wconf 89' lang='grc'>6.;</span> 
     </span>
     <span class='ocr_line' id='line_1_38' title="bbox 232 2550 880 2599; baseline 0 -13"><span class='ocrx_word' id='word_1_246' title='bbox 232 2552 295 2586; x_wconf 80' lang='lat' dir='ltr'>sed</span> <span class='ocrx_word' id='word_1_247' title='bbox 317 2562 355 2586; x_wconf 81' lang='lat' dir='ltr'>et</span> <span class='ocrx_word' id='word_1_248' title='bbox 380 2550 548 2590; x_wconf 77' lang='lat' dir='ltr'>alterius,</span> <span class='ocrx_word' id='word_1_249' title='bbox 571 2565 686 2598; x_wconf 84' lang='lat' dir='ltr'>quem</span> <span class='ocrx_word' id='word_1_250' title='bbox 713 2564 783 2599; x_wconf 86' lang='lat' dir='ltr'>ego</span> <span class='ocrx_word' id='word_1_251' title='bbox 807 2551 880 2586; x_wconf 83' lang='lat' dir='ltr'>Ta-</span> 
     </span>
     <span class='ocr_line' id='line_1_39' title="bbox 234 2607 881 2656; baseline 0.002 -15"><span class='ocrx_word' id='word_1_252' title='bbox 234 2608 356 2641; x_wconf 85' lang='lat' dir='ltr'>citum</span> <span class='ocrx_word' id='word_1_253' title='bbox 389 2607 459 2642; x_wconf 80' lang='lat' dir='ltr'>effe</span> <span class='ocrx_word' id='word_1_254' title='bbox 489 2607 613 2642; x_wconf 80' lang='lat' dir='ltr'>adhuc</span> <span class='ocrx_word' id='word_1_255' title='bbox 643 2619 777 2648; x_wconf 83' lang='lat' dir='ltr'>teneo,</span> <span class='ocrx_word' id='word_1_256' title='bbox 811 2607 881 2656; x_wconf 86' lang='lat' dir='ltr'>qui</span> 
     </span>
     <span class='ocr_line' id='line_1_40' title="bbox 233 2663 880 2710; baseline 0.002 -12"><span class='ocrx_word' id='word_1_257' title='bbox 233 2664 275 2698; x_wconf 88' lang='lat' dir='ltr'>in</span> <span class='ocrx_word' id='word_1_258' title='bbox 289 2663 392 2698; x_wconf 86' lang='lat' dir='ltr'>Dial.</span> <span class='ocrx_word' id='word_1_259' title='bbox 408 2663 453 2697; x_wconf 87' lang='lat' dir='ltr'>de</span> <span class='ocrx_word' id='word_1_260' title='bbox 468 2663 592 2699; x_wconf 83' lang='lat' dir='ltr'>Oratt.</span> <span class='ocrx_word' id='word_1_261' title='bbox 614 2676 645 2698; x_wconf 90' lang='lat' dir='ltr'>c.</span> <span class='ocrx_word' id='word_1_262' title='bbox 659 2676 695 2710; x_wconf 85' lang='lat'>9.</span> <span class='ocrx_word' id='word_1_263' title='bbox 721 2674 817 2699; x_wconf 83' lang='lat' dir='ltr'>extr.</span> <span class='ocrx_word' id='word_1_264' title='bbox 843 2675 880 2699; x_wconf 88' lang='lat' dir='ltr'>et</span> 
     </span>
     <span class='ocr_line' id='line_1_41' title="bbox 240 2719 878 2755; baseline 0.005 -3"><span class='ocrx_word' id='word_1_265' title='bbox 240 2728 302 2753; x_wconf 84' lang='lat'>12.</span> <span class='ocrx_word' id='word_1_266' title='bbox 346 2719 601 2754; x_wconf 81' lang='lat' dir='ltr'>suavillimam</span> <span class='ocrx_word' id='word_1_267' title='bbox 644 2720 761 2755; x_wconf 82' lang='lat' dir='ltr'>habet</span> <span class='ocrx_word' id='word_1_268' title='bbox 804 2721 878 2755; x_wconf 83' lang='lat' dir='ltr'>stu-</span> 
     </span>
    </p>
   </div>
   <div class='ocr_carea' id='block_1_9' title="bbox 936 2157 1588 2757">
    <p class='ocr_par' dir='ltr' id='par_1_14' title="bbox 937 2157 1588 2645">
     <span class='ocr_line' id='line_1_42' title="bbox 939 2157 1587 2207; baseline -0.005 -15"><span class='ocrx_word' id='word_1_269' title='bbox 939 2168 1021 2193; x_wconf 91' lang='lat' dir='ltr'>tum</span> <span class='ocrx_word' id='word_1_270' title='bbox 1046 2158 1106 2198; x_wconf 85' lang='lat' dir='ltr'>est,</span> <span class='ocrx_word' id='word_1_271' title='bbox 1128 2157 1277 2192; x_wconf 84' lang='lat' dir='ltr'>Plinius</span> <span class='ocrx_word' id='word_1_272' title='bbox 1297 2157 1374 2207; x_wconf 85' lang='lat' dir='ltr'>ipse</span> <span class='ocrx_word' id='word_1_273' title='bbox 1401 2168 1437 2203; x_wconf 84' lang='lat'>9,</span> <span class='ocrx_word' id='word_1_274' title='bbox 1461 2169 1522 2195; x_wconf 89' lang='lat'>10,</span> <span class='ocrx_word' id='word_1_275' title='bbox 1548 2165 1587 2189; x_wconf 88' lang='lat'>2.</span> 
     </span>
     <span class='ocr_line' id='line_1_43' title="bbox 939 2213 1588 2254; baseline -0.003 -5"><span class='ocrx_word' id='word_1_276' title='bbox 939 2216 992 2249; x_wconf 90' lang='lat' dir='ltr'>Ut</span> <span class='ocrx_word' id='word_1_277' title='bbox 1010 2213 1092 2248; x_wconf 71' lang='lat' dir='ltr'>illic</span> <span class='ocrx_word' id='word_1_278' title='bbox 1122 2227 1272 2248; x_wconf 82' lang='lat' dir='ltr'>nemora</span> <span class='ocrx_word' id='word_1_279' title='bbox 1294 2223 1330 2248; x_wconf 81' lang='lat' dir='ltr'>et</span> <span class='ocrx_word' id='word_1_280' title='bbox 1350 2214 1443 2254; x_wconf 79' lang='lat' dir='ltr'>luci,</span> <span class='ocrx_word' id='word_1_281' title='bbox 1475 2213 1527 2247; x_wconf 86' lang='lat' dir='ltr'>ita</span> <span class='ocrx_word' id='word_1_282' title='bbox 1550 2222 1588 2248; x_wconf 88' lang='lat' dir='ltr'>et</span> 
     </span>
     <span class='ocr_line' id='line_1_44' title="bbox 939 2268 1585 2306; baseline 0.002 -2"><span class='ocrx_word' id='word_1_283' title='bbox 939 2270 1004 2305; x_wconf 89' lang='lat' dir='ltr'>hic</span> <span class='ocrx_word' id='word_1_284' title='bbox 1055 2283 1134 2305; x_wconf 89' lang='lat' dir='ltr'>uno</span> <span class='ocrx_word' id='word_1_285' title='bbox 1182 2270 1331 2306; x_wconf 81' lang='lat' dir='ltr'>variato</span> <span class='ocrx_word' id='word_1_286' title='bbox 1374 2268 1585 2305; x_wconf 83' lang='lat' dir='ltr'>vocabulo.</span> 
     </span>
     <span class='ocr_line' id='line_1_45' title="bbox 939 2325 1585 2374; baseline -0.003 -12"><span class='ocrx_word' id='word_1_287' title='bbox 939 2328 1151 2362; x_wconf 79' lang='lat' dir='ltr'>Beatiorem</span> <span class='ocrx_word' id='word_1_288' title='bbox 1172 2337 1298 2361; x_wconf 86' lang='lat' dir='ltr'>autem</span> <span class='ocrx_word' id='word_1_289' title='bbox 1311 2325 1498 2374; x_wconf 85' lang='lat' dir='ltr'>spiritum,</span> <span class='ocrx_word' id='word_1_290' title='bbox 1512 2338 1585 2374; x_wconf 83' lang='lat' dir='ltr'>pro</span> 
     </span>
     <span class='ocr_line' id='line_1_46' title="bbox 940 2383 1585 2432; baseline 0.002 -16"><span class='ocrx_word' id='word_1_291' title='bbox 940 2396 1017 2430; x_wconf 86' lang='lat' dir='ltr'>quo</span> <span class='ocrx_word' id='word_1_292' title='bbox 1041 2383 1231 2417; x_wconf 77' lang='lat' dir='ltr'>laetiorem</span> <span class='ocrx_word' id='word_1_293' title='bbox 1260 2396 1448 2432; x_wconf 78' lang='lat' dir='ltr'>reponere</span> <span class='ocrx_word' id='word_1_294' title='bbox 1474 2383 1585 2417; x_wconf 82' lang='lat' dir='ltr'>ausus</span> 
     </span>
     <span class='ocr_line' id='line_1_47' title="bbox 941 2439 1584 2481; baseline 0 -8"><span class='ocrx_word' id='word_1_295' title='bbox 941 2439 991 2473; x_wconf 84' lang='lat' dir='ltr'>est</span> <span class='ocrx_word' id='word_1_296' title='bbox 1011 2439 1255 2481; x_wconf 84' lang='lat' dir='ltr'>Obrechtus,</span> <span class='ocrx_word' id='word_1_297' title='bbox 1285 2440 1488 2476; x_wconf 80' lang='lat' dir='ltr'>rectiffime</span> <span class='ocrx_word' id='word_1_298' title='bbox 1520 2439 1584 2473; x_wconf 85' lang='lat' dir='ltr'>de-</span> 
     </span>
     <span class='ocr_line' id='line_1_48' title="bbox 940 2496 1584 2544; baseline -0.002 -14"><span class='ocrx_word' id='word_1_299' title='bbox 940 2496 1064 2530; x_wconf 84' lang='lat' dir='ltr'>fendit</span> <span class='ocrx_word' id='word_1_300' title='bbox 1100 2497 1367 2538; x_wconf 82' lang='lat' dir='ltr'>Burmannus,</span> <span class='ocrx_word' id='word_1_301' title='bbox 1416 2496 1584 2544; x_wconf 76' lang='lat' dir='ltr'>allegans</span> 
     </span>
     <span class='ocr_line' id='line_1_49' title="bbox 938 2550 1582 2598; baseline 0.002 -12"><span class='ocrx_word' id='word_1_302' title='bbox 938 2550 1071 2586; x_wconf 88' lang='lat' dir='ltr'>locum</span> <span class='ocrx_word' id='word_1_303' title='bbox 1112 2553 1232 2588; x_wconf 80' lang='lat' dir='ltr'>nostri</span> <span class='ocrx_word' id='word_1_304' title='bbox 1269 2566 1340 2593; x_wconf 84' lang='lat'>10,</span> <span class='ocrx_word' id='word_1_305' title='bbox 1397 2568 1412 2589; x_wconf 83' lang='lat'><em>1</em></span> <span class='ocrx_word' id='word_1_306' title='bbox 1429 2579 1440 2593; x_wconf 94' lang='lat'>‚</span> <span class='ocrx_word' id='word_1_307' title='bbox 1492 2563 1582 2598; x_wconf 76' lang='lat'><strong>109.</strong></span> 
     </span>
     <span class='ocr_line' id='line_1_50' title="bbox 937 2607 1567 2645; baseline 0 -3"><span class='ocrx_word' id='word_1_308' title='bbox 937 2608 1020 2643; x_wconf 86' lang='lat' dir='ltr'>Nec</span> <span class='ocrx_word' id='word_1_309' title='bbox 1041 2607 1142 2643; x_wconf 79' lang='lat' dir='ltr'>aliud</span> <span class='ocrx_word' id='word_1_310' title='bbox 1166 2609 1265 2645; x_wconf 83' lang='lat' dir='ltr'>dives</span> <span class='ocrx_word' id='word_1_311' title='bbox 1284 2623 1378 2645; x_wconf 81' lang='lat' dir='ltr'>vena</span> <span class='ocrx_word' id='word_1_312' title='bbox 1398 2608 1567 2644; x_wconf 82' lang='lat' dir='ltr'>Horatii.</span> 
     </span>
    </p>

    <p class='ocr_par' dir='ltr' id='par_1_15' title="bbox 936 2664 1581 2757">
     <span class='ocr_line' id='line_1_51' title="bbox 996 2664 1581 2714; baseline -0.002 -15"><span class='ocrx_word' id='word_1_313' title='bbox 996 2674 1060 2708; x_wconf 80' lang='lat'>25.</span> <span class='ocrx_word' id='word_1_314' title='bbox 1092 2679 1185 2713; x_wconf 77' lang='lat' dir='ltr'>quae</span> <span class='ocrx_word' id='word_1_315' title='bbox 1238 2664 1328 2714; x_wconf 83' lang='lat' dir='ltr'>ipsa.</span> <span class='ocrx_word' id='word_1_316' title='bbox 1380 2666 1460 2702; x_wconf 83' lang='lat' dir='ltr'>vid.</span> <span class='ocrx_word' id='word_1_317' title='bbox 1500 2675 1581 2700; x_wconf 84' lang='lat' dir='ltr'>not.</span> 
     </span>
     <span class='ocr_line' id='line_1_52' title="bbox 936 2731 1021 2757; baseline -0.024 0"><span class='ocrx_word' id='word_1_318' title='bbox 936 2731 1021 2757; x_wconf 74' lang='lat' dir='ltr'>crit.</span> 
     </span>
    </p>
   </div>
   <div class='ocr_carea' id='block_1_10' title="bbox 1717 0 1777 3062">
    <p class='ocr_par' dir='ltr' id='par_1_16' title="bbox 1717 0 1777 3062">
     <span class='ocr_line' id='line_1_53' title="bbox 1717 0 1777 3062; baseline 0 0"><span class='ocrx_word' id='word_1_319' title='bbox 1717 0 1777 3062; x_wconf 95' lang='lat' dir='ltr'> </span> 
     </span>
    </p>
   </div>
  </div>
 </body>
</html>
