1820 3062
275 156 341 204 24
586 146 662 192 M.
709 145 845 190 FAB.
892 145 1308 205 QUINTILIANI

276 271 666 338 praecipueque
721 269 872 318 velut
918 269 1090 317 attrita
1136 267 1452 333 quotidiano
1503 259 1622 313 actu

278 346 473 397 forenfi
517 347 731 411 ingenia
745 337 772 403 ‚'
816 346 1013 410 optime
1045 362 1226 394 rerum
1253 345 1440 392 talium
1477 342 1624 389 blan-

282 424 412 473 ditia
461 433 781 488 reparantur.
859 421 1091 486 Ideoque
1142 423 1199 470 iu
1246 421 1341 468 hac
1394 419 1623 466 lectione

208 513 260 551 28
284 502 471 551 Cicero
506 497 941 563 requiescendum
976 509 1139 563 putat.
1217 494 1625 546 Meminerimus

283 587 485 633 tamen,
523 593 634 624 non
686 592 778 640 per
829 575 1007 624 onmia
1057 579 1234 639 poetas
1283 570 1379 620 effe
1430 571 1628 620 oratori

283 651 596 716 sequendos,
636 669 733 699 nec
753 652 990 699 libertate
1012 651 1317 706 verborum,
1344 665 1440 696 nec
1464 649 1628 694 licen-

284 730 357 777 tia
376 727 691 794 figurarum3
716 745 880 793 genus
903 726 1236 776 ostentationi
1255 733 1632 790 comparatum,

285 816 338 853 et
372 815 575 871 praeter
603 804 689 861 id,
743 803 891 868 quod
921 802 1084 852 [olam
1117 805 1247 868 petit
1284 803 1632 865 voluptatem,

285 893 339 929 et
373 898 513 938 eam,
550 879 800 945 fingendo
835 896 946 927 11011
974 878 1097 927 falsa
1132 878 1321 936 modo,
1359 876 1449 925 sed
1475 878 1634 924 etiam

285 957 545 1023 quaedam
590 956 920 1005 incredibilia
943 993 957 1014 ‚
1019 955 1276 1012 sectatur,
1338 953 1633 1020 patrocinio

374 1089 570 1124 blanditia.
630 1086 762 1124 Turic.
785 1090 823 1132 (a
844 1101 902 1137 pr.
923 1087 996 1134 m.)
1015 1087 1263 1123 blatzditatum
1284 1099 1371 1122 cum
1394 1084 1495 1120 Alm.
1530 1084 1634 1119 blan-

288 1145 384 1181 ditia
405 1155 481 1180 tum
514 1144 615 1181 Flor.
650 1142 718 1188 (cf.
743 1156 777 1191 9,
803 1151 838 1188 4,
868 1151 957 1189 145.
981 1144 1023 1179 it.
1047 1144 1112 1179 hic
1135 1146 1231 1188 54).
1404 1149 1636 1191 reparantur.

289 1202 387 1241 Jens.
418 1203 533 1237 Taw.
566 1201 795 1248 reperiantur
825 1213 913 1235 cum
947 1201 1051 1239 Voff.
1077 1211 1113 1236 2.
1145 1212 1226 1235 non
1257 1198 1376 1236 Goth.
1409 1199 1475 1243 (cf.
1504 1201 1538 1246 §-
1573 1203 1635 1241 15.

291 1258 385 1293 item
409 1266 472 1300 50.
489 1260 516 1298 ).
579 1256 761 1292 Correxit
782 1257 941 1305 Regius.

378 1319 441 1356 28.
462 1312 695 1359 figurarum3
721 1325 844 1358 genus.
876 1313 939 1346 Sic
959 1310 1090 1346 Turic.
1113 1309 1216 1345 Flor.
1242 1312 1481 1358 (quanquam
1499 1309 1542 1344 in
1562 1307 1642 1343 hoc

292 1369 411 1404 verba
445 1378 593 1402 tantum
625 1375 812 1415 totumque
834 1367 928 1401 illud
948 1367 1068 1403 deeffe
1090 1368 1322 1410 narrantur)
1352 1365 1480 1402 Guelf,
1505 1366 1642 1412 Camp-

292 1437 380 1460 cum
413 1423 531 1458 Goth.
563 1423 668 1460 Voff.
699 1433 736 1457 2.
767 1422 867 1457 Alm.
905 1434 941 1458 et
975 1423 1060 1458 edd.
1091 1433 1175 1457 ante
1202 1423 1309 1457 Bafil.
1340 1421 1500 1470 Reliqui
1520 1420 1641 1469 (Phi-

291 1479 452 1519 Iandro,
482 1479 661 1527 suspicor,
694 1479 891 1527 suadente)
911 1480 1084 1514 inserunt
1105 1486 1291 1526 totumque
1313 1476 1641 1525 illudsiudiorum.

381 1544 644 1582 comparatum,
667 1543 712 1568 et.
744 1535 806 1569 Sic
828 1535 960 1569 Turic-
986 1534 1089 1569 Flor.
1113 1534 1239 1569 Guelf.
1264 1535 1396 1583 Camp.
1418 1546 1506 1568 cum
1521 1532 1642 1569 Goth.

294 1602 331 1627 et
351 1591 436 1626 edd.
458 1601 542 1625 ante
566 1589 715 1637 Gryph.
738 1590 897 1638 Reliqui
918 1591 1106 1626 omittunt
1127 1599 1172 1625 et.
1396 1599 1432 1625 et
1456 1603 1548 1624 eam.
1578 1589 1643 1624 Sic

293 1648 391 1686 Jens.
415 1647 648 1692 (tae.Gesn.)
671 1659 757 1679 curn
780 1646 863 1680 edd.
883 1647 1017 1695 poster.
1043 1657 1126 1681 ante
1138 1644 1246 1681 Bafil.
1278 1648 1390 1681 etiam
1410 1660 1490 1681 eam
1509 1645 1642 1682 Turic-

296 1702 424 1739 Guelf.
455 1701 573 1737 Goth.
605 1705 703 1746 (tac.
739 1702 880 1748 Gesn.)
919 1703 1050 1750 Camp.
1083 1716 1233 1750 eamque
1263 1704 1374 1737 etiam
1414 1701 1520 1738 Flon
1552 1714 1644 1737 cum

295 1758 404 1794 Bafil.
436 1757 597 1806 Reliqui
628 1771 790 1806 eamque.
1005 1757 1178 1808 sectatur.
1238 1759 1369 1795 Turic.
1401 1762 1447 1805 (a
1477 1772 1535 1808 pr.
1569 1760 1643 1803 m.)

289 1814 463 1865 sectator.

352 1928 454 1963 velut
517 1928 649 1963 attrita
711 1925 942 1973 quotidiano.

299 1985 410 2024 „Hoc
435 1984 494 2023 est,
518 1982 624 2031 quod
644 1983 848 2017 Petronius
862 1996 892 2017 c.
908 1990 942 2026 5.

299 2039 434 2081 „vultt
457 2039 643 2075 Interdum
654 2038 835 2087 subducta
850 2037 944 2086 foro

301 2096 391 2137 „det
421 2098 563 2143 pagina
590 2094 750 2143 versum,
804 2095 874 2130 ubi
905 2109 944 2129 v.

302 2165 428 2200 „quae
444 2151 705 2186 notavimus.“
734 2153 943 2186 Burmann.

363 2209 486 2244 Cicero
501 2228 551 2234 -—
564 2216 683 2256 putat.
730 2209 804 2242 Pro
827 2207 944 2242 Arch.

305 2264 340 2300 6.
379 2265 575 2310 „Quaeres
607 2277 625 2297 a
654 2263 790 2304 nobis,
825 2263 945 2303 Grati,

302 2333 397 2361 „cur
431 2331 632 2369 tantopere
662 2320 738 2355 hoc
760 2320 946 2355 nomine“

304 2379 566 2424 (poetarum)
640 2402 663 2418 ,‚
679 2373 944 2411 delectemur?

302 2431 431 2478 „Quia
459 2432 674 2481 suppeditat
701 2433 837 2471 nobis,
877 2431 948 2466 ubi

304 2498 369 2528 „et
417 2488 567 2522 animus
609 2503 655 2524 ex
695 2485 770 2525 hoc
810 2488 949 2524 forensl

304 2542 490 2590 „strepitu
519 2543 738 2586 reficiatur,
773 2555 811 2580 et
841 2557 948 2579 aures

307 2599 516 2637 „convicio
580 2600 737 2636 defeffae
786 2600 949 2648 conqui-

999 1925 1225 1973 „suppetere
1245 1926 1358 1962 nobis
1379 1927 1505 1975 poss'e,
1538 1926 1646 1976 quod

1000 1982 1205 2029 „quotidie
1243 1983 1436 2023 dicamus,
1467 1984 1510 2019 in
1544 1994 1646 2019 tanta

1000 2038 1212 2078 „varietate
1258 2053 1412 2081 rerum,
1466 2041 1535 2075 njfi
1565 2039 1645 2074 ani·

1001 2106 1113 2133 „mos
1143 2096 1289 2131 nostros
1321 2095 1496 2131 doctrina
1533 2108 1646 2131 exeo·

1001 2148 1174 2189 ‚,lamus:
1232 2162 1297 2185 aut
1345 2152 1444 2186 serre
1495 2153 1658 2196 animos⁴

1000 2215 1169 2245 „tantam
1204 2207 1309 2255 posse
1345 2209 1647 2248 contentionem,

1003 2261 1099 2300 „nifi
1134 2275 1198 2298 eos
1229 2263 1404 2298 doctrina
1437 2263 1567 2299 eadem
1589 2277 1648 2300 re·

1003 2315 1205 2356 „laxemus
1220 2318 1269 2352 ?“

1063 2380 1127 2418 28.
1161 2389 1288 2422 genus.
1322 2375 1500 2425 intellige
1530 2379 1649 2426 poeti-

1005 2443 1107 2470 cum,
1139 2443 1218 2465 non
1247 2441 1453 2478 poetarum.
1514 2434 1650 2469 Minus

1004 2484 1082 2519 hoc
1105 2486 1245 2521 durmn
1264 2488 1476 2530 videbitur,
1498 2491 1652 2538 sirepu·

1007 2551 1075 2582 tes,
1103 2556 1240 2590 genera
1270 2545 1416 2578 dicendi
1446 2546 1550 2595 saepe
1571 2545 1652 2580 dici

1008 2612 1028 2632 a
1059 2596 1209 2641 nostr03
1241 2614 1310 2635 nee
1336 2600 1443 2635 aliud
1464 2603 1558 2643 esse,
1589 2601 1650 2635 Vi·

306 2653 464 2692 „escanu
520 2655 580 2691 An
602 2667 644 2692 tu
664 2658 865 2698 existimas,
888 2667 953 2693 aut
1010 2654 1095 2691 dexi
1129 2655 1258 2692 saltem
1289 2657 1458 2698 rhetori,
1507 2657 1651 2708 poesin.
