1779 3062
391 189 552 236 INST.
593 188 876 236 ORATOR.
914 189 1036 236 LIB.
1078 190 1175 244 XI,
1214 201 1256 235 1.
1406 199 1507 243 2512

138 324 192 370 P.
217 317 459 379 Clodius,
499 318 651 366 aliter
694 317 902 383 Appius
934 320 1168 368 Caecus:
1207 318 1360 367 aliter
1381 315 1512 368 Cae-

141 399 365 447 cilianus
393 397 504 455 ille,
533 397 687 444 aliter
714 396 1070 446 Terentianus
1096 408 1243 461 pater
1262 396 1507 464 fingitur.

51 499 130 537 970
146 475 294 547 Quid
322 473 554 541 asperius
588 475 776 523 lictore
799 474 1016 524 Verris?
1068 475 1148 526 Ut
1180 477 1356 533 adeas,
1395 486 1510 524 tan-
1532 481 1583 522 4ο

138 566 251 604 tum
276 552 436 603 dabis.
518 553 664 624 Quid
683 551 882 602 fortius
906 553 1020 612 illo,
1057 557 1209 614 cuius
1234 555 1374 602 inter
1400 552 1510 620 ipsa

141 633 432 683 verberum
451 631 712 700 supplicia
733 646 842 681 una
862 649 971 681 vox
998 631 1331 691 audiebatur,
1366 633 1510 682 Civis

141 713 415 764 Romanus
420 708 583 785 sum?
622 715 793 781 Quam
829 709 1020 777 dignae
1042 711 1272 760 Milonis
1306 711 1364 759 in
1392 729 1512 778 per-

144 793 386 841 oratione
406 789 515 858 ipsa
535 806 697 840 voces
724 807 787 839 eo
809 790 929 839 viro
944 827 957 848 ,
998 789 1095 855 qui
1115 806 1214 855 pro
1236 790 1513 855 republica

142 868 454 920 seditiosum
476 870 651 919 civem
676 870 832 918 toties
859 865 1273 934 compescuisset,
1308 868 1513 933 quique

143 946 364 998 insidias
419 949 622 998 virtute
677 943 959 1013 superaffet
979 948 1002 995 2
1089 946 1344 1011 Denique
1401 964 1512 996 non
1539 964 1588 1003 41

143 1025 310 1076 modo
335 1037 470 1092 quot
487 1028 545 1075 in
572 1023 739 1083 causa,
779 1024 1008 1074 totidem
1042 1025 1101 1073 in
1122 1023 1518 1091 prosopopoeia

143 1102 268 1153 sunt
301 1103 606 1153 varietates:
656 1102 747 1152 sed
781 1104 887 1153 hoc
917 1104 1076 1151 etiam
1109 1103 1324 1169 plures,
1367 1103 1519 1168 quod

144 1183 203 1231 in
229 1182 333 1232 ,his
373 1200 694 1249 puerorum,
755 1180 1106 1239 feminarum,
1168 1181 1520 1248 populorum,

144 1271 418 1311 mutarum
462 1262 625 1309 etiam
664 1277 850 1309 rerum
893 1258 1247 1307 affimulamus
1280 1255 1518 1318 affectus,

147 1339 349 1402 quibus
376 1338 630 1389 omnibus
651 1337 879 1386 debetur
906 1335 1031 1386 suus
1059 1335 1236 1385 decor.
1316 1336 1518 1386 Eadem
1543 1355 1596 1395 42

238 1499 302 1537 40.
326 1494 404 1530 illo.
426 1493 560 1529 Turio.
579 1492 686 1528 Flor.
712 1492 796 1537 (hic
819 1505 837 1526 a
858 1505 917 1540 pr.
940 1491 1014 1533 m.)
1046 1504 1081 1526 0.
1323 1494 1416 1532 viro,
1444 1495 1519 1541 qui.

149 1550 286 1589 Turio.
318 1551 422 1587 Flor.
454 1550 544 1598 (hic
567 1564 585 1584 a
612 1563 671 1598 pr.
696 1547 771 1596 m.)
803 1549 976 1583 inferunt
1005 1548 1084 1583 alia
1117 1561 1206 1583 cum
1228 1547 1330 1584 Alm.

236 1622 306 1658 pro
330 1623 404 1656 rep.
423 1606 507 1657 sed.
566 1607 700 1642 Turio.
725 1605 830 1641 Flor.
863 1603 1034 1655 propes.
1069 1605 1128 1641 sed
1150 1606 1263 1654 prior
1292 1605 1521 1656 reclitiosum.

153 1668 289 1715 (Lampe
320 1666 561 1715 propriebqui
578 1676 648 1712 pro
671 1664 719 1698 R.
745 1664 784 1698 P.
801 1661 835 1711 s.

243 1728 309 1767 41.
342 1723 477 1770 plures,
503 1721 616 1770 quod.
635 1719 769 1756 Turic.
792 1719 898 1756 Flor.
923 1720 1008 1761 (hic
1030 1734 1049 1755 a
1069 1733 1128 1769 pr.
1151 1723 1223 1766 m.)
1248 1721 1383 1769 Camp.
1406 1721 1525 1757 omit·

149 1792 240 1818 tunt
270 1781 371 1829 quod
403 1793 494 1815 cum
515 1778 619 1815 Alm.
834 1776 1077 1825 feminarum.
1101 1777 1236 1813 Turio.
1258 1778 1363 1813 Flor-
1387 1778 1522 1827 Camp.

150 1837 364 1874 subiiciunt
395 1851 475 1888 que.
749 1835 990 1883 populorum.
1033 1833 1121 1869 Ald.
1152 1834 1263 1870 Basil.
1293 1835 1526 1884 pupillorum

154 1909 245 1931 cum
273 1894 426 1942 Gryph.
454 1894 620 1941 (1556.)
660 1906 758 1929 vana
788 1892 1026 1937 conjectura.
1325 1901 1526 1927 mutarum.

152 1952 288 1988 Turic.
327 1951 433 1987 Flor.
481 1951 617 1986 Ambr.
644 1959 681 1984 2.
727 1947 855 1984 Guelf.
896 1950 1030 1997 Camp.
1064 1948 1262 1983 multarum
1306 1962 1396 1984 eum
1421 1949 1526 1986 Ahn.

153 2012 270 2046 Bern.
301 2008 400 2047 Jens.
433 2008 551 2044 Tarv,
582 2009 615 2041 E
645 2007 752 2045 Voss'.
789 2017 822 2038 ι.
857 2013 894 2047 5.
936 2006 1149 2041 multorum.
1181 2006 1370 2042 Nostrum
1404 2007 1526 2044 Goth.

155 2065 258 2105 Vall.
295 2076 343 2106 et,
376 2075 420 2100 ut
451 2063 657 2105 credibile,
684 2063 793 2102 Voff.
829 2071 866 2097 2.
906 2062 1085 2101 Vicissim
1126 2063 1157 2107 ᾖ.
1186 2070 1251 2107 32.
1285 2071 1416 2105 „muta
1446 2077 1528 2100 non

156 2121 443 2167 ‚‚deformiter“
472 2121 605 2157 Turio.
637 2119 769 2156 Guelf.
798 2119 940 2167 Neque
961 2119 1116 2160 dubito,
1150 2120 1247 2169 quin
1270 2131 1372 2156 recte
1393 2120 1533 2157 habeat

157 2190 343 2217 mutarum
379 2193 526 2220 rerum,
588 2178 669 2228 ipse
708 2188 837 2213 autem
886 2177 1051 2213 calidius
1097 2178 1447 2226 pronunciaverim
1484 2179 1533 2213 ad

159 2239 197 2280 6,
238 2252 270 2280 1,
303 2246 370 2282 25.
606 2251 628 2271 a
659 2236 869 2270 zmulamus.
903 2234 1038 2271 Turio.
1072 2236 1314 2283 (quanquam
1337 2234 1402 2270 hic
1433 2236 1534 2286 ads.)

159 2297 294 2346 Camp.
339 2293 639 2346 affimulavimus.
698 2293 841 2328 Eratne
875 2291 1002 2339 igitur
1041 2290 1363 2342 affimulabimus?
1409 2294 1529 2332 Goth.

157 2358 251 2401 (tae.
279 2352 409 2401 Gesn.)
450 2349 702 2401 affimilamus.
753 2349 801 2385 cf.
827 2359 875 2393 7,
918 2361 990 2389 10,
1025 2361 1062 2396 9.
1102 2349 1197 2384 item
1233 2350 1262 2384 I.
1287 2351 1326 2385 F.
1355 2351 1534 2390 Gronov.

161 2412 209 2448 ad
233 2410 322 2447 Tac.
342 2407 480 2445 Annal.
513 2422 528 2443 ι
544 2420 579 2449 1,
617 2420 679 2444 11.
706 2417 756 2446 et,
788 2419 867 2455 quo
888 2406 966 2454 ipse
989 2405 1152 2454 ablegat,
1183 2406 1224 2440 in
1247 2406 1430 2442 Diatribe
1454 2411 1534 2444 Sta-

162 2470 265 2506 tiana
290 2480 321 2503 c.
347 2466 383 2502 6.
414 2475 518 2501 recte
549 2464 841 2514 improbantem
861 2465 901 2505 13
934 2463 996 2499 sed
1030 2464 1122 2499 vide
1147 2473 1184 2498 et
1204 2463 1350 2499 Ernest.
1373 2465 1418 2499 ad
1442 2466 1531 2502 Tac.

160 2527 255 2575 Agr.
289 2537 320 2561 c.
352 2537 369 2559 1
380 2536 419 2559 o.

222 2656 288 2694 4¹·
317 2646 613 2698 prosopopoeia.
646 2647 694 2684 cf.
719 2657 755 2692 3,
778 2653 816 2691 g,
876 2646 992 2695 poeia
1018 2645 1161 2681 faciens
1182 2655 1332 2694 partem
1366 2646 1533 2694 alicujus

162 2713 231 2756 49.
267 2718 303 2755 9,
330 2718 367 2747 2,
396 2715 460 2749 5¹·
494 2705 569 2740 Sed
590 2704 699 2745 haec,
721 2718 818 2753 quae
879 2704 1020 2739 causae.

164 2777 270 2801 nunc
311 2773 511 2804 tractatur,
546 2761 597 2798 est
632 2762 820 2813 prosopo-
940 2760 1061 2796 decor.
1095 2759 1142 2796 cf.
1171 2772 1232 2800 10,
1271 2774 1304 2799 ι,
1337 2770 1403 2803 71.
