1779 3062
257 183 355 233 542
578 173 656 220 Μ.
687 172 821 220 FAB.
858 173 1274 249 QUmenm

196 332 197 335 =
253 301 314 349 in
356 298 486 348 recti
526 302 783 364 pravique
823 297 1147 349 discrimine.
1247 300 1369 350 Vim
1418 305 1596 361 cuius-

255 393 363 442 que
403 377 552 426 vocis
589 376 904 441 intelligere,
944 387 1034 425 aut
1054 394 1337 426 commune
1360 377 1596 443 pruden-

255 454 397 501 tium
435 452 536 511 est,
576 463 666 502 aut
705 454 984 519 proprium
1026 455 1280 503 oratoris:
1363 455 1595 518 aequitas

200 550 226 593 3
259 531 467 596 optimo
508 531 704 595 cuique
744 527 1016 579 notissima.
1057 530 1172 580 Nos
1211 548 1373 595 porro
1415 541 1469 578 et
1499 530 1596 580 bo—

238 623 391 656 ·num
430 608 609 656 virum
650 617 702 654 et
737 606 1056 673 prudentem
1095 607 1153 654 in
1191 608 1378 671 primis
1417 615 1687 659 orato-1067
1749 631 1750 634 ¹

254 701 369 735 rem
409 694 678 750 putamus,
717 684 812 748 qui
853 701 975 732 cum
1015 682 1066 731 se
1107 682 1173 731 ad
1212 682 1294 739 id,
1333 682 1482 747 quod
1521 682 1595 732 est

255 763 524 826 optimum
563 771 767 818 natura,
807 759 1081 819 direxerit,
1122 777 1233 809 non
1273 776 1593 847 magnopere

255 838 701 894 commovebitur,
740 835 781 884 fi
822 838 943 902 quis
986 837 1048 885 ab
1091 853 1155 886 eo
1192 834 1462 886 consultus
1491 816 1596 885 uis-

252 915 467 974 sentiet,
510 931 631 964 cum
669 912 794 980 ipsis
833 915 939 962 illis
980 913 1209 963 diversas
1238 917 1378 963 inter
1400 911 1451 960 se
1478 914 1596 980 opi-

243 994 443 1043 ·niones
494 991 634 1041 tueri
683 988 977 1038 conceffum
1027 990 1103 1039 sit.
1194 990 1296 1040 Sed
1345 991 1502 1038 etiam
1551 989 1595 1039 si

249 1066 394 1119 noffe
435 1067 570 1132 quid.
609 1068 839 1132 quisque
877 1066 1090 1116 senserit
1129 1069 1298 1124 volet,
1346 1068 1592 1116 lectionis

251 1163 387 1213 opus
427 1143 526 1194 est:
568 1160 673 1209 qua
710 1143 850 1192 nihil
890 1143 962 1192 est
1002 1146 1060 1193 in
1093 1143 1279 1195 studiis
1311 1145 1494 1194 minus
1518 1145 1594 1215 la-

246 1344 372 1395 posita
401 1353 466 1381 aut
495 1347 586 1381 recti
616 1344 714 1386 Jens.
759 1356 848 1381 cum
880 1344 965 1380 edd.
999 1345 1093 1394 post.
1126 1355 1211 1381 ante
1241 1344 1329 1380 Ald.
1365 1345 1464 1381 Mox
1480 1344 1594 1395 ηοω]-

237 1401 340 1452 fimo
370 1400 420 1450 est
452 1402 570 1438 Goth.
603 1402 702 1442 Jens.
736 1403 827 1449 (tae.
859 1402 994 1449 Gesn.)
1023 1415 1110 1437 cum
1134 1401 1219 1437 edd.
1239 1402 1334 1450 post.
1359 1413 1443 1438 ante
1465 1404 1589 1438 Stoer.

363 1521 400 1559 8.
450 1516 569 1551 virum
609 1515 744 1551 bonum
786 1515 918 1564 Camp.
982 1516 1081 1550 lWox
1120 1514 1160 1549 id
1201 1527 1278 1550 om.
1320 1515 1451 1550 Turio.
1484 1514 1589 1551 Flor.

245 1572 380 1619 Camp.
441 1581 574 1607 natura
605 1572 743 1608 dixerit
773 1570 875 1608 Flor.
908 1572 1082 1608 Verbum
1115 1583 1192 1605 om.
1220 1572 1355 1607 Ambr.
1388 1582 1423 1607 2.
1457 1571 1585 1607 Guelf.

244 1638 322 1663 nat.
354 1627 503 1661 duxerit
532 1628 627 1665 Jens.
661 1640 692 1662 c.
723 1627 808 1662 edd.
840 1628 934 1675 post.
969 1639 1054 1663 ante
1084 1626 1170 1663 Ald.
1217 1628 1460 1663 commohitur
1479 1627 1583 1663 Flor.

243 1683 378 1719 Ambr.
414 1693 451 1717 2.
514 1684 706 1719 conabitur
737 1683 854 1719 Goth.
908 1683 946 1733 si
984 1687 1062 1732 quis
1100 1683 1215 1719 habeo
1255 1698 1283 1720 c.
1320 1685 1452 1719 Tuiie.
1513 1680 1588 1732 ‹lis-

235 1738 379 1789 sentiat
411 1739 510 1777 Jens.
542 1746 641 1781 (non
667 1740 785 1775 Goth.
818 1754 891 1778 err.
925 1742 1052 1785 Gesn.)
1085 1754 1116 1776 c.
1139 1739 1223 1775 edd.
1246 1740 1341 1788 post.
1365 1742 1589 1776 anteStoer.

243 1808 324 1831 exc.
358 1796 450 1831 Bad.
482 1791 594 1833 Basil.
888 1800 1001 1833 etiam
1040 1795 1140 1846 noffe
1167 1795 1205 1844 si
1247 1798 1327 1844 quis
1365 1810 1458 1846 quae
1487 1795 1585 1845 sens.

242 1853 377 1900 Camp.
441 1851 541 1886 nolle
572 1851 699 1888 Guelf.
750 1851 849 1902 noſje
879 1855 980 1903 quod
1010 1856 1160 1902 quisque
1191 1852 1322 1888 Turio.
1367 1850 1466 1902 noffe
1493 1854 1588 1902 quis·-

242 1922 311 1957 que
338 1907 457 1944 Goth.
522 1907 680 1943 lectione
711 1908 811 1945 Alm.
847 1909 947 1948 Vall.
979 1911 1071 1945 Bad.
1113 1923 1145 1945 c.
1180 1909 1265 1944 edd.
1300 1909 1452 1957 aliquot
1485 1909 1583 1958 post.

239 1966 463 2015 genitivum
513 1962 738 2000 vindicante
781 1968 826 2001 G.
868 1969 902 2005 J.
938 1967 1072 2002 Vossio
1113 1966 1156 2002 in
1197 1965 1414 2002 Arntarcho
1458 1976 1506 2011 7,
1545 1972 1585 2009 ὅ.

241 2023 342 2059 Mox
372 2024 459 2071 quia
487 2021 582 2057 nihil
611 2023 744 2058 Turio.
773 2023 878 2058 Flor.
913 2024 1046 2073 Camp-

236 2215 276 2241 et
313 2204 440 2252 siquid
475 2204 518 2239 in
556 2215 791 2252 quocunque
820 2218 883 2252 ge·
998 2202 1084 2252 ipsis
1113 2202 1199 2239 illis.
1265 2201 1464 2238 Naturalis
1493 2215 1579 2239 ver-

235 2273 328 2296 nere
355 2261 451 2296 boni
480 2271 545 2295 aut
574 2273 615 2294 re
647 2271 713 2295 aut
746 2260 881 2295 huma·
938 2261 1081 2298 borum
1105 2259 1201 2295 ordo
1225 2269 1303 2295 erat
1333 2285 1356 2299 ,‚
1370 2261 1444 2295 illis
1456 2258 1580 2295 ⁸—in-

233 2317 389 2353 niffimo
420 2317 565 2365 gaudio
586 2315 797 2365 plausuque
820 2318 879 2363 ju·
936 2329 1023 2360 „ter
1053 2317 1086 2351 se
1115 2317 1263 2364 ipsos“,
1295 2326 1337 2351 ut
1368 2315 1465 2365 ipsos
1493 2317 1579 2352 rub-

232 2374 404 2411 vandum
424 2384 513 2409 erat.
935 2375 1038 2420 jecto
1094 2372 1289 2408 infinitivi
1340 2373 1576 2412 adhaereret.

290 2438 328 2476 8.
376 2432 458 2466 Nos
487 2443 613 2478 porro.
648 2430 730 2465 vid.
766 2429 812 2464 ad
839 2440 876 2470 2,
934 2430 1052 2466 Nune
1073 2441 1182 2464 more
1210 2427 1388 2464 sollemni
1416 2429 1467 2464 ob
1489 2442 1576 2464 ver-

231 2496 270 2532 3,
296 2494 331 2530 5.
392 2487 552 2522 Directa
583 2497 708 2521 antem
737 2486 785 2521 est
808 2499 877 2534 op·
935 2486 1030 2521 bum
1060 2485 1279 2520 concedendi
1307 2495 1500 2520 mutatum
1531 2485 1576 2521 in

230 2544 384 2593 positio,
417 2556 513 2591 quae
535 2542 647 2578 estin
670 2554 766 2577 voce
792 2556 877 2588 por·
934 2541 1133 2581 dativum,
1168 2552 1206 2577 et
1235 2554 1315 2577 non
1344 2541 1421 2576 fine
1452 2541 1496 2576 vi
1531 2541 1574 2576 in

227 2614 284 2640 ro,
311 2611 446 2636 contra
466 2599 629 2634 nimiam
651 2611 764 2646 quam
788 2597 875 2645 quis
932 2597 1060 2633 fronte
1080 2596 1291 2634 locutionis
1317 2597 1485 2647 politum
1510 2596 1572 2633 est.

228 2656 402 2691 tribuere
432 2656 547 2703 possit
569 2654 666 2702 juris
691 2654 874 2690 consultis
929 2654 1063 2700 „Quid
1084 2654 1243 2692 mirum,
1274 2653 1302 2688 fi
1325 2667 1344 2688 a
1365 2653 1479 2688 nobis
1499 2652 1572 2686 dis·

227 2713 510 2749 auctoritatem.
928 2710 1119 2750 sentiunt,
1147 2709 1215 2759 qui
1242 2709 1316 2760 ipsi·
1343 2710 1446 2746 inter
1463 2706 1573 2752 se?{‘

1773 1277 1778 1361 5

1747 1261 1777 1404 ἱ

1747 1417 1775 1479 t

1747 1481 1775 1628 5
