1779 3062
470 138 636 184 INsT.
675 138 956 184 ORATOR.
996 139 1118 184 Lm.
1156 139 1230 195 x,
1275 147 1320 192 5.

408 189 417 213 5

1478 151 1575 197 ¹77

218 267 447 318 exerceri
478 263 688 314 solebat.
772 265 868 313 His
899 263 1130 316 confinis
1175 264 1246 314 est
1282 263 1568 317 destructio
1596 286 1645 314 ια

216 355 268 393 et
296 341 634 393 confirmatio
675 340 1069 396 sententiarum,
1149 345 1292 393 Nam
1341 360 1464 392 cum
1507 342 1574 393 [it

215 419 471 470 sententia
536 420 810 468 decretum
871 418 1146 484 quoddam
1211 431 1367 485 atque
1424 438 1574 486 prae-

216 508 455 563 ceptum;
521 497 669 562 quod
704 496 771 544 de
799 513 885 554 re,
949 495 1095 543 idem
1141 495 1207 544 de
1256 498 1459 558 judicio
1494 500 1574 547 rei

214 575 400 638 quaeri
433 573 614 640 potest.
708 577 849 622 Tum
880 573 989 622 loci
1033 591 1371 633 communes,
1434 592 1572 638 quos

212 653 370 699 etiam
405 651 625 719 scriptos
661 651 724 699 ab
767 651 1069 700 oratoribus
1106 650 1311 700 scimus.
1426 654 1571 700 Nam

213 731 318 793 qui
340 729 467 777 haec
505 740 642 777 recta
678 739 918 786 tantum,
989 737 1040 775 et
1084 729 1142 775 in
1184 729 1365 777 nullos
1400 727 1570 778 flexus

124 806 514 862 9441·ecedentia
541 804 752 871 copiose
787 805 1101 862 tractaverit,
1141 806 1330 870 utique
1364 806 1422 853 in
1458 806 1568 854 illis

205 885 387 949 plures
422 882 674 933 excursus
707 883 1088 949 recipientibus
1123 885 1289 948 magis
1333 882 1570 930 abunda-

206 961 312 1020 bit,
341 962 545 1026 eritque
573 962 632 1009 in
657 977 840 1010 omnes
866 958 1039 1009 causas
1062 970 1288 1027 paratus.
1372 962 1569 1009 Omnes

296 1107 358 1132 12.
399 1092 606 1143 destructio.
659 1096 791 1130 Turic-
822 1092 927 1129 Flor.
969 1092 1064 1139 (hic
1098 1107 1117 1127 a
1149 1106 1207 1142 pr.
1242 1093 1324 1140 m.)
1363 1090 1567 1141 restructio.

207 1152 279 1188 Ille
305 1166 324 1186 a
344 1153 410 1187 see.
431 1167 482 1187 m.
515 1150 707 1200 restrictio,
740 1162 776 1188 et
799 1151 848 1186 [ic
870 1151 1003 1199 Camp.
1024 1163 1110 1185 cum
1126 1149 1236 1185 Bodl.
1262 1150 1549 1186 And1·eana.ed.

293 1210 493 1260 quoddam.
525 1209 657 1244 Turic-
687 1207 792 1244 Flor.
816 1207 901 1251 (hic
922 1221 941 1241 a
961 1220 1019 1254 pr.
1044 1209 1117 1254 m.)
1138 1207 1327 1242 omittunt
1347 1221 1436 1242 cum
1459 1205 1567 1243 Alm.

294 1267 339 1301 de
360 1279 409 1301 re.
443 1265 561 1301 Goth.
587 1265 684 1303 Jcns.
716 1265 805 1307 (tac.
829 1263 960 1305 Gesn.)
995 1263 1040 1297 de
1064 1277 1124 1297 reo
1158 1276 1247 1298 cum
1271 1264 1378 1299 Voss.
1402 1275 1438 1298 2.
1461 1262 1564 1301 Vall.

211 1334 248 1360 et
268 1323 354 1358 edd.
378 1322 536 1370 posterr.
560 1332 644 1356 ante
665 1320 775 1354 Basil.
797 1321 891 1354 item
915 1318 1187 1367 compluribus
1208 1320 1311 1367 apud
1330 1321 1465 1355 Burm.

297 1380 406 1413 idem.
436 1379 533 1416 Jens.
557 1380 644 1422 (tac.
669 1377 797 1421 Gesn.)
819 1376 857 1410 id
881 1373 930 1423 efi-
961 1389 1047 1411 cum
1076 1375 1160 1411 edd.
1182 1375 1337 1424 posterr.
1364 1386 1449 1411 ante
1472 1375 1561 1413 Ald-

294 1437 437 1480 judicio
461 1437 513 1469 rei
533 1437 661 1484 quaeri
680 1431 811 1479 potest.
855 1433 988 1468 Turic.
1022 1431 1125 1467 Flor.
1166 1433 1250 1477 (hic
1272 1446 1290 1466 a
1309 1446 1369 1481 pr.
1392 1445 1443 1468 m.
1460 1460 1470 1473 ‚
1501 1433 1563 1468 sed

211 1495 322 1542 quae)
343 1492 487 1536 judicio
512 1505 580 1540 que
600 1505 638 1538 p.
672 1489 743 1524 Isse
765 1503 784 1523 a
804 1490 872 1523 sec.
893 1501 945 1524 m.
973 1489 1002 1532 j.
1024 1501 1169 1537 quoque
1191 1503 1230 1537 p.
1436 1490 1564 1536 flexus

209 1550 427 1585 recedentia.
456 1547 589 1583 Turio.
615 1544 650 1592 f.
674 1541 714 1580 ai
748 1545 812 1588 (cf.
841 1558 902 1585 10,
940 1558 973 1586 1,
1013 1546 1124 1595 118.)
1154 1547 1335 1585 recentia,
1382 1559 1399 1579 a
1421 1546 1487 1581 sec.
1510 1559 1563 1582 m.

200 1605 237 1654 f.
264 1607 359 1641 alios
380 1604 599 1642 recedentia,
624 1613 661 1637 et
679 1603 728 1636 sic
743 1603 875 1650 Camp.
897 1602 970 1636 Sed
993 1599 1096 1635 Flor.
1118 1601 1156 1646 (a
1177 1615 1234 1650 pr.
1248 1603 1320 1646 m.)
1332 1601 1366 1649 f.
1392 1604 1563 1638 recentia.

208 1661 336 1698 Guelf.
361 1660 395 1708 f.
420 1661 632 1695 recidentia.
847 1656 1004 1706 copiose.
1036 1657 1171 1693 Turic.
1205 1656 1400 1707 compiose.
1434 1658 1563 1696 Guelf.

206 1716 476 1766 compositione
505 1729 594 1751 cum
623 1728 744 1763 marg.
773 1715 885 1750 Basil.
913 1723 950 1750 et
968 1713 1114 1752 Vidov.
1384 1714 1562 1763 excursus.

199 1776 334 1811 Turio.
366 1773 470 1808 Flor.
502 1771 660 1821 recursus
690 1785 779 1806 cum
800 1771 904 1807 Alm.
1095 1783 1225 1805 omnes
1245 1769 1371 1819 causas
1392 1781 1562 1818 paratus.

201 1831 335 1867 Turio.
360 1831 480 1865 omnis
504 1829 612 1877 causa
627 1828 788 1876 stratas,
819 1842 838 1863 a
857 1829 925 1864 sec.
946 1841 1065 1862 manu
1097 1828 1198 1862 omni
1218 1826 1331 1874 c0scr.
1363 1827 1562 1864 Palatinus

203 1886 407 1924 Gebhardi
439 1899 472 1920 o.
497 1900 525 1920 c.
541 1884 698 1933 seratas.
736 1884 840 1921 Flor.
862 1884 902 1930 (a
917 1898 977 1933 pr.
1002 1885 1074 1926 m.)
1108 1897 1142 1921 0.
1164 1897 1190 1918 c.
1215 1892 1347 1923 erutas,
1380 1897 1398 1918 a
1422 1885 1490 1920 sec.
1511 1898 1564 1921 m.

200 1958 235 1981 o.
261 1958 290 1979 c.
311 1952 454 1991 gratus,
487 1953 524 1977 et
546 1942 597 1976 fic
620 1940 748 1977 Guelf.
774 1942 905 1991 Camp.
931 1954 1020 1976 cum
1046 1939 1164 1976 Goth.
1175 1937 1225 1991 {et
1248 1939 1333 1975 edd.
1359 1951 1444 1976 ante
1467 1940 1565 1977 Obr.

203 2056 406 2093 Paradoxa
437 2055 507 2091 effe
540 2055 713 2102 ejusdem
739 2068 854 2104 gene·

201 2114 279 2154 ris,
305 2127 401 2162 quae
425 2123 462 2147 et
483 2112 562 2160 ipsa
581 2123 756 2148 maturus
776 2113 854 2159 jam

201 2180 238 2206 et
257 2169 477 2221 honoribus
500 2167 700 2204 defunctus
713 2169 853 2210 Cicero

202 2227 392 2262 tractavit.

268 2293 328 2319 12.
360 2279 554 2330 destructio
586 2288 622 2315 et
655 2281 852 2329 confirma-

204 2343 257 2376 tio
272 2339 554 2388 sententiarum.
605 2338 853 2375 Transfertur

203 2397 251 2431 ad
290 2396 491 2431 sententias
534 2405 571 2428 et
609 2394 759 2430 decreta
803 2396 850 2432 ab

203 2452 433 2488 hominibus
461 2451 659 2499 proposita
678 2451 719 2485 id
744 2452 852 2500 quod

203 2509 378 2557 usurpari
424 2506 584 2557 proprie
624 2506 768 2543 solebat
805 2509 852 2544 de

202 2566 318 2601 rebus
342 2564 516 2600 narratis.
569 2564 852 2601 Narrationum

204 2623 308 2657 enim
330 2623 490 2671 proprie
514 2620 563 2654 est
595 2619 770 2664 ἆνασκευῆ
793 2621 855 2656 καῖ

201 2677 413 2722 κατασκευὴ.
471 2677 658 2712 Gesnerus
691 2677 746 2725 ad·
775 2691 853 2719 eos,

264 2736 368 2772 Tom.
400 2735 469 2771 IV.

913 2069 1012 2105 quos
1045 2054 1308 2090 indicavimus
1336 2063 1382 2094 2,
1416 2059 1463 2096 4,
1499 2060 1562 2098 ¹8·

911 2113 1019 2148 addit
1035 2111 1240 2147 Theonem
1259 2111 1301 2145 in
1321 2122 1561 2159 progymnn.

910 2183 949 2219 p.
973 2170 1163 2206 Camerar.
1187 2167 1251 2211 64.
1284 2168 1385 2215 seqq.
1418 2168 1460 2202 111
1482 2168 1561 2202 sen-

911 2227 1054 2267 tentia,
1098 2238 1194 2273 quae
1227 2223 1277 2259 est
1306 2224 1351 2258 de
1384 2236 1424 2258 re
1455 2223 1561 2270 judi·

913 2283 1042 2324 cium,
1074 2281 1166 2316 sieri
1185 2280 1307 2329 potest
1324 2280 1429 2314 idem
1454 2280 1561 2328 quod

911 2340 954 2375 in
973 2340 1074 2375 facto
1096 2348 1262 2377 narrato,
1301 2336 1407 2384 quod
1429 2336 1478 2370 est
1499 2349 1561 2372 res

909 2396 999 2445 ipsa.
1061 2395 1189 2433 Idem,
1223 2394 1291 2440 qui
1306 2392 1383 2426 hoc
1412 2404 1560 2434 monet,

911 2454 1098 2488 Gesnerus
1125 2449 1276 2497 ablegat
1295 2449 1341 2482 ad
1361 2455 1399 2492 8,
1423 2458 1461 2492 3,
1493 2460 1562 2486 21.

911 2519 955 2544 ut
996 2506 1175 2555 destruere
1220 2505 1439 2540 ostendatur
1489 2506 1560 2542 effe

909 2565 1085 2613 refutare.

968 2623 1040 2657 loci
1061 2632 1278 2659 communes,
1294 2616 1560 2668 'quos—scri·

909 2689 1006 2727 ptos.
1040 2677 1086 2712 cf.
1102 2685 1138 2717 2,
1165 2683 1202 2719 4,
1234 2685 1301 2719 27.
1330 2681 1369 2722 4,
1401 2684 1438 2718 2,
1466 2685 1558 2718 ιι7.
