<?xml version="1.0" encoding="UTF-8"?>
<!DOCTYPE html PUBLIC "-//W3C//DTD XHTML 1.0 Transitional//EN"
    "http://www.w3.org/TR/xhtml1/DTD/xhtml1-transitional.dtd">
<html xmlns="http://www.w3.org/1999/xhtml" xml:lang="en" lang="en">
 <head>
  <title>
</title>
<meta http-equiv="Content-Type" content="text/html;charset=utf-8" />
  <meta name='ocr-system' content='tesseract 3.04.00' />
  <meta name='ocr-capabilities' content='ocr_page ocr_carea ocr_par ocr_line ocrx_word'/>
</head>
<body>
  <div class='ocr_page' id='page_1' title='image "./deinstitutioneor04quinuoft_0351.png"; bbox 0 0 1779 3062; ppageno 0'>
   <div class='ocr_carea' id='block_1_1' title="bbox 438 150 1523 243">
    <p class='ocr_par' dir='ltr' id='par_1_1' title="bbox 438 150 1523 243">
     <span class='ocr_line' id='line_1_1' title="bbox 438 150 1523 243; baseline 0.003 -25"><span class='ocrx_word' id='word_1_1' title='bbox 438 171 597 218; x_wconf 74' lang='lat' dir='ltr'>1Ns&#39;r.</span> <span class='ocrx_word' id='word_1_2' title='bbox 636 171 913 219; x_wconf 77' lang='lat' dir='ltr'><strong>ORATOR.</strong></span> <span class='ocrx_word' id='word_1_3' title='bbox 949 174 1069 220; x_wconf 77' lang='lat' dir='ltr'>Lm.</span> <span class='ocrx_word' id='word_1_4' title='bbox 1109 175 1204 231; x_wconf 86' lang='lat' dir='ltr'>XI,</span> <span class='ocrx_word' id='word_1_5' title='bbox 1236 187 1284 220; x_wconf 83' lang='lat'>2.</span> <span class='ocrx_word' id='word_1_6' title='bbox 1428 150 1523 243; x_wconf 27' lang='lat'><strong>32⁴5</strong></span> 
     </span>
    </p>
   </div>
   <div class='ocr_carea' id='block_1_2' title="bbox 882 266 901 284">
    <p class='ocr_par' dir='ltr' id='par_1_2' title="bbox 882 266 901 284">
     <span class='ocr_line' id='line_1_2' title="bbox 882 266 901 284; baseline 0 0"><span class='ocrx_word' id='word_1_7' title='bbox 882 266 901 284; x_wconf 69' lang='lat' dir='ltr'><em>l</em></span> 
     </span>
    </p>
   </div>
   <div class='ocr_carea' id='block_1_3' title="bbox 181 288 1596 1439">
    <p class='ocr_par' dir='ltr' id='par_1_3' title="bbox 181 288 1596 1439">
     <span class='ocr_line' id='line_1_3' title="bbox 189 288 1523 364; baseline 0.001 -13"><span class='ocrx_word' id='word_1_8' title='bbox 189 311 266 352; x_wconf 82' lang='lat' dir='ltr'>rat</span> <span class='ocrx_word' id='word_1_9' title='bbox 289 298 580 357; x_wconf 84' lang='lat' dir='ltr'><strong>firmitatis,</strong></span> <span class='ocrx_word' id='word_1_10' title='bbox 619 297 729 348; x_wconf 81' lang='lat' dir='ltr'>sive</span> <span class='ocrx_word' id='word_1_11' title='bbox 753 299 1029 363; x_wconf 82' lang='lat' dir='ltr'>requiescit</span> <span class='ocrx_word' id='word_1_12' title='bbox 1052 302 1202 351; x_wconf 87' lang='lat' dir='ltr'>labor</span> <span class='ocrx_word' id='word_1_13' title='bbox 1224 303 1340 361; x_wconf 88' lang='lat' dir='ltr'>ille,</span> <span class='ocrx_word' id='word_1_14' title='bbox 1373 288 1523 364; x_wconf 84' lang='lat' dir='ltr'>cujus</span> 
     </span>
     <span class='ocr_line' id='line_1_4' title="bbox 186 374 1523 443; baseline 0.001 -16"><span class='ocrx_word' id='word_1_15' title='bbox 186 378 284 427; x_wconf 82' lang='lat' dir='ltr'>sibi</span> <span class='ocrx_word' id='word_1_16' title='bbox 321 374 429 442; x_wconf 83' lang='lat' dir='ltr'>ipsa</span> <span class='ocrx_word' id='word_1_17' title='bbox 452 374 686 442; x_wconf 85' lang='lat' dir='ltr'>fatigatio</span> <span class='ocrx_word' id='word_1_18' title='bbox 725 375 979 435; x_wconf 85' lang='lat' dir='ltr'>obstabat,</span> <span class='ocrx_word' id='word_1_19' title='bbox 1018 377 1128 426; x_wconf 78' lang='lat' dir='ltr'>sive</span> <span class='ocrx_word' id='word_1_20' title='bbox 1154 382 1523 443; x_wconf 78' lang='lat' dir='ltr'>concoquitur,</span> 
     </span>
     <span class='ocr_line' id='line_1_5' title="bbox 187 452 1522 522; baseline 0.003 -21"><span class='ocrx_word' id='word_1_21' title='bbox 187 453 278 502; x_wconf 85' lang='lat' dir='ltr'>seu</span> <span class='ocrx_word' id='word_1_22' title='bbox 314 463 632 511; x_wconf 82' lang='lat' dir='ltr'>maturatur,</span> <span class='ocrx_word' id='word_1_23' title='bbox 673 469 806 518; x_wconf 86' lang='lat' dir='ltr'>quae</span> <span class='ocrx_word' id='word_1_24' title='bbox 833 452 1118 502; x_wconf 74' lang='lat' dir='ltr'>firmissima</span> <span class='ocrx_word' id='word_1_25' title='bbox 1149 460 1259 517; x_wconf 76' lang='lat' dir='ltr'>ejus</span> <span class='ocrx_word' id='word_1_26' title='bbox 1284 474 1401 522; x_wconf 81' lang='lat' dir='ltr'>pars</span> <span class='ocrx_word' id='word_1_27' title='bbox 1434 455 1522 515; x_wconf 84' lang='lat' dir='ltr'>est,</span> 
     </span>
     <span class='ocr_line' id='line_1_6' title="bbox 184 528 1522 601; baseline 0.001 -21"><span class='ocrx_word' id='word_1_28' title='bbox 184 530 506 601; x_wconf 77' lang='lat' dir='ltr'>recordatio:</span> <span class='ocrx_word' id='word_1_29' title='bbox 550 546 683 595; x_wconf 90' lang='lat' dir='ltr'>quae</span> <span class='ocrx_word' id='word_1_30' title='bbox 714 528 884 578; x_wconf 83' lang='lat' dir='ltr'>statim</span> <span class='ocrx_word' id='word_1_31' title='bbox 915 529 1100 579; x_wconf 84' lang='lat' dir='ltr'>referri</span> <span class='ocrx_word' id='word_1_32' title='bbox 1131 550 1241 581; x_wconf 90' lang='lat' dir='ltr'>non</span> <span class='ocrx_word' id='word_1_33' title='bbox 1262 543 1522 598; x_wconf 80' lang='lat' dir='ltr'>poterant,</span> 
     </span>
     <span class='ocr_line' id='line_1_7' title="bbox 187 605 1522 673; baseline 0.001 -18"><span class='ocrx_word' id='word_1_34' title='bbox 187 617 541 657; x_wconf 85' lang='lat' dir='ltr'>contexuntur</span> <span class='ocrx_word' id='word_1_35' title='bbox 578 605 783 673; x_wconf 83' lang='lat' dir='ltr'>postera</span> <span class='ocrx_word' id='word_1_36' title='bbox 811 606 922 664; x_wconf 85' lang='lat' dir='ltr'>die,</span> <span class='ocrx_word' id='word_1_37' title='bbox 981 606 1366 672; x_wconf 76' lang='lat' dir='ltr'>confirmatque</span> <span class='ocrx_word' id='word_1_38' title='bbox 1412 627 1522 658; x_wconf 88' lang='lat' dir='ltr'>me-</span> 
     </span>
     <span class='ocr_line' id='line_1_8' title="bbox 183 682 1521 748; baseline 0.001 -15"><span class='ocrx_word' id='word_1_39' title='bbox 183 685 409 734; x_wconf 83' lang='lat' dir='ltr'>moriam</span> <span class='ocrx_word' id='word_1_40' title='bbox 428 683 573 732; x_wconf 87' lang='lat' dir='ltr'>idem</span> <span class='ocrx_word' id='word_1_41' title='bbox 589 682 729 732; x_wconf 79' lang='lat' dir='ltr'>illud</span> <span class='ocrx_word' id='word_1_42' title='bbox 751 693 980 748; x_wconf 85' lang='lat' dir='ltr'>tempus,</span> <span class='ocrx_word' id='word_1_43' title='bbox 1005 684 1150 748; x_wconf 91' lang='lat' dir='ltr'>quod</span> <span class='ocrx_word' id='word_1_44' title='bbox 1170 683 1268 732; x_wconf 82' lang='lat' dir='ltr'>effe</span> <span class='ocrx_word' id='word_1_45' title='bbox 1291 686 1350 733; x_wconf 87' lang='lat' dir='ltr'>in</span> <span class='ocrx_word' id='word_1_46' title='bbox 1372 685 1521 735; x_wconf 82' lang='lat' dir='ltr'>causa</span> 
     </span>
     <span class='ocr_line' id='line_1_9' title="bbox 185 759 1596 825; baseline 0.001 -16"><span class='ocrx_word' id='word_1_47' title='bbox 185 759 318 809; x_wconf 81' lang='lat' dir='ltr'>solet</span> <span class='ocrx_word' id='word_1_48' title='bbox 340 760 642 809; x_wconf 86' lang='lat' dir='ltr'>oblivionis.</span> <span class='ocrx_word' id='word_1_49' title='bbox 682 761 852 809; x_wconf 84' lang='lat' dir='ltr'>Etiam</span> <span class='ocrx_word' id='word_1_50' title='bbox 873 761 963 807; x_wconf 85' lang='lat' dir='ltr'>illa</span> <span class='ocrx_word' id='word_1_51' title='bbox 985 762 1267 825; x_wconf 80' lang='lat' dir='ltr'>praevelox</span> <span class='ocrx_word' id='word_1_52' title='bbox 1286 760 1396 810; x_wconf 81' lang='lat' dir='ltr'>fere</span> <span class='ocrx_word' id='word_1_53' title='bbox 1415 764 1519 812; x_wconf 92' lang='lat' dir='ltr'>cito</span> <span class='ocrx_word' id='word_1_54' title='bbox 1541 772 1596 816; x_wconf 75' lang='grc'>44</span> 
     </span>
     <span class='ocr_line' id='line_1_10' title="bbox 187 834 1522 902; baseline 0.001 -17"><span class='ocrx_word' id='word_1_55' title='bbox 187 836 385 895; x_wconf 83' lang='lat' dir='ltr'>effluit,</span> <span class='ocrx_word' id='word_1_56' title='bbox 422 848 487 895; x_wconf 87' lang='lat' dir='ltr'>et,</span> <span class='ocrx_word' id='word_1_57' title='bbox 522 838 672 885; x_wconf 88' lang='lat' dir='ltr'>velut</span> <span class='ocrx_word' id='word_1_58' title='bbox 693 836 951 902; x_wconf 80' lang='lat' dir='ltr'>praesenti</span> <span class='ocrx_word' id='word_1_59' title='bbox 975 834 1154 887; x_wconf 86' lang='lat' dir='ltr'>officio</span> <span class='ocrx_word' id='word_1_60' title='bbox 1177 837 1357 886; x_wconf 84' lang='lat' dir='ltr'>functa</span> <span class='ocrx_word' id='word_1_61' title='bbox 1383 839 1522 887; x_wconf 81' lang='lat' dir='ltr'>nihil</span> 
     </span>
     <span class='ocr_line' id='line_1_11' title="bbox 184 912 1519 979; baseline 0 -16"><span class='ocrx_word' id='word_1_62' title='bbox 184 916 244 963; x_wconf 86' lang='lat' dir='ltr'>in</span> <span class='ocrx_word' id='word_1_63' title='bbox 264 912 533 979; x_wconf 88' lang='lat' dir='ltr'>posterum</span> <span class='ocrx_word' id='word_1_64' title='bbox 557 913 756 971; x_wconf 85' lang='lat' dir='ltr'>debeat,</span> <span class='ocrx_word' id='word_1_65' title='bbox 788 924 1035 978; x_wconf 83' lang='lat' dir='ltr'>tanquam</span> <span class='ocrx_word' id='word_1_66' title='bbox 1058 913 1259 962; x_wconf 81' lang='lat' dir='ltr'>dimiffa</span> <span class='ocrx_word' id='word_1_67' title='bbox 1283 915 1519 963; x_wconf 78' lang='lat' dir='ltr'>discedit.</span> 
     </span>
     <span class='ocr_line' id='line_1_12' title="bbox 182 989 1521 1056; baseline 0 -17"><span class='ocrx_word' id='word_1_68' title='bbox 182 992 299 1039; x_wconf 90' lang='lat' dir='ltr'>Nec</span> <span class='ocrx_word' id='word_1_69' title='bbox 333 989 406 1037; x_wconf 88' lang='lat' dir='ltr'>est</span> <span class='ocrx_word' id='word_1_70' title='bbox 435 991 650 1047; x_wconf 87' lang='lat' dir='ltr'>mirum,</span> <span class='ocrx_word' id='word_1_71' title='bbox 685 991 850 1055; x_wconf 85' lang='lat' dir='ltr'>magis</span> <span class='ocrx_word' id='word_1_72' title='bbox 887 990 1103 1039; x_wconf 85' lang='lat' dir='ltr'>haerere</span> <span class='ocrx_word' id='word_1_73' title='bbox 1138 993 1348 1050; x_wconf 86' lang='lat' dir='ltr'>animo,</span> <span class='ocrx_word' id='word_1_74' title='bbox 1386 1009 1521 1056; x_wconf 86' lang='lat' dir='ltr'>quae</span> 
     </span>
     <span class='ocr_line' id='line_1_13' title="bbox 181 1065 1523 1133; baseline 0.001 -18"><span class='ocrx_word' id='word_1_75' title='bbox 181 1065 387 1116; x_wconf 84' lang='lat' dir='ltr'>diutius</span> <span class='ocrx_word' id='word_1_76' title='bbox 410 1065 555 1115; x_wconf 80' lang='lat' dir='ltr'>affixa</span> <span class='ocrx_word' id='word_1_77' title='bbox 573 1065 687 1114; x_wconf 79' lang='lat' dir='ltr'>sint.</span> <span class='ocrx_word' id='word_1_78' title='bbox 762 1070 840 1115; x_wconf 79' lang='lat' dir='ltr'>Ex</span> <span class='ocrx_word' id='word_1_79' title='bbox 860 1067 957 1115; x_wconf 86' lang='lat' dir='ltr'>hac</span> <span class='ocrx_word' id='word_1_80' title='bbox 977 1068 1319 1133; x_wconf 85' lang='lat' dir='ltr'>ingeniorum</span> <span class='ocrx_word' id='word_1_81' title='bbox 1346 1067 1523 1116; x_wconf 79' lang='lat' dir='ltr'>diver-</span> 
     </span>
     <span class='ocr_line' id='line_1_14' title="bbox 181 1141 1523 1217; baseline 0.001 -25"><span class='ocrx_word' id='word_1_82' title='bbox 181 1142 326 1192; x_wconf 82' lang='lat' dir='ltr'>sitate</span> <span class='ocrx_word' id='word_1_83' title='bbox 348 1153 468 1192; x_wconf 86' lang='lat' dir='ltr'>nata</span> <span class='ocrx_word' id='word_1_84' title='bbox 487 1143 748 1193; x_wconf 86' lang='lat' dir='ltr'>dubitatio</span> <span class='ocrx_word' id='word_1_85' title='bbox 770 1143 857 1201; x_wconf 83' lang='lat' dir='ltr'>est,</span> <span class='ocrx_word' id='word_1_86' title='bbox 878 1145 952 1192; x_wconf 78' lang='lat' dir='ltr'>ad</span> <span class='ocrx_word' id='word_1_87' title='bbox 973 1141 1281 1217; x_wconf 73' lang='lat' dir='ltr'>verbzmzsit</span> <span class='ocrx_word' id='word_1_88' title='bbox 1301 1141 1523 1216; x_wconf 49' lang='lat' dir='ltr'>ediscen-</span> 
     </span>
     <span class='ocr_line' id='line_1_15' title="bbox 184 1221 1522 1286; baseline 0 -19"><span class='ocrx_word' id='word_1_89' title='bbox 184 1222 305 1268; x_wconf 84' lang='lat' dir='ltr'>dum</span> <span class='ocrx_word' id='word_1_90' title='bbox 335 1221 573 1277; x_wconf 74' lang='lat' dir='ltr'>dicturis,</span> <span class='ocrx_word' id='word_1_91' title='bbox 611 1238 680 1267; x_wconf 82' lang='lat' dir='ltr'>cm</span> <span class='ocrx_word' id='word_1_92' title='bbox 711 1223 818 1269; x_wconf 76' lang='lat' dir='ltr'>vim</span> <span class='ocrx_word' id='word_1_93' title='bbox 842 1222 988 1269; x_wconf 87' lang='lat' dir='ltr'>modo</span> <span class='ocrx_word' id='word_1_94' title='bbox 1014 1238 1183 1269; x_wconf 73' lang='lat' dir='ltr'>rerum</span> <span class='ocrx_word' id='word_1_95' title='bbox 1204 1233 1362 1286; x_wconf 72' lang='lat' dir='ltr'>atque</span> <span class='ocrx_word' id='word_1_96' title='bbox 1385 1223 1522 1270; x_wconf 76' lang='lat' dir='ltr'>ordi-</span> 
     </span>
     <span class='ocr_line' id='line_1_16' title="bbox 184 1291 1520 1366; baseline 0.001 -21"><span class='ocrx_word' id='word_1_97' title='bbox 184 1315 296 1345; x_wconf 82' lang='lat' dir='ltr'>nem</span> <span class='ocrx_word' id='word_1_98' title='bbox 319 1296 581 1360; x_wconf 75' lang='lat' dir='ltr'>complecti</span> <span class='ocrx_word' id='word_1_99' title='bbox 598 1291 846 1366; x_wconf 71' lang='lat' dir='ltr'>satisfit:</span> <span class='ocrx_word' id='word_1_100' title='bbox 865 1295 930 1344; x_wconf 80' lang='lat' dir='ltr'>cle</span> <span class='ocrx_word' id='word_1_101' title='bbox 953 1314 1062 1360; x_wconf 91' lang='lat' dir='ltr'>quo</span> <span class='ocrx_word' id='word_1_102' title='bbox 1086 1296 1197 1344; x_wconf 85' lang='lat' dir='ltr'>sine</span> <span class='ocrx_word' id='word_1_103' title='bbox 1218 1298 1386 1347; x_wconf 85' lang='lat' dir='ltr'>dubio</span> <span class='ocrx_word' id='word_1_104' title='bbox 1407 1315 1520 1347; x_wconf 91' lang='lat' dir='ltr'>non</span> 
     </span>
     <span class='ocr_line' id='line_1_17' title="bbox 184 1370 1593 1439; baseline -0.001 -16"><span class='ocrx_word' id='word_1_105' title='bbox 184 1371 352 1439; x_wconf 84' lang='lat' dir='ltr'>potest</span> <span class='ocrx_word' id='word_1_106' title='bbox 374 1374 432 1422; x_wconf 91' lang='lat' dir='ltr'>in</span> <span class='ocrx_word' id='word_1_107' title='bbox 456 1370 766 1422; x_wconf 70' lang='lat' dir='ltr'>universum</span> <span class='ocrx_word' id='word_1_108' title='bbox 789 1374 1148 1438; x_wconf 78' lang='lat' dir='ltr'>pronunciari.</span> <span class='ocrx_word' id='word_1_109' title='bbox 1189 1375 1330 1424; x_wconf 84' lang='lat' dir='ltr'>Nam</span> <span class='ocrx_word' id='word_1_110' title='bbox 1350 1373 1390 1422; x_wconf 79' lang='lat' dir='ltr'><strong>fi</strong></span> <span class='ocrx_word' id='word_1_111' title='bbox 1408 1392 1517 1422; x_wconf 87' lang='lat' dir='ltr'>me-</span> <span class='ocrx_word' id='word_1_112' title='bbox 1543 1394 1593 1434; x_wconf 76' lang='lat'>45</span> 
     </span>
    </p>
   </div>
   <div class='ocr_carea' id='block_1_4' title="bbox 172 1516 1523 2520">
    <p class='ocr_par' dir='ltr' id='par_1_4' title="bbox 172 1516 1523 2128">
     <span class='ocr_line' id='line_1_18' title="bbox 183 1516 1518 1568; baseline -0.001 -14"><span class='ocrx_word' id='word_1_113' title='bbox 183 1518 316 1554; x_wconf 81' lang='lat' dir='ltr'>Turio.</span> <span class='ocrx_word' id='word_1_114' title='bbox 344 1517 446 1554; x_wconf 71' lang='lat' dir='ltr'>flor.</span> <span class='ocrx_word' id='word_1_115' title='bbox 475 1519 623 1555; x_wconf 78' lang='lat' dir='ltr'>dictum.</span> <span class='ocrx_word' id='word_1_116' title='bbox 845 1518 1045 1568; x_wconf 79' lang='lat' dir='ltr'>requiescit.</span> <span class='ocrx_word' id='word_1_117' title='bbox 1079 1518 1140 1554; x_wconf 87' lang='lat' dir='ltr'>Sic</span> <span class='ocrx_word' id='word_1_118' title='bbox 1171 1517 1305 1554; x_wconf 85' lang='lat' dir='ltr'>Ambr.</span> <span class='ocrx_word' id='word_1_119' title='bbox 1332 1525 1368 1552; x_wconf 85' lang='lat'>2.</span> <span class='ocrx_word' id='word_1_120' title='bbox 1399 1516 1518 1553; x_wconf 88' lang='lat' dir='ltr'>Goth.</span> 
     </span>
     <span class='ocr_line' id='line_1_19' title="bbox 181 1572 1519 1623; baseline -0.004 -11"><span class='ocrx_word' id='word_1_121' title='bbox 181 1575 280 1613; x_wconf 83' lang='lat' dir='ltr'>Jens.</span> <span class='ocrx_word' id='word_1_122' title='bbox 309 1572 400 1619; x_wconf 80' lang='lat' dir='ltr'>(tac.</span> <span class='ocrx_word' id='word_1_123' title='bbox 427 1575 555 1620; x_wconf 86' lang='lat' dir='ltr'>Gesn.)</span> <span class='ocrx_word' id='word_1_124' title='bbox 583 1575 714 1622; x_wconf 81' lang='lat' dir='ltr'>Camp.</span> <span class='ocrx_word' id='word_1_125' title='bbox 737 1576 931 1609; x_wconf 79' lang='lat' dir='ltr'>cum-edd.</span> <span class='ocrx_word' id='word_1_126' title='bbox 954 1586 1039 1610; x_wconf 84' lang='lat' dir='ltr'>ante</span> <span class='ocrx_word' id='word_1_127' title='bbox 1057 1573 1167 1610; x_wconf 75' lang='lat' dir='ltr'>Basil.</span> <span class='ocrx_word' id='word_1_128' title='bbox 1187 1576 1328 1623; x_wconf 78' lang='lat' dir='ltr'>requies</span> <span class='ocrx_word' id='word_1_129' title='bbox 1348 1586 1427 1607; x_wconf 86' lang='lat' dir='ltr'>cum</span> <span class='ocrx_word' id='word_1_130' title='bbox 1439 1573 1519 1607; x_wconf 90' lang='lat' dir='ltr'>Tu-</span> 
     </span>
     <span class='ocr_line' id='line_1_20' title="bbox 181 1629 1519 1680; baseline -0.002 -15"><span class='ocrx_word' id='word_1_131' title='bbox 181 1631 252 1665; x_wconf 84' lang='lat' dir='ltr'>ric.</span> <span class='ocrx_word' id='word_1_132' title='bbox 274 1629 376 1666; x_wconf 71' lang='lat' dir='ltr'>Flor.</span> <span class='ocrx_word' id='word_1_133' title='bbox 401 1643 490 1665; x_wconf 89' lang='lat' dir='ltr'>cum</span> <span class='ocrx_word' id='word_1_134' title='bbox 513 1631 614 1666; x_wconf 84' lang='lat' dir='ltr'>Alm.</span> <span class='ocrx_word' id='word_1_135' title='bbox 644 1629 805 1678; x_wconf 85' lang='lat' dir='ltr'>Reliqui</span> <span class='ocrx_word' id='word_1_136' title='bbox 825 1630 985 1679; x_wconf 72' lang='lat' dir='ltr'>quiescit.</span> <span class='ocrx_word' id='word_1_137' title='bbox 1161 1629 1245 1680; x_wconf 80' lang='lat' dir='ltr'>sive</span> <span class='ocrx_word' id='word_1_138' title='bbox 1271 1630 1519 1678; x_wconf 78' lang='lat' dir='ltr'>concoquitur,</span> 
     </span>
     <span class='ocr_line' id='line_1_21' title="bbox 172 1683 1519 1736; baseline -0.001 -15"><span class='ocrx_word' id='word_1_139' title='bbox 172 1685 243 1736; x_wconf 85' lang='lat' dir='ltr'>seu</span> <span class='ocrx_word' id='word_1_140' title='bbox 268 1695 484 1728; x_wconf 79' lang='lat' dir='ltr'>maturatur,</span> <span class='ocrx_word' id='word_1_141' title='bbox 517 1701 608 1736; x_wconf 81' lang='lat' dir='ltr'>quae</span> <span class='ocrx_word' id='word_1_142' title='bbox 630 1685 735 1733; x_wconf 82' lang='lat' dir='ltr'>firm.</span> <span class='ocrx_word' id='word_1_143' title='bbox 785 1687 847 1722; x_wconf 89' lang='lat' dir='ltr'>Sic</span> <span class='ocrx_word' id='word_1_144' title='bbox 868 1687 1001 1722; x_wconf 77' lang='lat' dir='ltr'>Turic-</span> <span class='ocrx_word' id='word_1_145' title='bbox 1023 1686 1127 1724; x_wconf 85' lang='lat' dir='ltr'>Flor.</span> <span class='ocrx_word' id='word_1_146' title='bbox 1149 1688 1223 1723; x_wconf 83' lang='lat' dir='ltr'>nisi</span> <span class='ocrx_word' id='word_1_147' title='bbox 1245 1686 1352 1734; x_wconf 83' lang='lat' dir='ltr'>quod</span> <span class='ocrx_word' id='word_1_148' title='bbox 1372 1699 1419 1720; x_wconf 81' lang='lat' dir='ltr'>ex</span> <span class='ocrx_word' id='word_1_149' title='bbox 1441 1683 1519 1720; x_wconf 85' lang='lat' dir='ltr'>hoc</span> 
     </span>
     <span class='ocr_line' id='line_1_22' title="bbox 179 1739 1520 1792; baseline -0.001 -15"><span class='ocrx_word' id='word_1_150' title='bbox 179 1755 260 1777; x_wconf 88' lang='lat' dir='ltr'>non</span> <span class='ocrx_word' id='word_1_151' title='bbox 287 1743 454 1778; x_wconf 79' lang='lat' dir='ltr'>refertur</span> <span class='ocrx_word' id='word_1_152' title='bbox 483 1757 586 1792; x_wconf 81' lang='lat' dir='ltr'>quae.</span> <span class='ocrx_word' id='word_1_153' title='bbox 618 1741 820 1791; x_wconf 78' lang='lat' dir='ltr'>Reliquis.</span> <span class='ocrx_word' id='word_1_154' title='bbox 846 1752 1051 1779; x_wconf 78' lang='lat' dir='ltr'>maturatur</span> <span class='ocrx_word' id='word_1_155' title='bbox 1071 1755 1179 1792; x_wconf 74' lang='lat' dir='ltr'>atque</span> <span class='ocrx_word' id='word_1_156' title='bbox 1199 1744 1436 1792; x_wconf 65' lang='lat' dir='ltr'>concoquitur</span> <span class='ocrx_word' id='word_1_157' title='bbox 1449 1739 1520 1789; x_wconf 78' lang='lat' dir='ltr'>seu</span> 
     </span>
     <span class='ocr_line' id='line_1_23' title="bbox 173 1795 1520 1847; baseline -0.001 -15"><span class='ocrx_word' id='word_1_158' title='bbox 173 1797 397 1847; x_wconf 69' lang='lat' dir='ltr'>firmfflma,</span> <span class='ocrx_word' id='word_1_159' title='bbox 429 1812 508 1833; x_wconf 83' lang='lat' dir='ltr'>exc.</span> <span class='ocrx_word' id='word_1_160' title='bbox 532 1800 663 1846; x_wconf 87' lang='lat' dir='ltr'>Camp.</span> <span class='ocrx_word' id='word_1_161' title='bbox 689 1798 758 1846; x_wconf 83' lang='lat' dir='ltr'>qui</span> <span class='ocrx_word' id='word_1_162' title='bbox 777 1799 819 1833; x_wconf 85' lang='lat' dir='ltr'>in</span> <span class='ocrx_word' id='word_1_163' title='bbox 843 1800 1024 1834; x_wconf 85' lang='lat' dir='ltr'>extremis</span> <span class='ocrx_word' id='word_1_164' title='bbox 1051 1800 1157 1834; x_wconf 82' lang='lat' dir='ltr'>hisce</span> <span class='ocrx_word' id='word_1_165' title='bbox 1169 1798 1250 1846; x_wconf 82' lang='lat' dir='ltr'>sive</span> <span class='ocrx_word' id='word_1_166' title='bbox 1270 1799 1367 1844; x_wconf 77' lang='lat' dir='ltr'>quod</span> <span class='ocrx_word' id='word_1_167' title='bbox 1378 1795 1520 1845; x_wconf 69' lang='lat' dir='ltr'>firmis-</span> 
     </span>
     <span class='ocr_line' id='line_1_24' title="bbox 175 1852 1521 1903; baseline 0.001 -15"><span class='ocrx_word' id='word_1_168' title='bbox 175 1853 296 1902; x_wconf 84' lang='lat' dir='ltr'>sima;</span> <span class='ocrx_word' id='word_1_169' title='bbox 327 1865 364 1889; x_wconf 85' lang='lat' dir='ltr'>et</span> <span class='ocrx_word' id='word_1_170' title='bbox 384 1856 481 1893; x_wconf 83' lang='lat' dir='ltr'>Jens.</span> <span class='ocrx_word' id='word_1_171' title='bbox 506 1868 548 1889; x_wconf 81' lang='lat' dir='ltr'>ac</span> <span class='ocrx_word' id='word_1_172' title='bbox 570 1856 735 1903; x_wconf 75' lang='lat' dir='ltr'>coquitur</span> <span class='ocrx_word' id='word_1_173' title='bbox 762 1866 850 1889; x_wconf 88' lang='lat' dir='ltr'>cum</span> <span class='ocrx_word' id='word_1_174' title='bbox 874 1855 958 1889; x_wconf 87' lang='lat' dir='ltr'>edd.</span> <span class='ocrx_word' id='word_1_175' title='bbox 978 1854 1136 1902; x_wconf 84' lang='lat' dir='ltr'>posterr.</span> <span class='ocrx_word' id='word_1_176' title='bbox 1159 1865 1245 1889; x_wconf 70' lang='lat' dir='ltr'>aute</span> <span class='ocrx_word' id='word_1_177' title='bbox 1264 1852 1352 1889; x_wconf 90' lang='lat' dir='ltr'>Ald.</span> <span class='ocrx_word' id='word_1_178' title='bbox 1376 1854 1454 1897; x_wconf 86' lang='lat' dir='ltr'>(cf.</span> <span class='ocrx_word' id='word_1_179' title='bbox 1478 1859 1521 1897; x_wconf 82' lang='lat'>8,</span> 
     </span>
     <span class='ocr_line' id='line_1_25' title="bbox 187 1905 1518 1959; baseline 0.001 -15"><span class='ocrx_word' id='word_1_180' title='bbox 187 1916 223 1952; x_wconf 73' lang='grc'>4,</span> <span class='ocrx_word' id='word_1_181' title='bbox 259 1906 349 1956; x_wconf 72' lang='grc' dir='ltr'>ιδ.)</span> <span class='ocrx_word' id='word_1_182' title='bbox 387 1911 482 1945; x_wconf 85' lang='lat' dir='ltr'>item</span> <span class='ocrx_word' id='word_1_183' title='bbox 523 1910 641 1945; x_wconf 87' lang='lat' dir='ltr'>Goth.</span> <span class='ocrx_word' id='word_1_184' title='bbox 672 1909 754 1958; x_wconf 75' lang='lat' dir='ltr'>sive</span> <span class='ocrx_word' id='word_1_185' title='bbox 783 1912 1031 1959; x_wconf 76' lang='lat' dir='ltr'>concoquitur.</span> <span class='ocrx_word' id='word_1_186' title='bbox 1269 1905 1416 1956; x_wconf 78' lang='lat' dir='ltr'>postera</span> <span class='ocrx_word' id='word_1_187' title='bbox 1446 1909 1518 1945; x_wconf 78' lang='lat' dir='ltr'>die.</span> 
     </span>
     <span class='ocr_line' id='line_1_26' title="bbox 185 1963 1518 2014; baseline -0.002 -12"><span class='ocrx_word' id='word_1_188' title='bbox 185 1968 318 2014; x_wconf 80' lang='lat' dir='ltr'>Camp.</span> <span class='ocrx_word' id='word_1_189' title='bbox 340 1964 482 2014; x_wconf 77' lang='lat' dir='ltr'>postero</span> <span class='ocrx_word' id='word_1_190' title='bbox 503 1967 535 2001; x_wconf 76' lang='lat' dir='ltr'>d.</span> <span class='ocrx_word' id='word_1_191' title='bbox 558 1979 644 2000; x_wconf 83' lang='lat' dir='ltr'>eum</span> <span class='ocrx_word' id='word_1_192' title='bbox 668 1965 754 2000; x_wconf 84' lang='lat' dir='ltr'>Ald.</span> <span class='ocrx_word' id='word_1_193' title='bbox 774 1965 863 2000; x_wconf 82' lang='lat' dir='ltr'>Bad.</span> <span class='ocrx_word' id='word_1_194' title='bbox 883 1965 991 2000; x_wconf 75' lang='lat' dir='ltr'>Basil.</span> <span class='ocrx_word' id='word_1_195' title='bbox 1013 1964 1162 2013; x_wconf 71' lang='lat' dir='ltr'>Gryph.</span> <span class='ocrx_word' id='word_1_196' title='bbox 1185 1964 1287 2000; x_wconf 85' lang='lat' dir='ltr'>Gibs.</span> <span class='ocrx_word' id='word_1_197' title='bbox 1302 1965 1398 1999; x_wconf 79' lang='lat' dir='ltr'>Obr.</span> <span class='ocrx_word' id='word_1_198' title='bbox 1415 1963 1518 2000; x_wconf 74' lang='lat' dir='ltr'>noll.</span> 
     </span>
     <span class='ocr_line' id='line_1_27' title="bbox 185 2020 1523 2071; baseline -0.001 -13"><span class='ocrx_word' id='word_1_199' title='bbox 185 2023 232 2058; x_wconf 85' lang='lat' dir='ltr'>cf.</span> <span class='ocrx_word' id='word_1_200' title='bbox 253 2022 289 2061; x_wconf 81' lang='grc'>6,</span> <span class='ocrx_word' id='word_1_201' title='bbox 312 2031 348 2064; x_wconf 84' lang='lat'>5,</span> <span class='ocrx_word' id='word_1_202' title='bbox 370 2035 435 2070; x_wconf 81' lang='lat'>90.</span> <span class='ocrx_word' id='word_1_203' title='bbox 485 2024 584 2057; x_wconf 84' lang='lat' dir='ltr'>Mox</span> <span class='ocrx_word' id='word_1_204' title='bbox 601 2021 823 2069; x_wconf 72' lang='lat' dir='ltr'>confirmant</span> <span class='ocrx_word' id='word_1_205' title='bbox 848 2036 941 2071; x_wconf 81' lang='lat' dir='ltr'>quae</span> <span class='ocrx_word' id='word_1_206' title='bbox 961 2021 1093 2057; x_wconf 81' lang='lat' dir='ltr'>Turic.</span> <span class='ocrx_word' id='word_1_207' title='bbox 1119 2020 1245 2058; x_wconf 83' lang='lat' dir='ltr'>Guelf.</span> <span class='ocrx_word' id='word_1_208' title='bbox 1289 2020 1413 2056; x_wconf 84' lang='lat' dir='ltr'>Modo</span> <span class='ocrx_word' id='word_1_209' title='bbox 1434 2034 1523 2056; x_wconf 77' lang='lat' dir='ltr'>con·</span> 
     </span>
     <span class='ocr_line' id='line_1_28' title="bbox 184 2077 985 2128; baseline -0.001 -14"><span class='ocrx_word' id='word_1_210' title='bbox 184 2087 321 2114; x_wconf 75' lang='lat' dir='ltr'>textum</span> <span class='ocrx_word' id='word_1_211' title='bbox 343 2079 475 2128; x_wconf 79' lang='lat' dir='ltr'>Camp.</span> <span class='ocrx_word' id='word_1_212' title='bbox 496 2079 589 2113; x_wconf 84' lang='lat' dir='ltr'>item</span> <span class='ocrx_word' id='word_1_213' title='bbox 611 2077 745 2124; x_wconf 77' lang='lat' dir='ltr'>referre</span> <span class='ocrx_word' id='word_1_214' title='bbox 766 2091 851 2112; x_wconf 82' lang='lat' dir='ltr'>cum</span> <span class='ocrx_word' id='word_1_215' title='bbox 877 2079 985 2113; x_wconf 75' lang='lat' dir='ltr'>Rufe.</span> 
     </span>
    </p>

    <p class='ocr_par' dir='ltr' id='par_1_5' title="bbox 183 2132 1522 2520">
     <span class='ocr_line' id='line_1_29' title="bbox 271 2132 1519 2182; baseline -0.001 -13"><span class='ocrx_word' id='word_1_216' title='bbox 271 2142 334 2179; x_wconf 72' lang='grc'>44.</span> <span class='ocrx_word' id='word_1_217' title='bbox 368 2132 427 2181; x_wconf 82' lang='lat' dir='ltr'>est,</span> <span class='ocrx_word' id='word_1_218' title='bbox 450 2135 499 2169; x_wconf 80' lang='lat' dir='ltr'>ad</span> <span class='ocrx_word' id='word_1_219' title='bbox 518 2134 675 2170; x_wconf 69' lang='lat' dir='ltr'>verbum.</span> <span class='ocrx_word' id='word_1_220' title='bbox 707 2134 768 2168; x_wconf 85' lang='lat' dir='ltr'>Sic</span> <span class='ocrx_word' id='word_1_221' title='bbox 788 2135 917 2169; x_wconf 83' lang='lat' dir='ltr'>Turic.</span> <span class='ocrx_word' id='word_1_222' title='bbox 931 2134 1063 2169; x_wconf 79' lang='lat' dir='ltr'>Ambr.</span> <span class='ocrx_word' id='word_1_223' title='bbox 1079 2145 1114 2169; x_wconf 86' lang='lat'>2.</span> <span class='ocrx_word' id='word_1_224' title='bbox 1138 2134 1270 2182; x_wconf 80' lang='lat' dir='ltr'>Camp.</span> <span class='ocrx_word' id='word_1_225' title='bbox 1294 2146 1381 2168; x_wconf 88' lang='lat' dir='ltr'>cum</span> <span class='ocrx_word' id='word_1_226' title='bbox 1399 2133 1519 2170; x_wconf 84' lang='lat' dir='ltr'>Goth.</span> 
     </span>
     <span class='ocr_line' id='line_1_30' title="bbox 183 2190 1519 2238; baseline -0.001 -12"><span class='ocrx_word' id='word_1_227' title='bbox 183 2191 279 2232; x_wconf 82' lang='lat' dir='ltr'>Vall.</span> <span class='ocrx_word' id='word_1_228' title='bbox 298 2191 402 2228; x_wconf 71' lang='lat' dir='ltr'>Voss&#39;.</span> <span class='ocrx_word' id='word_1_229' title='bbox 431 2206 465 2226; x_wconf 84' lang='lat'>1.</span> <span class='ocrx_word' id='word_1_230' title='bbox 486 2199 522 2234; x_wconf 79' lang='lat'>5.</span> <span class='ocrx_word' id='word_1_231' title='bbox 543 2192 580 2235; x_wconf 86' lang='lat' dir='ltr'>(e</span> <span class='ocrx_word' id='word_1_232' title='bbox 601 2190 702 2227; x_wconf 79' lang='lat' dir='ltr'>Voss&#39;.</span> <span class='ocrx_word' id='word_1_233' title='bbox 726 2199 763 2227; x_wconf 81' lang='lat'>2.</span> <span class='ocrx_word' id='word_1_234' title='bbox 796 2191 954 2225; x_wconf 70' lang='lat' dir='ltr'>affertur</span> <span class='ocrx_word' id='word_1_235' title='bbox 974 2205 1020 2226; x_wconf 84' lang='lat' dir='ltr'>an</span> <span class='ocrx_word' id='word_1_236' title='bbox 1043 2190 1272 2234; x_wconf 69' lang='lat' dir='ltr'>adverbium.)</span> <span class='ocrx_word' id='word_1_237' title='bbox 1295 2191 1404 2226; x_wconf 77' lang='lat' dir='ltr'>Gesn.</span> <span class='ocrx_word' id='word_1_238' title='bbox 1431 2191 1519 2238; x_wconf 83' lang='lat' dir='ltr'>Bip.</span> 
     </span>
     <span class='ocr_line' id='line_1_31' title="bbox 184 2246 1517 2296; baseline -0.002 -13"><span class='ocrx_word' id='word_1_239' title='bbox 184 2246 231 2296; x_wconf 78' lang='lat' dir='ltr'>est</span> <span class='ocrx_word' id='word_1_240' title='bbox 253 2262 298 2283; x_wconf 86' lang='lat' dir='ltr'>an</span> <span class='ocrx_word' id='word_1_241' title='bbox 320 2263 354 2284; x_wconf 86' lang='lat' dir='ltr'>v.</span> <span class='ocrx_word' id='word_1_242' title='bbox 387 2246 515 2283; x_wconf 76' lang='lat' dir='ltr'>Guelf.</span> <span class='ocrx_word' id='word_1_243' title='bbox 539 2259 626 2282; x_wconf 84' lang='lat' dir='ltr'>cum</span> <span class='ocrx_word' id='word_1_244' title='bbox 649 2246 745 2284; x_wconf 83' lang='lat' dir='ltr'>Jens.</span> <span class='ocrx_word' id='word_1_245' title='bbox 772 2247 887 2283; x_wconf 75' lang='lat' dir='ltr'>Tarv.</span> <span class='ocrx_word' id='word_1_246' title='bbox 915 2247 1076 2295; x_wconf 81' lang='lat' dir='ltr'>Reliqui</span> <span class='ocrx_word' id='word_1_247' title='bbox 1096 2261 1126 2282; x_wconf 81' lang='lat' dir='ltr'>e.</span> <span class='ocrx_word' id='word_1_248' title='bbox 1147 2261 1193 2281; x_wconf 82' lang='lat' dir='ltr'>an</span> <span class='ocrx_word' id='word_1_249' title='bbox 1216 2247 1266 2282; x_wconf 77' lang='lat' dir='ltr'>ad</span> <span class='ocrx_word' id='word_1_250' title='bbox 1287 2260 1321 2282; x_wconf 82' lang='lat' dir='ltr'>v.</span> <span class='ocrx_word' id='word_1_251' title='bbox 1346 2259 1517 2294; x_wconf 87' lang='lat' dir='ltr'>quorum</span> 
     </span>
     <span class='ocr_line' id='line_1_32' title="bbox 183 2303 1518 2351; baseline -0.001 -13"><span class='ocrx_word' id='word_1_252' title='bbox 183 2304 287 2339; x_wconf 77' lang='lat' dir='ltr'>Flor·</span> <span class='ocrx_word' id='word_1_253' title='bbox 324 2304 393 2339; x_wconf 83' lang='lat' dir='ltr'>effe</span> <span class='ocrx_word' id='word_1_254' title='bbox 424 2303 556 2337; x_wconf 84' lang='lat' dir='ltr'>mirer.</span> <span class='ocrx_word' id='word_1_255' title='bbox 585 2305 719 2338; x_wconf 78' lang='lat' dir='ltr'>Burm.</span> <span class='ocrx_word' id='word_1_256' title='bbox 751 2303 921 2338; x_wconf 73' lang='lat' dir='ltr'>nostrum</span> <span class='ocrx_word' id='word_1_257' title='bbox 942 2303 1111 2351; x_wconf 81' lang='lat' dir='ltr'>probans</span> <span class='ocrx_word' id='word_1_258' title='bbox 1138 2303 1299 2338; x_wconf 69' lang='lat' dir='ltr'>debebat</span> <span class='ocrx_word' id='word_1_259' title='bbox 1321 2303 1518 2350; x_wconf 76' lang='lat' dir='ltr'>recipere3</span> 
     </span>
     <span class='ocr_line' id='line_1_33' title="bbox 186 2358 1519 2408; baseline -0.001 -14"><span class='ocrx_word' id='word_1_260' title='bbox 186 2359 235 2397; x_wconf 84' lang='lat' dir='ltr'>cf.</span> <span class='ocrx_word' id='word_1_261' title='bbox 261 2367 295 2402; x_wconf 87' lang='grc'>5,</span> <span class='ocrx_word' id='word_1_262' title='bbox 322 2369 384 2402; x_wconf 76' lang='lat'>13,</span> <span class='ocrx_word' id='word_1_263' title='bbox 410 2373 425 2394; x_wconf 90' lang='lat'>1</span> <span class='ocrx_word' id='word_1_264' title='bbox 439 2372 472 2393; x_wconf 84' lang='lat'>1.</span> <span class='ocrx_word' id='word_1_265' title='bbox 504 2359 626 2394; x_wconf 85' lang='lat' dir='ltr'>Modo</span> <span class='ocrx_word' id='word_1_266' title='bbox 647 2358 764 2395; x_wconf 80' lang='lat' dir='ltr'>Goth.</span> <span class='ocrx_word' id='word_1_267' title='bbox 785 2359 873 2408; x_wconf 83' lang='lat' dir='ltr'>(tac.</span> <span class='ocrx_word' id='word_1_268' title='bbox 887 2360 1015 2403; x_wconf 73' lang='lat' dir='ltr'>GeLn.)</span> <span class='ocrx_word' id='word_1_269' title='bbox 1036 2360 1166 2407; x_wconf 78' lang='lat' dir='ltr'>Camp.</span> <span class='ocrx_word' id='word_1_270' title='bbox 1188 2359 1374 2407; x_wconf 69' lang='lat' dir='ltr'>percelox.</span> <span class='ocrx_word' id='word_1_271' title='bbox 1389 2358 1519 2393; x_wconf 83' lang='lat' dir='ltr'>Guelf.</span> 
     </span>
     <span class='ocr_line' id='line_1_34' title="bbox 187 2412 1522 2463; baseline 0.001 -14"><span class='ocrx_word' id='word_1_272' title='bbox 187 2415 333 2450; x_wconf 84' lang='lat' dir='ltr'>omittit</span> <span class='ocrx_word' id='word_1_273' title='bbox 364 2415 535 2455; x_wconf 75' lang='lat' dir='ltr'>discedit,</span> <span class='ocrx_word' id='word_1_274' title='bbox 567 2415 658 2450; x_wconf 83' lang='lat' dir='ltr'>item</span> <span class='ocrx_word' id='word_1_275' title='bbox 689 2428 783 2450; x_wconf 76' lang='lat' dir='ltr'>mox</span> <span class='ocrx_word' id='word_1_276' title='bbox 809 2412 929 2463; x_wconf 75' lang='lat' dir='ltr'>potest</span> <span class='ocrx_word' id='word_1_277' title='bbox 956 2416 1058 2450; x_wconf 81' lang='lat' dir='ltr'>inter</span> <span class='ocrx_word' id='word_1_278' title='bbox 1087 2428 1158 2450; x_wconf 81' lang='lat' dir='ltr'>non</span> <span class='ocrx_word' id='word_1_279' title='bbox 1184 2417 1291 2450; x_wconf 79' lang='lat' dir='ltr'>etin.</span> <span class='ocrx_word' id='word_1_280' title='bbox 1321 2415 1456 2451; x_wconf 83' lang='lat' dir='ltr'>Ambr.</span> <span class='ocrx_word' id='word_1_281' title='bbox 1481 2425 1522 2450; x_wconf 81' lang='grc'>2.</span> 
     </span>
     <span class='ocr_line' id='line_1_35' title="bbox 186 2469 1197 2520; baseline 0 -15"><span class='ocrx_word' id='word_1_282' title='bbox 186 2471 356 2507; x_wconf 76' lang='lat' dir='ltr'>dicturus.</span> <span class='ocrx_word' id='word_1_283' title='bbox 380 2470 496 2507; x_wconf 81' lang='lat' dir='ltr'>Goth.</span> <span class='ocrx_word' id='word_1_284' title='bbox 516 2469 611 2519; x_wconf 80' lang='lat' dir='ltr'>satis</span> <span class='ocrx_word' id='word_1_285' title='bbox 632 2469 694 2519; x_wconf 78' lang='lat' dir='ltr'>est,</span> <span class='ocrx_word' id='word_1_286' title='bbox 726 2472 831 2520; x_wconf 82' lang='lat' dir='ltr'>quod</span> <span class='ocrx_word' id='word_1_287' title='bbox 858 2472 905 2507; x_wconf 84' lang='lat' dir='ltr'>cf.</span> <span class='ocrx_word' id='word_1_288' title='bbox 934 2472 981 2506; x_wconf 84' lang='lat' dir='ltr'>ad</span> <span class='ocrx_word' id='word_1_289' title='bbox 1002 2478 1040 2518; x_wconf 79' lang='grc'>4,</span> <span class='ocrx_word' id='word_1_290' title='bbox 1073 2484 1104 2512; x_wconf 87' lang='lat'>1,</span> <span class='ocrx_word' id='word_1_291' title='bbox 1133 2478 1197 2516; x_wconf 80' lang='lat'>28.</span> 
     </span>
    </p>
   </div>
   <div class='ocr_carea' id='block_1_5' title="bbox 183 2591 1524 2756">
    <p class='ocr_par' dir='ltr' id='par_1_6' title="bbox 183 2591 1524 2756">
     <span class='ocr_line' id='line_1_36' title="bbox 245 2591 1521 2644; baseline 0.001 -17"><span class='ocrx_word' id='word_1_292' title='bbox 245 2599 308 2637; x_wconf 81' lang='lat'>45.</span> <span class='ocrx_word' id='word_1_293' title='bbox 340 2607 432 2642; x_wconf 82' lang='lat' dir='ltr'>quae</span> <span class='ocrx_word' id='word_1_294' title='bbox 450 2591 582 2641; x_wconf 77' lang='lat' dir='ltr'>statim</span> <span class='ocrx_word' id='word_1_295' title='bbox 599 2612 657 2622; x_wconf 76' lang='lat'>—-—</span> <span class='ocrx_word' id='word_1_296' title='bbox 675 2593 820 2643; x_wconf 76' lang='lat' dir='ltr'>postera</span> <span class='ocrx_word' id='word_1_297' title='bbox 879 2595 1007 2644; x_wconf 77' lang='lat' dir='ltr'>referri</span> <span class='ocrx_word' id='word_1_298' title='bbox 1036 2593 1272 2642; x_wconf 79' lang='lat' dir='ltr'>interpretor</span> <span class='ocrx_word' id='word_1_299' title='bbox 1300 2592 1521 2641; x_wconf 74' lang='lat' dir='ltr'>lingulatim</span> 
     </span>
     <span class='ocr_line' id='line_1_37' title="bbox 184 2650 1524 2700; baseline 0.001 -15"><span class='ocrx_word' id='word_1_300' title='bbox 184 2651 254 2686; x_wconf 62' lang='lat' dir='ltr'>dir.</span> <span class='ocrx_word' id='word_1_301' title='bbox 287 2652 390 2685; x_wconf 76' lang='lat' dir='ltr'>Haec</span> <span class='ocrx_word' id='word_1_302' title='bbox 414 2650 821 2698; x_wconf 72' lang='lat' dir='ltr'>epiphonematisloco</span> <span class='ocrx_word' id='word_1_303' title='bbox 879 2652 1023 2700; x_wconf 78' lang='lat' dir='ltr'>repeti,</span> <span class='ocrx_word' id='word_1_304' title='bbox 1055 2653 1199 2685; x_wconf 61' lang='lat' dir='ltr'>contexi</span> <span class='ocrx_word' id='word_1_305' title='bbox 1226 2650 1410 2685; x_wconf 85' lang='lat' dir='ltr'>continuo</span> <span class='ocrx_word' id='word_1_306' title='bbox 1439 2663 1524 2687; x_wconf 71' lang='lat' dir='ltr'>ora-</span> 
     </span>
     <span class='ocr_line' id='line_1_38' title="bbox 183 2706 1421 2756; baseline 0.001 -15"><span class='ocrx_word' id='word_1_307' title='bbox 183 2707 470 2755; x_wconf 80' lang='lat' dir='ltr'>[ubjunguntur</span> <span class='ocrx_word' id='word_1_308' title='bbox 501 2720 571 2756; x_wconf 81' lang='lat' dir='ltr'>per</span> <span class='ocrx_word' id='word_1_309' title='bbox 603 2708 822 2755; x_wconf 80' lang='lat' dir='ltr'>asyndeton.</span> <span class='ocrx_word' id='word_1_310' title='bbox 882 2709 1002 2744; x_wconf 76' lang='lat' dir='ltr'>tionis</span> <span class='ocrx_word' id='word_1_311' title='bbox 1025 2706 1183 2741; x_wconf 80' lang='lat' dir='ltr'>flumine</span> <span class='ocrx_word' id='word_1_312' title='bbox 1206 2707 1421 2742; x_wconf 79' lang='lat' dir='ltr'>decurrere.</span> 
     </span>
    </p>
   </div>
  </div>
 </body>
</html>
