1779 3062
265 181 365 213 210
589 168 663 213 M.
696 166 831 214 ΕΑΒ.
871 169 1290 232 QUINTILIANI

267 293 523 362 paulatim
569 291 728 342 simul
769 305 950 345 euntes
993 297 1288 362 aptabimus
1340 297 1486 354 vela,
1564 306 1617 345 et

269 372 615 435 disponemus
647 370 916 430 rudentes,
956 383 1007 420 et
1040 374 1255 439 impleri
1287 371 1434 422 sinus
1471 383 1617 438 opta-

270 447 464 496 bimus.
543 446 604 495 Id
638 449 831 514 potius,
872 466 1031 513 quam
1053 448 1102 497 se
1134 449 1282 498 inani
1322 450 1617 499 verborum

272 524 498 571 torrenti
520 522 657 581 dare,
681 523 825 588 quafi
847 524 1259 591 tempestatibus,
1287 517 1396 589 quo
1419 527 1619 583 volent,

202 617 251 656 24
275 599 638 649 auferendum.
717 600 818 649 Sed
853 619 964 651 non
1001 604 1209 651 minore
1245 600 1420 650 studio
1454 602 1622 650 conti-

267 676 581 725 ·neturhaec
600 675 836 736 facultas,
879 696 1038 743 quam
1059 688 1282 743 paratur.
1331 673 1456 726 'Ars
1478 679 1622 725 enim
1682 742 1684 744 v

273 752 437 801 'semel
468 764 740 818 percepta,
790 772 903 803 non
946 755 1167 804 labitur:
1219 753 1369 803 stilus
1403 770 1622 818 quoque

276 828 649 879 intermistione
688 832 970 896 paululum
1006 830 1298 881 admodum
1340 829 1405 878 de
1441 830 1623 878 celeri-

364 962 638 1011 aptabimus—
649 964 895 1012 dIsponemus.
921 966 1052 1001 Turio.
1064 964 1168 1000 Flor.
1183 963 1265 1006 (hic
1289 978 1308 997 a
1328 976 1386 1011 pr.
1401 963 1472 1007 m.)
1486 965 1624 1012 aptari-
1697 1010 1700 1012 -

279 1020 672 1066 :nus—disponifflus.
801 1056 804 1060 ,
831 1024 967 1068 potius.
1001 1021 1132 1057 Turio.
1166 1019 1270 1055 Flor-
1297 1019 1425 1055 Guelf.
1456 1021 1625 1069 protinus

280 1088 370 1110 cum
390 1076 497 1112 Voff.
525 1089 558 1110 1.
583 1086 618 1109 2.
643 1085 679 1120 5.
712 1077 810 1120 (non
833 1077 949 1112 Goth.
981 1078 1027 1113 cf.
1057 1090 1118 1117 ιο,
1152 1086 1189 1120 3,
1224 1076 1305 1123 18.)

281 1131 399 1166 Goth.
433 1133 524 1166 mari
563 1145 650 1167 cum
675 1132 778 1170 Voff.
801 1143 836 1169 2.
1061 1146 1132 1181 quo
1164 1132 1303 1167 volent.
1345 1132 1474 1167 Turio.
1518 1130 1621 1167 flor.

281 1187 409 1222 Guelf.
442 1189 573 1235 Camp.
602 1190 664 1237 qui
684 1203 717 1224 v.
750 1201 838 1222 cum
860 1188 962 1224 Voss‘.
990 1202 1024 1222 1.
1050 1197 1086 1231 3.
1120 1188 1218 1225 Van.
1251 1187 1332 1235 (sed
1352 1188 1454 1224 Voff.
1479 1196 1515 1222 2.
1545 1200 1626 1222 nou

279 1246 549 1289 memoratur)
605 1255 643 1279 et
688 1244 773 1279 edd.
824 1254 908 1278 ante
953 1243 1046 1280 Bad.
1118 1244 1190 1280 Sed
1228 1257 1322 1279 mox
1363 1244 1495 1291 Camp.
1537 1242 1627 1278 Ald.

271 1297 505 1346 “aufer-entur.

372 1361 437 1399 24.
475 1366 661 1403 percepta.
700 1355 804 1392 flor.
851 1353 891 1400 (a
915 1356 981 1392 sec.
1005 1359 1076 1401 m.)
1127 1356 1255 1392 Guelf.
1301 1365 1499 1405 praecepta
1541 1367 1630 1390 cum

280 1410 401 1447 Goth.
445 1412 610 1449 Vols-2.
652 1415 774 1448 Stoer.
818 1411 985 1448 Chouet.
1026 1413 1136 1449 Leid.
1376 1426 1451 1447 non
1479 1411 1628 1447 labitur.

283 1468 416 1504 Turio.
451 1467 555 1503 Flor.
599 1467 726 1504 Guelf.
760 1469 891 1516 Camp.
933 1483 967 1504 n,
1001 1471 1144 1517 capitur
1173 1483 1262 1505 cum
1296 1469 1414 1505 Goth.
1457 1468 1562 1506 Voff.
1592 1477 1629 1502 2.

281 1525 396 1559 Bern.
426 1523 526 1559 vall.
561 1535 596 1558 et
619 1524 702 1560 edd.
735 1536 819 1559 ante
842 1525 933 1561 Bad.
965 1527 1031 1562 [ec.
1060 1527 1122 1562 sed
1141 1526 1251 1562 Baffl.
1283 1540 1317 1561 n.
1342 1526 1498 1573 rapitur.
1532 1524 1629 1560 Obr.

285 1594 388 1614 mora
422 1580 447 1614 l.
480 1580 592 1615 Unde
626 1580 670 1615 sit
697 1581 888 1622 nostrum,
927 1582 1104 1617 nondum
1132 1582 1298 1630 reperio.
1354 1582 1493 1628 Neque
1526 1580 1632 1615 enim

283 1635 387 1674 Voss'.
424 1649 458 1670 1.
491 1644 544 1679 5.,
582 1637 650 1684 qui
679 1647 862 1677 tacentur,
890 1638 1066 1673 vindices
1108 1638 1222 1672 credo
1253 1637 1371 1684 hujus
1412 1637 1632 1685 scripturae.

285 1694 429 1739 capitur
469 1692 547 1726 dici
578 1693 681 1740 poffe
713 1705 758 1727 eo
798 1692 1012 1733 intellectu,
1046 1706 1124 1741 quo
1167 1704 1294 1741 captos
1331 1694 1464 1733 oculis,
1499 1702 1630 1733 mente,

285 1748 456 1782 membris
486 1749 725 1796 usurpemus,
761 1749 790 1782 si
816 1749 904 1797 quis
925 1749 1115 1790 defendat,
1149 1762 1236 1784 eum
1258 1749 1485 1785 auctoritate
1506 1761 1632 1783 carere

1509 1077 1623 1111 inani.

284 1815 386 1840 recte
419 1815 553 1840 monet
581 1805 782 1841 Gesnerus.

284 1917 389 1953 apte·
418 1905 496 1941 huc
543 1906 705 1941 advocat
753 1905 931 1941 GaUaeus

284 1962 367 1997 loca
379 1961 598 2009 Virgiliana
610 1962 751 2009 Georg.
773 1970 810 2002 2,
835 1971 856 2004 3
868 1976 883 1997 1
893 1971 930 1997 2.

284 2025 377 2061 552.
392 2027 429 2061 5.
443 2020 487 2051 In
504 2017 575 2053 hac
601 2020 752 2066 egregia
771 2017 929 2066 quidem

281 2074 558 2114 similitudine,
587 2075 778 2121 insignem
802 2085 929 2109 tamen

282 2143 451 2166 naevum
519 2131 681 2178 agnosco
736 2130 927 2164 incuriam

283 2185 414 2228 illam,
455 2199 527 2234 qua
554 2186 597 2222 in
628 2186 733 2221 idem
762 2185 928 2221 verbum

281 2243 441 2289 aptandi
470 2243 597 2278 noster
630 2240 828 2277 relabitur.
879 2241 925 2277 cf.

281 2301 315 2346 §-
341 2309 379 2343 7.

340 2364 404 2397 24.
454 2353 527 2388 Ars
556 2372 611 2380 —
643 2367 718 2389 non
776 2353 924 2389 labitur.

280 2411 453 2444 Maxime
485 2409 633 2444 accedit
662 2409 756 2444 huic
775 2409 926 2444 labendi

278 2465 535 2513 significatui,
591 2466 696 2514 quod
734 2465 925 2500 ministrat

277 2520 520 2556 ForcelLinus
559 2533 606 2557 ex
633 2521 808 2569 Virgilio
840 2520 922 2556 Ecl.

277 2589 322 2617 1,
366 2578 429 2620 64.
477 2577 548 2612 ubi
587 2577 736 2612 labatur
765 2577 924 2613 Servius

1015 1807 1218 1854 paululum.
1262 1806 1324 1841 Sic
1356 1805 1489 1841 Turio.
1526 1803 1631 1840 Plor.

989 1907 1182 1954 quidquid
1214 1907 1257 1941 in
1292 1906 1422 1941 animo
1462 1917 1544 1940 non
1585 1904 1636 1940 est

986 1963 1148 1997 firmum
1171 1974 1234 1998 aut
1254 1973 1416 2003 rectum,
1448 1961 1576 1997 labare
1598 1972 1637 1997 et

985 2032 1080 2054 mox
1101 2019 1178 2054 labi
1207 2019 1373 2059 dicitur,
1403 2019 1446 2053 in
1475 2030 1553 2065 quo
1583 2017 1635 2053 est

987 2075 1137 2110 errandi
1163 2074 1338 2122 potestas.
1368 2073 1490 2112 Velut
1513 2073 1635 2109 ovid.

985 2132 1078 2165 Fast.
1108 2145 1142 2172 ι,
1180 2142 1268 2177 190.
1316 2132 1432 2171 „Pars
1456 2129 1558 2164 mihi
1585 2130 1633 2164 de

984 2186 1102 2226 „festo
1123 2199 1170 2220 ne
1196 2186 1299 2221 labet
1318 2185 1397 2220 ulla
1424 2190 1534 2220 tuo-‘⁶
1568 2186 1634 2220 Est

987 2243 1101 2277 etiam
1124 2242 1202 2276 labi
1224 2243 1455 2282 evanescere,
1469 2251 1513 2276 ut
1531 2241 1633 2291 apud

985 2299 1075 2332 Stat.
1111 2297 1234 2333 Theb.
1265 2303 1310 2340 4,
1359 2298 1451 2341 645.
1520 2297 1633 2333 Alius

986 2354 1036 2387 est
1065 2354 1216 2401 generis
1250 2364 1286 2388 et
1318 2352 1435 2401 longe
1476 2353 1633 2402 expedi-

983 2410 1057 2444 tius
1085 2408 1182 2445 Plin.
1206 2409 1340 2457 Epifit.
1365 2420 1401 2450 2,
1428 2418 1464 2452 5,
1491 2416 1526 2453 4.
1554 2422 1632 2450 „ne

981 2465 1130 2506 „verbo
1157 2466 1314 2513 quidem
1330 2465 1508 2502 labitur.“
1521 2466 1631 2501 Cete-

981 2534 1069 2556 rum
1090 2522 1230 2568 gradus
1253 2521 1323 2556 effe
1345 2522 1387 2556 in
1411 2521 1516 2556 hisce
1540 2521 1628 2556 uni-

982 2577 1122 2625 cuique
1143 2576 1252 2612 facile
1274 2586 1448 2626 apparet;
1478 2590 1535 2611 ars
1556 2576 1626 2612 fir-

270 2632 637 2681 1·eddit‚,respuatur
654 2632 719 2668 vel
734 2633 915 2669 oblivioni
970 2632 1134 2677 miffime
1159 2633 1283 2674 durat,
1313 2631 1416 2668 stilus
1440 2633 1518 2680 ipse
1544 2644 1626 2667 non

270 2689 567 2729 „tradc1cur.“1n
585 2701 724 2739 genere
742 2689 913 2739 quidem,
969 2688 1141 2725 multum
1169 2690 1300 2725 damni
1320 2688 1479 2738 'accipit
1515 2701 1535 2724 a
1559 2687 1623 2724 de·
