1779 3062
222 153 318 185 100

540 141 616 186 Μ.
648 140 780 189 FAB.
818 143 1235 205 QUINTlLIANl

222 278 400 316 tamen
435 267 563 315 haec
585 269 763 316 omnia
789 269 920 317 mira
957 268 1225 327 sermonis,
1271 273 1422 328 cuius
1449 287 1574 335 pro·

141 358 218 395 ¹15
233 347 348 411 prie
384 342 647 393 studiosus
677 343 807 403 fuit,
866 346 1132 411 elegantia.

1225 347 1461 395 Multum
1489 349 1574 395 in-

222 422 368 487 genii
410 421 470 470 in
501 421 702 479 Coelio,
764 432 816 470 et
860 424 1143 488 praecipue
1175 424 1232 470 in
1279 422 1570 472 accusando

222 499 392 549 multa
423 497 707 555 urbanitas,
749 498 1052 563 dignusque
1085 501 1183 556 vir,
1225 500 1310 547 cui
1346 509 1571 548 etffmens

223 574 442 632 melior,

510 584 562 622 et
594 575 701 622 vita
728 575 943 639 longior
978 573 1280 639 contigiffet.

1380 577 1572 623 Inveni

227 652 326 715 qui
355 650 578 700 Calvum
600 649 923 716 praeferrent
954 653 1220 709 omnibus,
1257 652 1444 699 inveni
1475 652 1572 714 qui

228 727 476 786 Ciceroni
508 727 803 785 crederent,
836 745 959 777 eum
992 730 1158 778 nimia
1191 737 1371 777 contra
1398 725 1449 774 se
1486 744 1662 788 εει-9ης

321 900 414 938 115.
446 891 649 942 accusando
680 894 810 930 multa.
843 895 977 930 Turio.
1007 893 1110 929 flor.
1143 897 1178 938 (a
1212 907 1270 942 pr.
1305 906 1356 928 m.
1388 894 1570 941 uterque)

227 950 431 999 accusanda
453 960 566 986 muta.

229 1008 390 1044 omittit.

228 1157 300 1179 nus
319 1142 451 1179 locum
473 1142 683 1177 Livianum
705 1151 779 1188 59,
810 1148 874 1184 50.

229 1210 325 1234 extr.
390 1199 615 1233 Dicebantur
671 1199 767 1232 enim
828 1197 873 1231 ab

228 1256 359 1290 eodem
397 1256 521 1289 animo
562 1256 802 1301 ingenioque,
853 1269 876 1287 a

230 1325 302 1360 quo
356 1307 459 1358 gesta
504 1319 631 1349 erant‚·
689 1309 753 1344 cui
795 1309 875 1357 ipse

229 1366 420 1402 medelam
463 1366 562 1400 hanc
591 1367 725 1400 afferre
763 1377 876 1399 cona·

230 1433 316 1458 tur:
350 1423 384 1458 cl.
412 1437 442 1458 e.
475 1423 522 1458 ab
547 1434 602 1462 eo,
636 1422 764 1457 eodem
791 1435 825 1456 a.
849 1423 874 1457 i.

230 1493 302 1528 quo
323 1492 412 1528 g.e.,
434 1479 576 1514 merito
598 1490 678 1512 non
697 1489 874 1524 receptus

229 1549 250 1569 a
281 1534 614 1573 Drakenboreho,
653 1546 874 1580 quanquam

227 1591 422 1639 judicium
438 1591 548 1625 suum
577 1599 735 1624 tacente.
795 1588 874 1623 Sal-

227 1657 307 1682 tem
368 1648 409 1683 in
465 1645 749 1680 Burmanniana
806 1644 874 1679 illa

229 1702 499 1738 emendatione
519 1716 540 1736 a
555 1714 626 1750 quo
647 1714 726 1736 non
745 1700 785 1734 in
802 1714 872 1747 quo

228 1758 370 1806 refingi
393 1758 575 1796 debebat,
604 1757 667 1792 sed
685 1757 726 1791 in
751 1765 871 1804 atque.

229 1815 316 1850 Alia
338 1815 383 1849 de
405 1815 554 1849 Caesare
575 1813 756 1848 sententia
777 1813 872 1847 Dia-

228 1870 313 1918 logi
333 1870 378 1905 de
399 1883 475 1906 orr.
509 1883 540 1905 c.
565 1880 628 1905 21.

288 1928 388 1972 cujus
456 1927 606 1974 proprie
678 1923 870 1974 studiosus.

229 1983 460 2019 Tentantem
486 1983 627 2030 proprii
652 1983 871 2024 Gehoerum,

229 2051 273 2074 nt
308 2038 539 2087 fignificetur
573 2038 704 2073 Caesar
746 2040 871 2075 omnis

225 2095 451 2130 insolentiae
488 2094 641 2129 dicendi
670 2095 871 2142 impatien-

227 2151 389 2186 tiffimus
406 2151 470 2195 (cf.
483 2149 579 2185 Gell.
595 2151 643 2185 N.
657 2152 701 2185 A.
721 2166 754 2190 ι,
775 2153 869 2197 10.)‚

225 2207 390 2255 probare
410 2220 490 2242 non
515 2207 679 2254 poffum.
728 2207 868 2242 Verius

225 2262 384 2299 videtur
439 2263 546 2311 quod
580 2263 658 2310 ipse
699 2262 865 2308 subjicit,

224 2322 375 2368 proprie
408 2319 614 2354 studiosum
639 2319 709 2354 effe
729 2319 767 2352 in
789 2318 868 2366 pri-

225 2375 300 2410 mis
348 2386 385 2411 et
425 2375 594 2410 maxime
644 2375 864 2410 studiosum.

224 2431 358 2466 Tacita
388 2431 536 2466 mentio
560 2431 656 2467 inest
674 2430 867 2466 librorum

225 2486 271 2521 de
302 2485 497 2535 analogia,
533 2488 579 2522 de
615 2487 756 2535 quibus
774 2486 866 2521 vide

922 2203 1140 2250 ,‚perdel)at.

923 2261 1091 2304 „lamnia
1104 2286 1114 2300 ,

792 952 1004 999 dignusque.
1038 951 1169 985 Turic-
1193 964 1212 984 a
1233 963 1290 998 pr.
1315 964 1366 984 m.
1389 948 1571 997 copulam

623 1007 751 1042 Inveni
775 1020 836 1034 ’--
874 1004 1053 1045 Ciceroni.
1097 1008 1229 1042 Turic.
1278 999 1314 1041 ai
1353 1005 1419 1050 (cf.
1457 1007 1572 1054 109.)

930 1140 1121 1181 ,‚hib‹2ns,
1168 1140 1483 1175 consuetudinem
1513 1137 1574 1175 vi·

930 1198 1093 1238 „tiosam
1125 1207 1162 1230 et
1203 1207 1446 1244 corruptam,
1478 1208 1574 1244 pura

932 1264 999 1293 „et
1031 1252 1258 1299 incorrupta
1299 1252 1575 1288 consuetudine

931 1306 1180 1350 „emendatss‘

995 1371 1085 1406 115.
1116 1365 1152 1397 in
1185 1363 1323 1399 Coelio.
1355 1363 1447 1399 vide
1469 1369 1506 1407 4,
1538 1374 1575 1406 1,

938 1429 1029 1463 123.

991 1476 1156 1512 Calvum.
1213 1475 1303 1510 vide
1334 1486 1382 1524 9,
1422 1484 1469 1519 5,
1511 1473 1579 1518 56.

933 1545 970 1568 et
1010 1531 1056 1566 cf.
1093 1530 1315 1566 VVezelium
1359 1531 1406 1565 ad
1445 1531 1578 1567 locum

929 1587 1043 1624 Bruti
1066 1587 1145 1622 Cic.
1169 1599 1264 1622 mox
1281 1589 1522 1636 ponendum.

988 1646 1049 1692 qui
1065 1644 1232 1679 Ciceroni
1263 1645 1461 1678 crederent.
1494 1645 1569 1684 „In

930 1703 1077 1742 „Bruto
1107 1705 1173 1742 82.
1218 1700 1290 1736 ubi
1336 1700 1439 1736 inter
1476 1699 1568 1735 alia:

929 1757 1169 1798 „Accumtius
1203 1752 1389 1804 quoddam
1426 1756 1574 1791 dicendi

928 1822 989 1855 „et
1010 1810 1220 1861 exquisitius
1236 1812 1415 1860 afferebat
1431 1823 1546 1861 genus
1557 1826 1572 1847 .-

929 1868 1055 1918 „quod
1094 1881 1301 1916 quanquam
1321 1867 1479 1917 scienter
1501 1869 1571 1904 ele·

928 1933 1157 1972 „ganterque
1189 1926 1391 1966 tractabat,
1422 1927 1576 1960 nimium

929 1990 1081 2023 „tamen
1100 1982 1285 2030 inquirens
1308 1983 1345 2016 in
1368 1979 1434 2030 se,
1465 1990 1575 2031 acque

928 2035 1032 2085 „ipse
1043 2034 1123 2084 sese
1153 2037 1198 2071 ol)
1219 2049 1365 2078 erm-ms,
1396 2047 1575 2073 metuens-

927 2107 1026 2141 „que
1071 2106 1116 2126 ne
1151 2091 1322 2141 vitiosum
1367 2094 1569 2142 colligeret,

925 2151 1068 2192 „etiam
1094 2161 1216 2183 verum
1249 2147 1471 2196 sanguinem
1505 2150 1567 2184 de·

1200 2205 1305 2240 Haec
1334 2205 1383 2239 eft
1412 2205 1480 2241 illa
1508 2220 1566 2240 ca-

1172 2274 1267 2307 quae
1309 2260 1568 2310 κακιζότεχνον

923 2317 1056 2360 „fecit-
1077 2316 1284 2365 Vid.supra
1304 2317 1350 2352 ad
1373 2324 1408 2361 8.
1424 2332 1481 2367 pr.
1497 2329 1565 2363 31.

923 2370 1144 2418 „Infelicem
1211 2374 1462 2411 calumniandi
1519 2375 1566 2426 so

923 2441 1108 2476 „poenum
1129 2429 1281 2464 damnat
1307 2431 1420 2465 etiam
1439 2432 1566 2468 noster

919 2496 1018 2528 „1o‚
1053 2493 1098 2527 3,
1134 2498 1195 2520 10.
1228 2497 1265 2521 et
1292 2499 1363 2527 10,
1397 2493 1432 2530 4,
1460 2497 1497 2531 3.
1525 2499 1565 2524 et

920 2539 1134 2586 „infelicem
1149 2542 1339 2577 verborum
1357 2543 1562 2580 cavillatio-

228 2556 273 2582 1,
308 2553 352 2586 7,
383 2549 448 2586 54·
507 2546 639 2579 Burm.
670 2552 771 2596 recte
802 2541 866 2576 de·

221 2598 404 2633 monstrat
428 2598 559 2635 locum
581 2601 661 2636 Cic.
673 2600 784 2634 Brut.
798 2605 863 2642 75.

218 2655 381 2696 „Caesar
411 2667 538 2693 autem
569 2655 762 2692 rationem
799 2654 863 2690 ad-

920 2609 1032 2639 „nem
1056 2608 1116 2635 10,
1139 2607 1175 2640 7,
1202 2604 1264 2645 14.
1295 2599 1380 2636 add.
1399 2601 1562 2636 omnino

919 2664 1023 2695 „12,
1077 2665 1149 2693 10,
1198 2660 1290 2699 77.“
1359 2655 1559 2692 Gesnerus.
