1779 3062
366 127 530 188 iNs'r.
575 141 854 190 ORATOR.
899 143 1022 190 Lm.
1063 144 1135 200 X,
1176 157 1218 190 1.
1428 157 1489 202 71

132 270 387 320 Atacinus
432 270 609 318 Varro
658 268 717 315 in
745 268 835 324 iis,
887 266 991 333 per
1023 286 1157 334 quae
1186 287 1386 320 nomen
1415 269 1489 319 est

131 344 412 402 adsecutus,
447 345 704 408 interpres
745 345 920 410 operis
963 346 1153 404 alieni,
1202 365 1315 397 non
1345 347 1487 413 sper-

128 422 339 473 nendus
360 420 606 486 quidem,
646 437 837 468 verum
861 420 926 468 ad
947 422 1240 486 augendam
1265 423 1483 474 faculta-

126 510 235 546 tem
264 497 478 546 dicendi
513 513 696 561 parum
727 498 976 561 locuples.
1056 500 1308 558 Ennium,
1350 500 1482 550 ficut
1503 511 1554 551 88

34 574 292 634 906sacros
327 573 579 623 vetustate
612 574 787 630 lucos,
839 573 1144 632 adoremus,
1194 578 1252 624 in
1283 579 1480 641 quibus

125 652 342 718 grandia
375 661 425 698 et
450 651 662 714 antiqua
687 651 880 699 robora
900 654 1004 711 jam
1030 669 1141 700 non
1166 661 1362 701 tantam
1386 655 1478 702 ha-

122 730 251 777 bent
271 727 525 793 speciem,
567 737 819 791 quantam
840 728 1171 791 religionem.
1251 731 1476 795 Propio-

122 823 205 854 res
230 806 334 862 alii,
360 815 515 870 atque
537 802 602 850 ad
623 803 739 860 hoc,
762 804 827 852 de
851 821 961 869 quo
990 805 1283 869 loquimur,
1308 809 1475 871 magis

119 883 292 932 utiles.
370 878 618 929 Lascivus
659 882 878 945 quidem
903 882 962 929 in
990 881 1221 931 heroicis
1254 900 1474 948 quoque

200 1048 324 1071 verum
343 1035 392 1070 αεὶ
413 1034 634 1083 aagendam.
679 1033 811 1070 Turic.
829 1032 934 1070 Flor.
967 1035 1004 1082 (a
1027 1048 1086 1083 pr.
1108 1047 1163 1070 m.
1184 1033 1330 1084 uterq.)
1366 1047 1474 1072 verus

118 1092 339 1140 aagendam.

204 1154 269 1192 38.
314 1143 493 1194 vetustate
526 1147 635 1185 lucos.
707 1147 840 1182 Turic.
876 1146 979 1183 Flor.
1020 1148 1072 1193 (a
1114 1161 1172 1196 pr.
1212 1161 1267 1187 m.
1311 1147 1471 1198 uterq.)

111 1212 213 1241 vetus
243 1214 365 1239 tamen
392 1205 500 1238 locus.
564 1202 634 1239 Ille
666 1218 685 1238 a
714 1204 781 1238 see.
813 1216 864 1238 m.
896 1201 1112 1252 vetustatem
1142 1206 1295 1243 locutos.

199 1261 285 1301 alii,
309 1269 418 1309 acque
439 1261 487 1294 ad
509 1259 586 1298 lzoc,
607 1261 652 1295 tle
672 1273 741 1309 quo
764 1259 958 1307 loquimur.
1019 1263 1076 1295 Ita
1100 1261 1227 1296 G-uelf.
1252 1274 1340 1296 cum
1361 1260 1466 1298 Alm.

111 1317 218 1354 Voff.
253 1331 287 1355 1.
319 1326 354 1359 5.
396 1315 503 1350 Bafil.
554 1316 717 1364 aliasque
749 1315 797 1349 ad
827 1314 894 1350 hoc
924 1316 968 1350 tle
999 1330 1070 1364 qua
1103 1317 1297 1365 loquamur
1335 1318 1467 1353 Turic.

111 1386 131 1406 a
155 1373 222 1409 sec.
246 1386 296 1407 m.
330 1387 364 1407 a.
385 1381 494 1421 atque
512 1373 561 1406 ad
579 1372 671 1406 hanc
691 1373 736 1406 de
758 1385 830 1419 qua
848 1372 1041 1420 loquimur,
1076 1383 1112 1408 et
1134 1374 1181 1407 sic
1202 1372 1306 1408 Flor.
1331 1374 1465 1422 Camp.

111 1442 198 1464 cum
221 1428 340 1464 Goth.
361 1427 463 1464 Voss.
479 1439 514 1463 2.
536 1429 667 1464 Locat.
683 1431 820 1466 Venet.
840 1428 949 1463 Rufe.
971 1429 1020 1462 ad
1043 1429 1135 1463 hanc
1153 1438 1262 1476 atque
1282 1430 1327 1464 de
1347 1444 1416 1478 qua
1438 1430 1464 1466 l.

108 1484 208 1524 Jens.
233 1486 346 1519 Tarv.
380 1484 448 1519 alii
478 1485 526 1518 ad
548 1484 639 1517 hanc
653 1483 801 1534 phrasin
823 1484 867 1517 de
889 1497 959 1530 qua
980 1485 1003 1518 l.
1033 1484 1121 1519 Ald.
1185 1484 1345 1532 Reliqui
1368 1500 1401 1521 a.
1428 1501 1463 1521 a.

107 1557 142 1577 a.
165 1541 257 1576 lianc
275 1539 421 1590 phrasin
441 1540 484 1574 ile
506 1554 576 1589 qua
596 1541 621 1574 l.
843 1539 1005 1575 heroicis,
1067 1541 1198 1575 Turic-
1221 1540 1323 1575 Flor.
1346 1544 1383 1583 (a
1402 1555 1460 1590 pr.

106 1610 160 1632 m.
191 1596 346 1644 uterq.)
377 1597 480 1630 erois.
539 1596 600 1629 Ex
627 1594 725 1630 Alm.
753 1595 854 1629 ereis.
918 1596 1024 1643 Quid
1056 1598 1099 1631 sit
1122 1596 1229 1644 quod
1255 1609 1273 1631 e
1294 1597 1397 1634 Voff.
1423 1607 1459 1641 5.

107 1655 210 1702 quasi
230 1653 382 1688 varians
402 1651 584 1699 scriptura
605 1652 729 1700 ipsum
754 1651 925 1687 noftrum
947 1653 1146 1700 pssofertur
1169 1653 1323 1687 heroicis
1338 1680 1349 1694 ,
1380 1666 1461 1690 non

108 1720 266 1758 exputO.
299 1711 436 1744 Fateor
458 1707 561 1741 mihi
582 1707 752 1755 aliquam
776 1707 820 1743 de
845 1709 970 1743 nostra
993 1710 1178 1757 scriptm·a
1202 1709 1460 1756 suspicionem

105 1765 277 1802 subnasci
309 1765 384 1809 (cf.
410 1767 445 1810 ᾗ.
472 1765 577 1807 51.).
637 1765 697 1798 An
728 1775 764 1799 et
793 1763 860 1799 hic
879 1765 955 1799 fuit
976 1764 1120 1813 epicis?
1152 1766 1235 1800 Nifi
1256 1766 1459 1801 materiam
1515 1782 1520 1784 >

102 1823 225 1870 magis
247 1834 361 1869 quam
378 1830 546 1854 metrum
565 1820 783 1868 respexiffet
803 1821 940 1861 noster,
963 1834 1043 1856 non
1062 1821 1239 1870 profecto
1259 1820 1457 1857 lasciviam

102 1877 286 1917 notasset,
337 1889 451 1924 quam
490 1888 606 1910 nemo
646 1875 688 1910 in
719 1877 831 1911 versu
860 1877 1087 1912 hexametro
1121 1887 1201 1913 erat
1229 1878 1455 1920 miraturus,

101 1947 190 1969 cum
212 1944 269 1971 tot
294 1934 362 1967 [int
382 1932 581 1966 satirarum
602 1932 817 1967 hexametri
839 1934 1026 1981 nequitiis
1047 1933 1190 1969 referti.
1239 1935 1301 1967 An
1322 1933 1455 1969 voluit

99 1989 269 2039 aliquam
293 1988 513 2027 Heroidum
541 1988 783 2024 mentionem
803 1988 994 2036 injicere?
1025 1990 1121 2025 Non
1139 1982 1251 2039 puto.
1309 1990 1452 2039 Neque

153 2114 332 2150 Atacinus
396 2112 529 2148 Varro.
608 2112 745 2150 Scribo
859 2114 1024 2151 heroicis.
1053 2114 1101 2150 cf.
1133 2123 1213 2149 not.
1239 2113 1324 2150 crit.
1383 2113 1448 2149 De

97 2170 263 2219 fimphci
314 2170 361 2208 T.
409 2179 542 2204 conti-a
584 2169 743 2216 quidem
804 2172 943 2208 Om'dio
985 2181 1077 2206 nota
1108 2169 1260 2210 omnia.
1304 2169 1446 2218 dignus

96 2226 221 2262 libros
242 2225 472 2275 plerosque,
501 2225 563 2260 sed
585 2235 743 2260 auctore
800 2239 927 2264 tamen
948 2226 1158 2275 imprimis,
1180 2225 1288 2271 cujus
1311 2225 1447 2261 dehoc

95 2283 263 2318 Horatio
287 2285 408 2318 Serm.
433 2295 468 2322 12
495 2294 557 2323 ¹0,
580 2280 646 2327 46·
681 2281 739 2316 Cf·
796 2292 909 2334 poeta
926 2284 1081 2333 prodita
1101 2281 1360 2323 conferantur,
1382 2283 1446 2317 Se-

98 2339 172 2385 Qu.
210 2351 250 2377 1,
281 2346 326 2381 5,
358 2344 421 2382 18.
453 2337 515 2373 sed
545 2338 739 2385 imprimis
795 2354 888 2376 neca
929 2351 1036 2389 patei·
1074 2340 1262 2374 Controv.
1296 2347 1343 2379 2,
1379 2350 1442 2374 10.

95 2393 252 2430 Ruhnk.
274 2396 344 2443 Ep.
358 2395 470 2442 Cup.
490 2403 738 2442 199—-201-
796 2397 1003 2446 Philippus
1028 2394 1186 2443 quidem
1212 2392 1443 2429 Melanthon

795 2464 931 2489 natura
979 2464 1137 2500 gravem
1183 2459 1222 2485 et
1258 2450 1442 2485 tetricum

153 2511 220 2549 38.
249 2505 415 2541 Ennium
434 2525 489 2534 —
508 2507 738 2554 religionem.
793 2509 860 2544 hic
881 2508 1048 2558 agnoscit
1068 2508 1156 2554 Qu„
1185 2505 1249 2540 cui
1269 2506 1441 2542 Ovidius

94 2562 274 2597 Miranda
296 2561 529 2598 elocutionis
547 2564 588 2597 in
607 2563 737 2599 nostro
794 2566 963 2614 partibus
997 2564 1117 2599 modo
1158 2562 1366 2598 laudandus
1395 2563 1441 2598 fit

93 2618 312 2666 proprietas
361 2629 400 2654 et
436 2619 616 2666 majestas.
677 2619 737 2658 Cf.
794 2622 919 2663 visus;
973 2619 1042 2656 effe
1075 2619 1179 2655 enim
1210 2628 1330 2655 totum
1359 2620 1440 2656 lau·

93 2685 166 2709 nos
187 2674 234 2709 ad
262 2688 296 2714 ι,
318 2680 419 2719 8,’8.
794 2679 970 2714 dandum.
