<?xml version="1.0" encoding="UTF-8"?>
<!DOCTYPE html PUBLIC "-//W3C//DTD XHTML 1.0 Transitional//EN"
    "http://www.w3.org/TR/xhtml1/DTD/xhtml1-transitional.dtd">
<html xmlns="http://www.w3.org/1999/xhtml" xml:lang="en" lang="en">
 <head>
  <title>
</title>
<meta http-equiv="Content-Type" content="text/html;charset=utf-8" />
  <meta name='ocr-system' content='tesseract 3.04.00' />
  <meta name='ocr-capabilities' content='ocr_page ocr_carea ocr_par ocr_line ocrx_word'/>
</head>
<body>
  <div class='ocr_page' id='page_1' title='image "./deinstitutioneor04quinuoft_0538.png"; bbox 0 0 1779 3062; ppageno 0'>
   <div class='ocr_carea' id='block_1_1' title="bbox 245 143 1262 214">
    <p class='ocr_par' dir='ltr' id='par_1_1' title="bbox 245 143 1262 214">
     <span class='ocr_line' id='line_1_1' title="bbox 245 143 1262 214; baseline -0.003 -12"><span class='ocrx_word' id='word_1_1' title='bbox 245 170 340 212; x_wconf 78' lang='lat'>522</span> <span class='ocrx_word' id='word_1_2' title='bbox 564 153 639 200; x_wconf 88' lang='lat' dir='ltr'>M.</span> <span class='ocrx_word' id='word_1_3' title='bbox 676 153 809 200; x_wconf 69' lang='grc' dir='ltr'>ΕΑΒ.</span> <span class='ocrx_word' id='word_1_4' title='bbox 849 143 1262 214; x_wconf 72' lang='lat' dir='ltr'><strong>QUxNTlLIANI</strong></span> 
     </span>
    </p>
   </div>
   <div class='ocr_carea' id='block_1_2' title="bbox 237 271 1667 1190">
    <p class='ocr_par' dir='ltr' id='par_1_2' title="bbox 237 271 1667 1185">
     <span class='ocr_line' id='line_1_2' title="bbox 242 271 1578 346; baseline -0.004 -16"><span class='ocrx_word' id='word_1_5' title='bbox 242 281 461 346; x_wconf 77' lang='lat' dir='ltr'>[ciplina</span> <span class='ocrx_word' id='word_1_6' title='bbox 509 277 897 345; x_wconf 81' lang='lat' dir='ltr'><strong>pertractanda,</strong></span> <span class='ocrx_word' id='word_1_7' title='bbox 962 277 1074 326; x_wconf 81' lang='lat' dir='ltr'>sine</span> <span class='ocrx_word' id='word_1_8' title='bbox 1123 293 1228 341; x_wconf 80' lang='lat' dir='ltr'>qua</span> <span class='ocrx_word' id='word_1_9' title='bbox 1274 271 1432 327; x_wconf 81' lang='lat' dir='ltr'><strong>nemo</strong></span> <span class='ocrx_word' id='word_1_10' title='bbox 1479 294 1578 325; x_wconf 87' lang='lat' dir='ltr'>nec</span> 
     </span>
     <span class='ocr_line' id='line_1_3' title="bbox 243 353 1577 420; baseline -0.003 -14"><span class='ocrx_word' id='word_1_11' title='bbox 243 360 329 406; x_wconf 80' lang='lat' dir='ltr'>vir</span> <span class='ocrx_word' id='word_1_12' title='bbox 364 358 538 406; x_wconf 80' lang='lat' dir='ltr'>bonus</span> <span class='ocrx_word' id='word_1_13' title='bbox 578 354 700 410; x_wconf 84' lang='lat' dir='ltr'>effe,</span> <span class='ocrx_word' id='word_1_14' title='bbox 763 372 860 404; x_wconf 88' lang='lat' dir='ltr'>nec</span> <span class='ocrx_word' id='word_1_15' title='bbox 910 354 1122 404; x_wconf 78' lang='lat' dir='ltr'>dicendi</span> <span class='ocrx_word' id='word_1_16' title='bbox 1156 357 1355 420; x_wconf 78' lang='lat' dir='ltr'>peritus</span> <span class='ocrx_word' id='word_1_17' title='bbox 1396 353 1577 420; x_wconf 85' lang='lat' dir='ltr'><strong>potest.</strong></span> 
     </span>
     <span class='ocr_line' id='line_1_4' title="bbox 244 432 1580 496; baseline -0.004 -13"><span class='ocrx_word' id='word_1_18' title='bbox 244 433 364 484; x_wconf 53' lang='lat' dir='ltr'>hisi</span> <span class='ocrx_word' id='word_1_19' title='bbox 412 432 551 480; x_wconf 83' lang='lat' dir='ltr'>forte</span> <span class='ocrx_word' id='word_1_20' title='bbox 599 432 895 481; x_wconf 81' lang='lat' dir='ltr'><strong>accedimus</strong></span> <span class='ocrx_word' id='word_1_21' title='bbox 933 433 1026 490; x_wconf 76' lang='grc'>115,</span> <span class='ocrx_word' id='word_1_22' title='bbox 1089 432 1186 496; x_wconf 86' lang='lat' dir='ltr'>qui</span> <span class='ocrx_word' id='word_1_23' title='bbox 1226 442 1409 479; x_wconf 81' lang='lat' dir='ltr'>natura</span> <span class='ocrx_word' id='word_1_24' title='bbox 1451 447 1580 479; x_wconf 88' lang='lat' dir='ltr'>con-</span> 
     </span>
     <span class='ocr_line' id='line_1_5' title="bbox 241 506 1579 573; baseline -0.002 -14"><span class='ocrx_word' id='word_1_25' title='bbox 241 511 373 560; x_wconf 79' lang='lat' dir='ltr'>stare</span> <span class='ocrx_word' id='word_1_26' title='bbox 408 526 602 566; x_wconf 83' lang='lat' dir='ltr'><strong>mores,</strong></span> <span class='ocrx_word' id='word_1_27' title='bbox 645 521 696 558; x_wconf 85' lang='lat' dir='ltr'>et</span> <span class='ocrx_word' id='word_1_28' title='bbox 735 509 873 557; x_wconf 87' lang='lat' dir='ltr'>nihil</span> <span class='ocrx_word' id='word_1_29' title='bbox 911 508 1150 569; x_wconf 84' lang='lat' dir='ltr'><strong>adjuvari</strong></span> <span class='ocrx_word' id='word_1_30' title='bbox 1171 506 1446 573; x_wconf 80' lang='lat' dir='ltr'>disciplina</span> <span class='ocrx_word' id='word_1_31' title='bbox 1478 525 1579 572; x_wconf 87' lang='lat' dir='ltr'>pu-</span> 
     </span>
     <span class='ocr_line' id='line_1_6' title="bbox 242 583 1579 649; baseline -0.004 -13"><span class='ocrx_word' id='word_1_32' title='bbox 242 599 383 637; x_wconf 82' lang='lat' dir='ltr'><strong>tant:</strong></span> <span class='ocrx_word' id='word_1_33' title='bbox 449 585 671 643; x_wconf 78' lang='lat' dir='ltr'>scilicet,</span> <span class='ocrx_word' id='word_1_34' title='bbox 728 596 787 634; x_wconf 91' lang='lat' dir='ltr'>ut</span> <span class='ocrx_word' id='word_1_35' title='bbox 825 602 884 633; x_wconf 82' lang='lat' dir='ltr'>ea</span> <span class='ocrx_word' id='word_1_36' title='bbox 930 602 1064 649; x_wconf 85' lang='lat' dir='ltr'>quae</span> <span class='ocrx_word' id='word_1_37' title='bbox 1103 601 1266 633; x_wconf 86' lang='lat' dir='ltr'>manu</span> <span class='ocrx_word' id='word_1_38' title='bbox 1306 583 1468 640; x_wconf 82' lang='lat' dir='ltr'><strong>fiunt,</strong></span> <span class='ocrx_word' id='word_1_39' title='bbox 1507 593 1579 631; x_wconf 87' lang='lat' dir='ltr'>at-</span> 
     </span>
     <span class='ocr_line' id='line_1_7' title="bbox 242 658 1667 731; baseline -0.003 -19"><span class='ocrx_word' id='word_1_40' title='bbox 242 682 348 731; x_wconf 86' lang='lat' dir='ltr'>que</span> <span class='ocrx_word' id='word_1_41' title='bbox 383 680 571 712; x_wconf 79' lang='lat' dir='ltr'>eorum</span> <span class='ocrx_word' id='word_1_42' title='bbox 610 663 768 711; x_wconf 83' lang='lat' dir='ltr'>etiam</span> <span class='ocrx_word' id='word_1_43' title='bbox 798 658 1667 718; x_wconf 67' lang='grc' dir='ltr'>001116111ῐ1Πὶῐ11ε1,00111110311ῒι1ϊιο57</span> 
     </span>
     <span class='ocr_line' id='line_1_8' title="bbox 239 735 1579 807; baseline -0.004 -17"><span class='ocrx_word' id='word_1_44' title='bbox 239 757 394 807; x_wconf 82' lang='lat' dir='ltr'>egere</span> <span class='ocrx_word' id='word_1_45' title='bbox 421 739 765 789; x_wconf 79' lang='lat' dir='ltr'>doctoribus:</span> <span class='ocrx_word' id='word_1_46' title='bbox 806 740 1058 787; x_wconf 84' lang='lat' dir='ltr'><strong>virtutem</strong></span> <span class='ocrx_word' id='word_1_47' title='bbox 1099 754 1258 794; x_wconf 84' lang='lat' dir='ltr'><strong>vero,</strong></span> <span class='ocrx_word' id='word_1_48' title='bbox 1299 752 1403 801; x_wconf 85' lang='lat' dir='ltr'>qua</span> <span class='ocrx_word' id='word_1_49' title='bbox 1439 735 1579 784; x_wconf 86' lang='lat' dir='ltr'>nihil</span> 
     </span>
     <span class='ocr_line' id='line_1_9' title="bbox 238 813 1580 882; baseline -0.006 -13"><span class='ocrx_word' id='word_1_50' title='bbox 238 818 479 875; x_wconf 86' lang='lat' dir='ltr'>homini,</span> <span class='ocrx_word' id='word_1_51' title='bbox 520 834 630 882; x_wconf 91' lang='lat' dir='ltr'>quo</span> <span class='ocrx_word' id='word_1_52' title='bbox 656 815 719 864; x_wconf 85' lang='lat' dir='ltr'>ad</span> <span class='ocrx_word' id='word_1_53' title='bbox 750 815 876 865; x_wconf 85' lang='lat' dir='ltr'>deos</span> <span class='ocrx_word' id='word_1_54' title='bbox 898 814 1220 863; x_wconf 84' lang='lat' dir='ltr'>immortales</span> <span class='ocrx_word' id='word_1_55' title='bbox 1247 813 1473 879; x_wconf 85' lang='lat' dir='ltr'>propius</span> <span class='ocrx_word' id='word_1_56' title='bbox 1499 829 1580 861; x_wconf 88' lang='lat' dir='ltr'>ac-</span> 
     </span>
     <span class='ocr_line' id='line_1_10' title="bbox 241 890 1579 952; baseline -0.005 -9"><span class='ocrx_word' id='word_1_57' title='bbox 241 896 472 952; x_wconf 86' lang='lat' dir='ltr'>cederet,</span> <span class='ocrx_word' id='word_1_58' title='bbox 523 895 706 942; x_wconf 80' lang='lat' dir='ltr'><strong>datum</strong></span> <span class='ocrx_word' id='word_1_59' title='bbox 744 891 843 950; x_wconf 82' lang='lat' dir='ltr'>est,</span> <span class='ocrx_word' id='word_1_60' title='bbox 886 892 1007 941; x_wconf 84' lang='lat' dir='ltr'>obv</span> <span class='ocrx_word' id='word_1_61' title='bbox 993 909 1099 940; x_wconf 76' lang='lat' dir='ltr'>lam</span> <span class='ocrx_word' id='word_1_62' title='bbox 1137 900 1188 938; x_wconf 86' lang='lat' dir='ltr'>et</span> <span class='ocrx_word' id='word_1_63' title='bbox 1221 890 1579 947; x_wconf 82' lang='lat' dir='ltr'>illaboratam,</span> 
     </span>
     <span class='ocr_line' id='line_1_11' title="bbox 239 964 1578 1036; baseline -0.005 -15"><span class='ocrx_word' id='word_1_64' title='bbox 239 983 447 1021; x_wconf 84' lang='lat' dir='ltr'>tantum</span> <span class='ocrx_word' id='word_1_65' title='bbox 488 972 613 1036; x_wconf 87' lang='lat' dir='ltr'>quia</span> <span class='ocrx_word' id='word_1_66' title='bbox 653 972 762 1035; x_wconf 60' lang='grc'>11011</span> <span class='ocrx_word' id='word_1_67' title='bbox 800 966 1328 1026; x_wconf 81' lang='lat' dir='ltr'><strong>simus‚l1abeamus.</strong></span> <span class='ocrx_word' id='word_1_68' title='bbox 1410 964 1578 1014; x_wconf 76' lang='lat' dir='ltr'>Absti-</span> 
     </span>
     <span class='ocr_line' id='line_1_12' title="bbox 237 1041 1577 1112; baseline -0.005 -14"><span class='ocrx_word' id='word_1_69' title='bbox 237 1066 370 1100; x_wconf 88' lang='lat' dir='ltr'>nens</span> <span class='ocrx_word' id='word_1_70' title='bbox 412 1049 535 1106; x_wconf 81' lang='lat' dir='ltr'>erit,</span> <span class='ocrx_word' id='word_1_71' title='bbox 573 1049 672 1112; x_wconf 86' lang='lat' dir='ltr'>qui</span> <span class='ocrx_word' id='word_1_72' title='bbox 706 1046 764 1094; x_wconf 77' lang='lat' dir='ltr'>id</span> <span class='ocrx_word' id='word_1_73' title='bbox 801 1045 1003 1111; x_wconf 83' lang='lat' dir='ltr'>ipsum,</span> <span class='ocrx_word' id='word_1_74' title='bbox 1043 1043 1178 1109; x_wconf 86' lang='lat' dir='ltr'>quid</span> <span class='ocrx_word' id='word_1_75' title='bbox 1218 1042 1283 1092; x_wconf 79' lang='lat' dir='ltr'>sit</span> <span class='ocrx_word' id='word_1_76' title='bbox 1317 1041 1577 1091; x_wconf 77' lang='lat' dir='ltr'>abstinen-</span> 
     </span>
     <span class='ocr_line' id='line_1_13' title="bbox 239 1120 1577 1190; baseline -0.005 -15"><span class='ocrx_word' id='word_1_77' title='bbox 239 1128 335 1185; x_wconf 80' lang='lat' dir='ltr'><strong>tia,</strong></span> <span class='ocrx_word' id='word_1_78' title='bbox 375 1126 618 1190; x_wconf 70' lang='lat' dir='ltr'>ignoret?</span> <span class='ocrx_word' id='word_1_79' title='bbox 696 1127 763 1173; x_wconf 93' lang='lat' dir='ltr'>Et</span> <span class='ocrx_word' id='word_1_80' title='bbox 793 1121 974 1180; x_wconf 82' lang='lat' dir='ltr'><strong>fortis,</strong></span> <span class='ocrx_word' id='word_1_81' title='bbox 1018 1122 1114 1185; x_wconf 82' lang='lat' dir='ltr'>qui</span> <span class='ocrx_word' id='word_1_82' title='bbox 1144 1132 1319 1171; x_wconf 85' lang='lat' dir='ltr'><strong>metus</strong></span> <span class='ocrx_word' id='word_1_83' title='bbox 1359 1120 1577 1178; x_wconf 82' lang='lat' dir='ltr'>doloris,</span> 
     </span>
    </p>
   </div>
   <div class='ocr_carea' id='block_1_3' title="bbox 235 1295 1578 1395">
    <p class='ocr_par' dir='ltr' id='par_1_3' title="bbox 235 1295 1578 1395">
     <span class='ocr_line' id='line_1_14' title="bbox 235 1295 1578 1348; baseline -0.005 -10"><span class='ocrx_word' id='word_1_84' title='bbox 235 1302 348 1338; x_wconf 79' lang='lat' dir='ltr'><em>lenda</em></span> <span class='ocrx_word' id='word_1_85' title='bbox 383 1300 516 1338; x_wconf 84' lang='lat' dir='ltr'><strong>Turic.</strong></span> <span class='ocrx_word' id='word_1_86' title='bbox 580 1296 763 1347; x_wconf 77' lang='lat' dir='ltr'><em>honestius</em></span> <span class='ocrx_word' id='word_1_87' title='bbox 791 1302 917 1348; x_wconf 80' lang='lat' dir='ltr'><em>utique</em></span> <span class='ocrx_word' id='word_1_88' title='bbox 948 1298 1052 1333; x_wconf 81' lang='lat' dir='ltr'>Flor.</span> <span class='ocrx_word' id='word_1_89' title='bbox 1112 1311 1184 1346; x_wconf 82' lang='lat' dir='ltr'>qua</span> <span class='ocrx_word' id='word_1_90' title='bbox 1217 1300 1344 1333; x_wconf 81' lang='lat' dir='ltr'><em>omnia</em></span> <span class='ocrx_word' id='word_1_91' title='bbox 1371 1309 1431 1331; x_wconf 81' lang='lat' dir='ltr'>eur</span> <span class='ocrx_word' id='word_1_92' title='bbox 1463 1295 1578 1332; x_wconf 82' lang='lat' dir='ltr'><strong><em>bonus</em></strong></span> 
     </span>
     <span class='ocr_line' id='line_1_15' title="bbox 235 1359 368 1395; baseline 0 0"><span class='ocrx_word' id='word_1_93' title='bbox 235 1359 368 1395; x_wconf 78' lang='lat' dir='ltr'>Turic-</span> 
     </span>
    </p>
   </div>
   <div class='ocr_carea' id='block_1_4' title="bbox 233 1430 1577 1710">
    <p class='ocr_par' dir='ltr' id='par_1_4' title="bbox 234 1430 1576 1597">
     <span class='ocr_line' id='line_1_16' title="bbox 323 1430 1576 1480; baseline -0.008 -6"><span class='ocrx_word' id='word_1_94' title='bbox 323 1449 359 1474; x_wconf 84' lang='lat'>2.</span> <span class='ocrx_word' id='word_1_95' title='bbox 390 1436 606 1472; x_wconf 74' lang='lat' dir='ltr'><em>accedimus.</em></span> <span class='ocrx_word' id='word_1_96' title='bbox 657 1435 720 1470; x_wconf 90' lang='lat' dir='ltr'>Sic</span> <span class='ocrx_word' id='word_1_97' title='bbox 753 1435 873 1471; x_wconf 86' lang='lat' dir='ltr'><strong>Goth.</strong></span> <span class='ocrx_word' id='word_1_98' title='bbox 907 1437 995 1477; x_wconf 81' lang='lat' dir='ltr'><strong>(tac.</strong></span> <span class='ocrx_word' id='word_1_99' title='bbox 1021 1433 1150 1476; x_wconf 84' lang='lat' dir='ltr'>Gesn.)</span> <span class='ocrx_word' id='word_1_100' title='bbox 1191 1432 1321 1480; x_wconf 75' lang='lat' dir='ltr'><strong>camp,</strong></span> <span class='ocrx_word' id='word_1_101' title='bbox 1354 1445 1385 1468; x_wconf 91' lang='lat' dir='ltr'>c.</span> <span class='ocrx_word' id='word_1_102' title='bbox 1407 1430 1512 1470; x_wconf 79' lang='lat' dir='ltr'>Voff.</span> <span class='ocrx_word' id='word_1_103' title='bbox 1539 1439 1576 1465; x_wconf 82' lang='lat'>2.</span> 
     </span>
     <span class='ocr_line' id='line_1_17' title="bbox 234 1487 1573 1531; baseline -0.006 -1"><span class='ocrx_word' id='word_1_104' title='bbox 234 1495 432 1530; x_wconf 70' lang='lat' dir='ltr'><em>occidimus</em></span> <span class='ocrx_word' id='word_1_105' title='bbox 452 1493 582 1527; x_wconf 80' lang='lat' dir='ltr'><strong>Turic.</strong></span> <span class='ocrx_word' id='word_1_106' title='bbox 622 1492 830 1526; x_wconf 80' lang='lat' dir='ltr'><em>accedemus</em></span> <span class='ocrx_word' id='word_1_107' title='bbox 852 1491 985 1526; x_wconf 87' lang='lat' dir='ltr'><strong>Ambr.</strong></span> <span class='ocrx_word' id='word_1_108' title='bbox 1013 1500 1047 1526; x_wconf 88' lang='lat'>2.</span> <span class='ocrx_word' id='word_1_109' title='bbox 1068 1487 1195 1524; x_wconf 72' lang='lat' dir='ltr'><strong>Guelf.</strong></span> <span class='ocrx_word' id='word_1_110' title='bbox 1223 1503 1253 1524; x_wconf 90' lang='lat' dir='ltr'>c.</span> <span class='ocrx_word' id='word_1_111' title='bbox 1279 1489 1385 1525; x_wconf 73' lang='lat' dir='ltr'>vom</span> <span class='ocrx_word' id='word_1_112' title='bbox 1404 1497 1439 1531; x_wconf 80' lang='lat'>3.</span> <span class='ocrx_word' id='word_1_113' title='bbox 1461 1489 1573 1523; x_wconf 83' lang='lat' dir='ltr'><strong>Bern.</strong></span> 
     </span>
     <span class='ocr_line' id='line_1_18' title="bbox 235 1545 1458 1597; baseline -0.006 -11"><span class='ocrx_word' id='word_1_114' title='bbox 235 1552 451 1586; x_wconf 80' lang='lat' dir='ltr'><em>accedamus</em></span> <span class='ocrx_word' id='word_1_115' title='bbox 478 1547 635 1595; x_wconf 81' lang='lat' dir='ltr'>reliqui.</span> <span class='ocrx_word' id='word_1_116' title='bbox 696 1549 727 1582; x_wconf 85' lang='lat' dir='ltr'>is</span> <span class='ocrx_word' id='word_1_117' title='bbox 757 1551 820 1597; x_wconf 81' lang='lat' dir='ltr'>qui</span> <span class='ocrx_word' id='word_1_118' title='bbox 852 1548 983 1582; x_wconf 81' lang='lat' dir='ltr'>Ambr.</span> <span class='ocrx_word' id='word_1_119' title='bbox 1016 1556 1052 1583; x_wconf 85' lang='lat'>2.</span> <span class='ocrx_word' id='word_1_120' title='bbox 1084 1548 1141 1579; x_wconf 73' lang='lat' dir='ltr'>cui</span> <span class='ocrx_word' id='word_1_121' title='bbox 1170 1545 1294 1580; x_wconf 78' lang='lat' dir='ltr'>[olum</span> <span class='ocrx_word' id='word_1_122' title='bbox 1327 1545 1458 1580; x_wconf 79' lang='lat' dir='ltr'><strong>Turic.</strong></span> 
     </span>
    </p>

    <p class='ocr_par' dir='ltr' id='par_1_5' title="bbox 233 1600 1577 1710">
     <span class='ocr_line' id='line_1_19' title="bbox 467 1600 1576 1653; baseline -0.004 -14"><span class='ocrx_word' id='word_1_123' title='bbox 467 1619 509 1640; x_wconf 83' lang='lat' dir='ltr'>ea</span> <span class='ocrx_word' id='word_1_124' title='bbox 543 1618 645 1653; x_wconf 78' lang='lat' dir='ltr'><em>quae.</em></span> <span class='ocrx_word' id='word_1_125' title='bbox 708 1605 770 1638; x_wconf 91' lang='lat' dir='ltr'>Sic</span> <span class='ocrx_word' id='word_1_126' title='bbox 801 1604 933 1639; x_wconf 81' lang='lat' dir='ltr'><strong>Turie.</strong></span> <span class='ocrx_word' id='word_1_127' title='bbox 974 1602 1077 1637; x_wconf 79' lang='lat' dir='ltr'>Flor.</span> <span class='ocrx_word' id='word_1_128' title='bbox 1111 1614 1142 1637; x_wconf 91' lang='lat' dir='ltr'>c.</span> <span class='ocrx_word' id='word_1_129' title='bbox 1174 1600 1276 1637; x_wconf 80' lang='lat' dir='ltr'>Alm.</span> <span class='ocrx_word' id='word_1_130' title='bbox 1310 1602 1457 1651; x_wconf 80' lang='lat' dir='ltr'><em>quidem</em></span> <span class='ocrx_word' id='word_1_131' title='bbox 1483 1601 1576 1636; x_wconf 79' lang='lat' dir='ltr'>inse-</span> 
     </span>
     <span class='ocr_line' id='line_1_20' title="bbox 233 1658 1577 1710; baseline -0.005 -11"><span class='ocrx_word' id='word_1_132' title='bbox 233 1673 328 1699; x_wconf 79' lang='lat' dir='ltr'>runt</span> <span class='ocrx_word' id='word_1_133' title='bbox 356 1661 514 1710; x_wconf 83' lang='lat' dir='ltr'><strong>reliqui.</strong></span> <span class='ocrx_word' id='word_1_134' title='bbox 568 1660 676 1707; x_wconf 75' lang='lat' dir='ltr'><em>fiant</em></span> <span class='ocrx_word' id='word_1_135' title='bbox 697 1669 737 1695; x_wconf 73' lang='lat' dir='ltr'>at</span> <span class='ocrx_word' id='word_1_136' title='bbox 768 1674 864 1709; x_wconf 81' lang='lat' dir='ltr'><strong><em>quae</em></strong></span> <span class='ocrx_word' id='word_1_137' title='bbox 885 1673 1007 1694; x_wconf 75' lang='lat' dir='ltr'><em>eorum</em></span> <span class='ocrx_word' id='word_1_138' title='bbox 1027 1659 1160 1706; x_wconf 87' lang='lat' dir='ltr'><strong>Camp.</strong></span> <span class='ocrx_word' id='word_1_139' title='bbox 1221 1671 1346 1705; x_wconf 73' lang='lat' dir='ltr'><strong><em>regere</em></strong></span> <span class='ocrx_word' id='word_1_140' title='bbox 1375 1658 1472 1693; x_wconf 78' lang='lat' dir='ltr'><em>doct.</em></span> <span class='ocrx_word' id='word_1_141' title='bbox 1498 1658 1577 1692; x_wconf 89' lang='lat' dir='ltr'>Tu-</span> 
     </span>
    </p>
   </div>
   <div class='ocr_carea' id='block_1_5' title="bbox 233 1713 1578 1822">
    <p class='ocr_par' dir='ltr' id='par_1_6' title="bbox 233 1713 1578 1822">
     <span class='ocr_line' id='line_1_21' title="bbox 233 1713 1578 1762; baseline -0.004 -8"><span class='ocrx_word' id='word_1_142' title='bbox 233 1720 304 1755; x_wconf 79' lang='lat' dir='ltr'><strong>ric.</strong></span> <span class='ocrx_word' id='word_1_143' title='bbox 328 1718 430 1753; x_wconf 79' lang='lat' dir='ltr'><strong>Flor.</strong></span> <span class='ocrx_word' id='word_1_144' title='bbox 457 1718 587 1753; x_wconf 83' lang='lat' dir='ltr'><strong>Ambr.</strong></span> <span class='ocrx_word' id='word_1_145' title='bbox 611 1727 644 1751; x_wconf 83' lang='lat'>2.</span> <span class='ocrx_word' id='word_1_146' title='bbox 668 1716 794 1752; x_wconf 76' lang='lat' dir='ltr'>Guelf.</span> <span class='ocrx_word' id='word_1_147' title='bbox 820 1729 849 1752; x_wconf 87' lang='lat' dir='ltr'>c.</span> <span class='ocrx_word' id='word_1_148' title='bbox 872 1715 975 1752; x_wconf 73' lang='lat' dir='ltr'><strong>Vols.</strong></span> <span class='ocrx_word' id='word_1_149' title='bbox 1004 1729 1035 1750; x_wconf 91' lang='grc'>1.</span> <span class='ocrx_word' id='word_1_150' title='bbox 1060 1724 1096 1757; x_wconf 81' lang='lat'>5.</span> <span class='ocrx_word' id='word_1_151' title='bbox 1123 1716 1233 1750; x_wconf 84' lang='lat' dir='ltr'>Rern.</span> <span class='ocrx_word' id='word_1_152' title='bbox 1295 1728 1365 1762; x_wconf 82' lang='lat' dir='ltr'>quo</span> <span class='ocrx_word' id='word_1_153' title='bbox 1386 1713 1478 1748; x_wconf 76' lang='lat' dir='ltr'><em>nihil</em></span> <span class='ocrx_word' id='word_1_154' title='bbox 1499 1714 1578 1748; x_wconf 89' lang='lat' dir='ltr'>Tu-</span> 
     </span>
     <span class='ocr_line' id='line_1_22' title="bbox 234 1769 1577 1822; baseline -0.004 -11"><span class='ocrx_word' id='word_1_155' title='bbox 234 1776 306 1811; x_wconf 68' lang='grc' dir='ltr'>τὶς.</span> <span class='ocrx_word' id='word_1_156' title='bbox 366 1788 436 1822; x_wconf 77' lang='lat' dir='ltr'>quo</span> <span class='ocrx_word' id='word_1_157' title='bbox 460 1774 510 1808; x_wconf 81' lang='lat' dir='ltr'>ad</span> <span class='ocrx_word' id='word_1_158' title='bbox 531 1786 592 1808; x_wconf 80' lang='lat' dir='ltr'>eos</span> <span class='ocrx_word' id='word_1_159' title='bbox 612 1773 745 1808; x_wconf 80' lang='lat' dir='ltr'><strong>Turio.</strong></span> <span class='ocrx_word' id='word_1_160' title='bbox 807 1772 905 1820; x_wconf 81' lang='lat' dir='ltr'><em>quod</em></span> <span class='ocrx_word' id='word_1_161' title='bbox 937 1771 986 1805; x_wconf 72' lang='lat' dir='ltr'>acl</span> <span class='ocrx_word' id='word_1_162' title='bbox 1016 1771 1051 1806; x_wconf 81' lang='lat' dir='ltr'>d.</span> <span class='ocrx_word' id='word_1_163' title='bbox 1087 1771 1222 1807; x_wconf 76' lang='lat' dir='ltr'><strong>Ambr.</strong></span> <span class='ocrx_word' id='word_1_164' title='bbox 1255 1780 1291 1805; x_wconf 83' lang='lat'>2.</span> <span class='ocrx_word' id='word_1_165' title='bbox 1324 1769 1453 1806; x_wconf 79' lang='lat' dir='ltr'><strong>Guelf.</strong></span> <span class='ocrx_word' id='word_1_166' title='bbox 1485 1771 1577 1805; x_wconf 78' lang='lat' dir='ltr'><strong>Exe-</strong></span> 
     </span>
    </p>
   </div>
   <div class='ocr_carea' id='block_1_6' title="bbox 227 1823 1579 2051">
    <p class='ocr_par' dir='ltr' id='par_1_7' title="bbox 227 1823 1579 2051">
     <span class='ocr_line' id='line_1_23' title="bbox 234 1823 1574 1874; baseline -0.006 -7"><span class='ocrx_word' id='word_1_167' title='bbox 234 1834 390 1868; x_wconf 83' lang='lat' dir='ltr'><strong>Santen.</strong></span> <span class='ocrx_word' id='word_1_168' title='bbox 421 1843 452 1866; x_wconf 93' lang='lat' dir='ltr'>c.</span> <span class='ocrx_word' id='word_1_169' title='bbox 477 1829 581 1866; x_wconf 82' lang='lat' dir='ltr'>Voff.</span> <span class='ocrx_word' id='word_1_170' title='bbox 612 1843 643 1863; x_wconf 86' lang='grc' dir='ltr'>ι.</span> <span class='ocrx_word' id='word_1_171' title='bbox 667 1830 780 1864; x_wconf 81' lang='lat' dir='ltr'><strong>Bern.</strong></span> <span class='ocrx_word' id='word_1_172' title='bbox 840 1828 990 1862; x_wconf 68' lang='lat' dir='ltr'><strong><em>accedat</em></strong></span> <span class='ocrx_word' id='word_1_173' title='bbox 1025 1828 1157 1874; x_wconf 73' lang='lat' dir='ltr'>Camp.</span> <span class='ocrx_word' id='word_1_174' title='bbox 1191 1840 1221 1863; x_wconf 90' lang='lat' dir='ltr'>c.</span> <span class='ocrx_word' id='word_1_175' title='bbox 1255 1827 1340 1862; x_wconf 81' lang='lat' dir='ltr'><strong>edd.</strong></span> <span class='ocrx_word' id='word_1_176' title='bbox 1370 1823 1456 1861; x_wconf 62' lang='lat' dir='ltr'>ante</span> <span class='ocrx_word' id='word_1_177' title='bbox 1483 1824 1574 1860; x_wconf 81' lang='lat' dir='ltr'>Bad.</span> 
     </span>
     <span class='ocr_line' id='line_1_24' title="bbox 235 1880 1578 1933; baseline -0.007 -9"><span class='ocrx_word' id='word_1_178' title='bbox 235 1889 404 1924; x_wconf 78' lang='lat' dir='ltr'><strong><em>accedere</em></strong></span> <span class='ocrx_word' id='word_1_179' title='bbox 427 1885 535 1922; x_wconf 81' lang='lat' dir='ltr'>Bafil.</span> <span class='ocrx_word' id='word_1_180' title='bbox 558 1885 628 1933; x_wconf 86' lang='lat' dir='ltr'>qui</span> <span class='ocrx_word' id='word_1_181' title='bbox 653 1896 690 1919; x_wconf 84' lang='lat' dir='ltr'>et</span> <span class='ocrx_word' id='word_1_182' title='bbox 705 1885 823 1919; x_wconf 84' lang='lat' dir='ltr'>modo</span> <span class='ocrx_word' id='word_1_183' title='bbox 849 1883 972 1932; x_wconf 75' lang='lat' dir='ltr'><strong><em>quoad</em></strong></span> <span class='ocrx_word' id='word_1_184' title='bbox 991 1884 1168 1928; x_wconf 82' lang='lat' dir='ltr'>junctim.</span> <span class='ocrx_word' id='word_1_185' title='bbox 1229 1884 1312 1919; x_wconf 78' lang='lat' dir='ltr'><em>obv.</em></span> <span class='ocrx_word' id='word_1_186' title='bbox 1339 1881 1441 1918; x_wconf 84' lang='lat' dir='ltr'><em>illab.</em></span> <span class='ocrx_word' id='word_1_187' title='bbox 1466 1880 1578 1917; x_wconf 78' lang='lat' dir='ltr'><strong>omis·</strong></span> 
     </span>
     <span class='ocr_line' id='line_1_25' title="bbox 234 1939 1579 1988; baseline -0.007 -8"><span class='ocrx_word' id='word_1_188' title='bbox 234 1946 273 1980; x_wconf 79' lang='lat' dir='ltr'>so</span> <span class='ocrx_word' id='word_1_189' title='bbox 296 1953 331 1981; x_wconf 82' lang='lat' dir='ltr'>et</span> <span class='ocrx_word' id='word_1_190' title='bbox 351 1943 485 1979; x_wconf 82' lang='lat' dir='ltr'>Ambr.</span> <span class='ocrx_word' id='word_1_191' title='bbox 508 1953 543 1978; x_wconf 88' lang='lat'>2.</span> <span class='ocrx_word' id='word_1_192' title='bbox 565 1940 692 1977; x_wconf 71' lang='lat' dir='ltr'>Guelf.</span> <span class='ocrx_word' id='word_1_193' title='bbox 717 1940 834 1977; x_wconf 82' lang='lat' dir='ltr'><strong>Goth.</strong></span> <span class='ocrx_word' id='word_1_194' title='bbox 865 1942 953 1986; x_wconf 80' lang='lat' dir='ltr'>(tac.</span> <span class='ocrx_word' id='word_1_195' title='bbox 987 1940 1113 1983; x_wconf 85' lang='lat' dir='ltr'>Gesn.)</span> <span class='ocrx_word' id='word_1_196' title='bbox 1137 1953 1167 1975; x_wconf 88' lang='lat' dir='ltr'>e.</span> <span class='ocrx_word' id='word_1_197' title='bbox 1190 1940 1294 1977; x_wconf 74' lang='lat' dir='ltr'>Voss&#39;.</span> <span class='ocrx_word' id='word_1_198' title='bbox 1319 1952 1351 1975; x_wconf 85' lang='lat'>1.</span> <span class='ocrx_word' id='word_1_199' title='bbox 1378 1949 1415 1975; x_wconf 85' lang='lat'>2.</span> <span class='ocrx_word' id='word_1_200' title='bbox 1437 1947 1473 1988; x_wconf 60' lang='grc'>5,.</span> <span class='ocrx_word' id='word_1_201' title='bbox 1498 1939 1579 1972; x_wconf 77' lang='lat' dir='ltr'><em>naci</em></span> 
     </span>
     <span class='ocr_line' id='line_1_26' title="bbox 227 1994 1577 2051; baseline -0.006 -14"><span class='ocrx_word' id='word_1_202' title='bbox 227 2000 354 2051; x_wconf 83' lang='lat' dir='ltr'><em>sumus</em></span> <span class='ocrx_word' id='word_1_203' title='bbox 376 2002 507 2048; x_wconf 83' lang='lat' dir='ltr'><strong>Camp.</strong></span> <span class='ocrx_word' id='word_1_204' title='bbox 538 2010 568 2033; x_wconf 85' lang='lat' dir='ltr'>c.</span> <span class='ocrx_word' id='word_1_205' title='bbox 607 1996 726 2034; x_wconf 81' lang='lat' dir='ltr'><strong>Goth.</strong></span> <span class='ocrx_word' id='word_1_206' title='bbox 749 2008 786 2033; x_wconf 91' lang='lat' dir='ltr'>et</span> <span class='ocrx_word' id='word_1_207' title='bbox 808 1996 893 2033; x_wconf 83' lang='lat' dir='ltr'><strong>edd.</strong></span> <span class='ocrx_word' id='word_1_208' title='bbox 927 1995 1018 2041; x_wconf 73' lang='lat' dir='ltr'><strong>(nisi</strong></span> <span class='ocrx_word' id='word_1_209' title='bbox 1046 1996 1154 2045; x_wconf 81' lang='lat' dir='ltr'>quod</span> <span class='ocrx_word' id='word_1_210' title='bbox 1185 1996 1283 2035; x_wconf 79' lang='lat' dir='ltr'><strong>Jens.</strong></span> <span class='ocrx_word' id='word_1_211' title='bbox 1316 1997 1433 2035; x_wconf 78' lang='lat' dir='ltr'><strong>Tarv.</strong></span> <span class='ocrx_word' id='word_1_212' title='bbox 1459 1994 1577 2039; x_wconf 80' lang='lat' dir='ltr'><em>nacti)</em></span> 
     </span>
    </p>
   </div>
   <div class='ocr_carea' id='block_1_7' title="bbox 235 2059 474 2094">
    <p class='ocr_par' dir='ltr' id='par_1_8' title="bbox 235 2059 474 2094">
     <span class='ocr_line' id='line_1_27' title="bbox 235 2059 474 2094; baseline -0.004 -2"><span class='ocrx_word' id='word_1_213' title='bbox 235 2069 322 2094; x_wconf 77' lang='lat' dir='ltr'>ante</span> <span class='ocrx_word' id='word_1_214' title='bbox 351 2059 474 2094; x_wconf 85' lang='lat' dir='ltr'>Stoer.</span> 
     </span>
    </p>
   </div>
   <div class='ocr_carea' id='block_1_8' title="bbox 232 2142 1578 2476">
    <p class='ocr_par' dir='ltr' id='par_1_9' title="bbox 232 2142 1578 2476">
     <span class='ocr_line' id='line_1_28' title="bbox 322 2142 1577 2206; baseline -0.005 -24"><span class='ocrx_word' id='word_1_215' title='bbox 322 2157 358 2191; x_wconf 81' lang='lat'>3.</span> <span class='ocrx_word' id='word_1_216' title='bbox 391 2148 453 2195; x_wconf 86' lang='lat' dir='ltr'>qui</span> <span class='ocrx_word' id='word_1_217' title='bbox 483 2146 521 2181; x_wconf 80' lang='lat' dir='ltr'>id</span> <span class='ocrx_word' id='word_1_218' title='bbox 553 2144 669 2194; x_wconf 82' lang='lat' dir='ltr'><em>ipsum</em></span> <span class='ocrx_word' id='word_1_219' title='bbox 705 2145 884 2180; x_wconf 79' lang='lat' dir='ltr'>omittere</span> <span class='ocrx_word' id='word_1_220' title='bbox 915 2143 1061 2179; x_wconf 79' lang='lat' dir='ltr'>dicitul</span> <span class='ocrx_word' id='word_1_221' title='bbox 1088 2143 1192 2179; x_wconf 79' lang='lat' dir='ltr'><strong>Flor.</strong></span> <span class='ocrx_word' id='word_1_222' title='bbox 1226 2143 1288 2178; x_wconf 80' lang='lat' dir='ltr'>[ed</span> <span class='ocrx_word' id='word_1_223' title='bbox 1319 2142 1452 2178; x_wconf 79' lang='lat' dir='ltr'>Turio.</span> <span class='ocrx_word' id='word_1_224' title='bbox 1480 2142 1577 2206; x_wconf 34' lang='lat' dir='ltr'><em>&#39;quid</em></span> 
     </span>
     <span class='ocr_line' id='line_1_29' title="bbox 233 2200 1578 2254; baseline -0.006 -14"><span class='ocrx_word' id='word_1_225' title='bbox 233 2203 374 2254; x_wconf 78' lang='lat' dir='ltr'><strong><em>ipsum,</em></strong></span> <span class='ocrx_word' id='word_1_226' title='bbox 404 2202 489 2251; x_wconf 81' lang='lat' dir='ltr'>post</span> <span class='ocrx_word' id='word_1_227' title='bbox 520 2215 594 2251; x_wconf 71' lang='lat' dir='ltr'>qua</span> <span class='ocrx_word' id='word_1_228' title='bbox 585 2215 617 2236; x_wconf 83' lang='lat' dir='ltr'><strong>e</strong></span> <span class='ocrx_word' id='word_1_229' title='bbox 648 2202 789 2250; x_wconf 81' lang='lat' dir='ltr'><strong>repetit</strong></span> <span class='ocrx_word' id='word_1_230' title='bbox 824 2214 871 2235; x_wconf 74' lang='lat' dir='ltr'>ex</span> <span class='ocrx_word' id='word_1_231' title='bbox 899 2200 1095 2235; x_wconf 77' lang='lat' dir='ltr'><strong>antecedd.</strong></span> <span class='ocrx_word' id='word_1_232' title='bbox 1128 2200 1221 2235; x_wconf 75' lang='lat' dir='ltr'>haec</span> <span class='ocrx_word' id='word_1_233' title='bbox 1255 2208 1396 2234; x_wconf 68' lang='lat' dir='ltr'><em>tantum</em></span> <span class='ocrx_word' id='word_1_234' title='bbox 1425 2212 1578 2246; x_wconf 76' lang='lat' dir='ltr'><em>qum-—</em></span> 
     </span>
     <span class='ocr_line' id='line_1_30' title="bbox 234 2253 1576 2308; baseline -0.005 -13"><span class='ocrx_word' id='word_1_235' title='bbox 234 2259 418 2308; x_wconf 74' lang='lat' dir='ltr'><em>abstinens</em></span> <span class='ocrx_word' id='word_1_236' title='bbox 452 2261 520 2294; x_wconf 72' lang='lat' dir='ltr'><strong><em>eric</em></strong></span> <span class='ocrx_word' id='word_1_237' title='bbox 552 2268 588 2293; x_wconf 88' lang='lat' dir='ltr'>et</span> <span class='ocrx_word' id='word_1_238' title='bbox 620 2257 809 2293; x_wconf 83' lang='lat' dir='ltr'>continuo</span> <span class='ocrx_word' id='word_1_239' title='bbox 841 2256 970 2305; x_wconf 71' lang='lat' dir='ltr'><strong>pelgit</strong></span> <span class='ocrx_word' id='word_1_240' title='bbox 1000 2257 1089 2304; x_wconf 77' lang='lat' dir='ltr'><em>quid</em></span> <span class='ocrx_word' id='word_1_241' title='bbox 1112 2255 1166 2304; x_wconf 79' lang='lat' dir='ltr'>sic</span> <span class='ocrx_word' id='word_1_242' title='bbox 1193 2272 1227 2292; x_wconf 88' lang='grc' dir='ltr'>α.</span> <span class='ocrx_word' id='word_1_243' title='bbox 1289 2256 1365 2291; x_wconf 90' lang='lat' dir='ltr'>Aut</span> <span class='ocrx_word' id='word_1_244' title='bbox 1386 2256 1511 2302; x_wconf 83' lang='lat' dir='ltr'>igitur</span> <span class='ocrx_word' id='word_1_245' title='bbox 1529 2253 1576 2288; x_wconf 87' lang='grc'>11-</span> 
     </span>
     <span class='ocr_line' id='line_1_31' title="bbox 233 2312 1577 2360; baseline -0.005 -8"><span class='ocrx_word' id='word_1_246' title='bbox 233 2316 384 2353; x_wconf 83' lang='lat' dir='ltr'>brarius</span> <span class='ocrx_word' id='word_1_247' title='bbox 413 2315 516 2350; x_wconf 83' lang='lat' dir='ltr'>F101.</span> <span class='ocrx_word' id='word_1_248' title='bbox 540 2314 702 2355; x_wconf 79' lang='lat' dir='ltr'>codicis,</span> <span class='ocrx_word' id='word_1_249' title='bbox 733 2324 798 2349; x_wconf 79' lang='lat' dir='ltr'>aut</span> <span class='ocrx_word' id='word_1_250' title='bbox 818 2314 850 2348; x_wconf 84' lang='lat' dir='ltr'>is</span> <span class='ocrx_word' id='word_1_251' title='bbox 873 2312 943 2360; x_wconf 75' lang='lat' dir='ltr'>qui</span> <span class='ocrx_word' id='word_1_252' title='bbox 966 2312 1071 2347; x_wconf 84' lang='lat' dir='ltr'><strong>hunc</strong></span> <span class='ocrx_word' id='word_1_253' title='bbox 1104 2312 1292 2351; x_wconf 80' lang='lat' dir='ltr'>contulit,</span> <span class='ocrx_word' id='word_1_254' title='bbox 1331 2312 1489 2347; x_wconf 84' lang='lat' dir='ltr'>eandem</span> <span class='ocrx_word' id='word_1_255' title='bbox 1519 2324 1577 2345; x_wconf 81' lang='lat' dir='ltr'>re·</span> 
     </span>
     <span class='ocr_line' id='line_1_32' title="bbox 232 2366 1577 2422; baseline -0.005 -14"><span class='ocrx_word' id='word_1_256' title='bbox 232 2374 464 2422; x_wconf 76' lang='lat' dir='ltr'>petitionem</span> <span class='ocrx_word' id='word_1_257' title='bbox 488 2382 574 2407; x_wconf 77' lang='lat' dir='ltr'>ante</span> <span class='ocrx_word' id='word_1_258' title='bbox 596 2369 730 2406; x_wconf 86' lang='lat' dir='ltr'>oculos</span> <span class='ocrx_word' id='word_1_259' title='bbox 753 2369 913 2408; x_wconf 71' lang='lat' dir='ltr'><strong>habens,</strong></span> <span class='ocrx_word' id='word_1_260' title='bbox 947 2369 1152 2407; x_wconf 80' lang='lat' dir='ltr'>aberravit.</span> <span class='ocrx_word' id='word_1_261' title='bbox 1217 2368 1289 2404; x_wconf 83' lang='lat' dir='ltr'>Sed</span> <span class='ocrx_word' id='word_1_262' title='bbox 1314 2368 1351 2403; x_wconf 77' lang='lat' dir='ltr'>id</span> <span class='ocrx_word' id='word_1_263' title='bbox 1377 2366 1495 2416; x_wconf 87' lang='lat' dir='ltr'><em>ipsum</em></span> <span class='ocrx_word' id='word_1_264' title='bbox 1514 2367 1577 2402; x_wconf 82' lang='lat' dir='ltr'>ab·</span> 
     </span>
     <span class='ocr_line' id='line_1_33' title="bbox 234 2423 1575 2476; baseline -0.005 -12"><span class='ocrx_word' id='word_1_265' title='bbox 234 2430 284 2464; x_wconf 77' lang='lat' dir='ltr'>est</span> <span class='ocrx_word' id='word_1_266' title='bbox 303 2444 321 2464; x_wconf 88' lang='lat' dir='ltr'>a</span> <span class='ocrx_word' id='word_1_267' title='bbox 345 2430 475 2476; x_wconf 84' lang='lat' dir='ltr'>Camp.</span> <span class='ocrx_word' id='word_1_268' title='bbox 503 2427 620 2463; x_wconf 78' lang='lat' dir='ltr'><strong>Goth.</strong></span> <span class='ocrx_word' id='word_1_269' title='bbox 647 2427 749 2462; x_wconf 85' lang='lat' dir='ltr'>Voss&#39;.</span> <span class='ocrx_word' id='word_1_270' title='bbox 780 2437 815 2461; x_wconf 81' lang='lat'>2.</span> <span class='ocrx_word' id='word_1_271' title='bbox 847 2436 884 2460; x_wconf 85' lang='lat' dir='ltr'>et</span> <span class='ocrx_word' id='word_1_272' title='bbox 914 2425 999 2462; x_wconf 83' lang='lat' dir='ltr'><strong>edd.</strong></span> <span class='ocrx_word' id='word_1_273' title='bbox 1033 2437 1118 2461; x_wconf 76' lang='lat' dir='ltr'>ante</span> <span class='ocrx_word' id='word_1_274' title='bbox 1140 2425 1251 2462; x_wconf 77' lang='lat' dir='ltr'><strong>Baffl.</strong></span> <span class='ocrx_word' id='word_1_275' title='bbox 1279 2436 1448 2473; x_wconf 85' lang='lat' dir='ltr'>quorum</span> <span class='ocrx_word' id='word_1_276' title='bbox 1477 2423 1575 2462; x_wconf 86' lang='lat' dir='ltr'><strong>Jens.</strong></span> 
     </span>
    </p>
   </div>
   <div class='ocr_carea' id='block_1_9' title="bbox 232 2479 1574 2534">
    <p class='ocr_par' dir='ltr' id='par_1_10' title="bbox 232 2479 1574 2534">
     <span class='ocr_line' id='line_1_34' title="bbox 232 2479 1574 2534; baseline -0.004 -13"><span class='ocrx_word' id='word_1_277' title='bbox 232 2486 321 2531; x_wconf 79' lang='lat' dir='ltr'>(tac.</span> <span class='ocrx_word' id='word_1_278' title='bbox 343 2486 475 2533; x_wconf 82' lang='lat' dir='ltr'><strong>Gesn.)</strong></span> <span class='ocrx_word' id='word_1_279' title='bbox 494 2485 608 2520; x_wconf 73' lang='lat' dir='ltr'><strong>TarV.</strong></span> <span class='ocrx_word' id='word_1_280' title='bbox 631 2482 802 2534; x_wconf 77' lang='lat' dir='ltr'><strong><em>quicquid</em></strong></span> <span class='ocrx_word' id='word_1_281' title='bbox 815 2481 884 2532; x_wconf 73' lang='lat' dir='ltr'>sit.</span> <span class='ocrx_word' id='word_1_282' title='bbox 1166 2485 1321 2530; x_wconf 76' lang='lat' dir='ltr'><em>ignoret.</em></span> <span class='ocrx_word' id='word_1_283' title='bbox 1357 2481 1420 2516; x_wconf 80' lang='lat' dir='ltr'>Sic</span> <span class='ocrx_word' id='word_1_284' title='bbox 1440 2479 1574 2516; x_wconf 77' lang='lat' dir='ltr'>Turio.</span> 
     </span>
    </p>
   </div>
   <div class='ocr_carea' id='block_1_10' title="bbox 232 2629 1458 2737">
    <p class='ocr_par' dir='ltr' id='par_1_11' title="bbox 232 2629 1458 2737">
     <span class='ocr_line' id='line_1_35' title="bbox 232 2629 1458 2680; baseline -0.005 -12"><span class='ocrx_word' id='word_1_285' title='bbox 232 2645 334 2668; x_wconf 78' lang='lat' dir='ltr'><strong>naer.</strong></span> <span class='ocrx_word' id='word_1_286' title='bbox 355 2632 401 2667; x_wconf 77' lang='lat' dir='ltr'>ad</span> <span class='ocrx_word' id='word_1_287' title='bbox 421 2630 628 2680; x_wconf 77' lang='lat' dir='ltr'>Hippolyt,</span> <span class='ocrx_word' id='word_1_288' title='bbox 651 2643 690 2665; x_wconf 81' lang='lat' dir='ltr'>v.</span> <span class='ocrx_word' id='word_1_289' title='bbox 705 2639 768 2677; x_wconf 83' lang='lat'>79.</span> <span class='ocrx_word' id='word_1_290' title='bbox 790 2642 876 2678; x_wconf 77' lang='lat' dir='ltr'><strong>pag.</strong></span> <span class='ocrx_word' id='word_1_291' title='bbox 935 2629 1036 2678; x_wconf 79' lang='lat' dir='ltr'>apud</span> <span class='ocrx_word' id='word_1_292' title='bbox 1058 2630 1232 2666; x_wconf 82' lang='lat' dir='ltr'>nostrum</span> <span class='ocrx_word' id='word_1_293' title='bbox 1250 2633 1288 2675; x_wconf 85' lang='lat'>4.</span> <span class='ocrx_word' id='word_1_294' title='bbox 1311 2629 1398 2663; x_wconf 84' lang='lat' dir='ltr'>Pro.</span> <span class='ocrx_word' id='word_1_295' title='bbox 1421 2634 1458 2669; x_wconf 77' lang='lat'>3.</span> 
     </span>
     <span class='ocr_line' id='line_1_36' title="bbox 240 2687 879 2737; baseline -0.006 -12"><span class='ocrx_word' id='word_1_296' title='bbox 240 2696 330 2736; x_wconf 76' lang='lat'><strong>³74.</strong></span> <span class='ocrx_word' id='word_1_297' title='bbox 381 2701 498 2725; x_wconf 82' lang='lat' dir='ltr'><strong><em>mores</em></strong></span> <span class='ocrx_word' id='word_1_298' title='bbox 550 2687 741 2724; x_wconf 76' lang='lat' dir='ltr'><em>excolendi</em></span> <span class='ocrx_word' id='word_1_299' title='bbox 760 2735 764 2737; x_wconf 39' lang='grc'>-</span> <span class='ocrx_word' id='word_1_300' title='bbox 792 2687 879 2722; x_wconf 82' lang='lat' dir='ltr'><strong>sunt</strong></span> 
     </span>
    </p>
   </div>
   <div class='ocr_carea' id='block_1_11' title="bbox 1677 211 1754 375">
    <p class='ocr_par' dir='ltr' id='par_1_12' title="bbox 1677 211 1754 375">
     <span class='ocr_line' id='line_1_37' title="bbox 1677 272 1685 273; textangle 90"><span class='ocrx_word' id='word_1_301' title='bbox 1677 272 1685 273; x_wconf 63' lang='grc'>1</span> 
     </span>
     <span class='ocr_line' id='line_1_38' title="bbox 1747 211 1754 375; textangle 90"><span class='ocrx_word' id='word_1_302' title='bbox 1747 219 1754 375; x_wconf 50' lang='grc' dir='ltr'>-τ-ν-ιι-τ--η</span> <span class='ocrx_word' id='word_1_303' title='bbox 1747 211 1749 213; x_wconf 67' lang='grc'><strong><em>«</em></strong></span> 
     </span>
    </p>
   </div>
  </div>
 </body>
</html>
