1779 3062
399 144 567 192 1Ns‘r.
604 143 888 194 onnon.
925 110 1049 192 1ss1ss.
1068 145 1180 203 ΧΠ,
1199 150 1277 192 11;
1415 146 1514 208 693

162 274 310 324 dum.
354 270 702 339 Cognoscere,
743 283 794 322 et
832 283 1111 339 praecepta
1145 272 1370 324 vivendi
1396 293 1516 341 per-

161 350 386 408 discere,
448 360 500 398 et
546 351 605 398 in
647 348 769 400 foro
811 369 913 401 nos
950 352 1180 417 experiri
1216 354 1514 420 potuimu5‚

160 428 295 479 dum
335 425 630 477 scholastici
663 425 858 478 sumus.
902 427 1158 478 Discendi
1197 432 1331 480 ratio
1373 431 1512 491 talis,

155 517 221 556 ut
261 525 374 557 non
398 506 598 554 multos
626 522 791 554 annos
828 504 1016 572 poscat.
1060 507 1342 576 Quaelibet
1363 510 1511 558 enim

156 600 222 632 ex
261 585 327 634 iis
369 583 586 640 artibus,
626 598 855 646 quarum
882 583 1049 633 habui
1079 586 1425 644 mentionem,
1450 587 1511 636 in

153 679 353 728 paucos
393 662 559 709 libros
602 660 845 709 contrahi
885 658 1040 710 solet:
1117 661 1250 712 adeo
1287 661 1509 714 infinito

152 738 323 806 spatio
366 756 423 788 ac
461 736 749 789 traditione
782 755 918 805 opus
955 756 1069 789 non
1101 737 1188 789 est.
1278 741 1511 808 Reliqua

152 915 455 954 declamationes
485 916 576 953 illae
609 915 870 966 praebebant3
914 915 973 951 sed
1007 916 1209 953 dicebatur
1238 930 1386 955 revera.
1446 919 1507 955 Ita

151 985 234 1010 vox
266 988 356 1014 una,
393 988 491 1022 quae
530 974 623 1009 latet
662 973 778 1009 etiam
811 972 853 1008 in
883 972 1026 1008 mendo
1061 976 1155 1014 ima,
1192 985 1296 1011 recte
1326 975 1506 1024 adoptata

150 1030 222 1070 est,
268 1041 311 1066 ut
339 1031 445 1066 sensu
473 1030 632 1079 logico,
673 1030 772 1065 ficut
800 1029 940 1070 toties,
983 1030 1084 1066 dicta
1112 1031 1161 1068 sit
1180 1030 1345 1081 species:
1375 1045 1505 1080 neque

149 1086 368 1133 abjicienda
386 1086 528 1124 vocula
558 1090 609 1129 ῐη,
642 1099 759 1137 quam
788 1086 924 1122 firmat
943 1085 1047 1124 Flor.
1275 1086 1504 1137 Cognoscere

148 1153 197 1179 et.
260 1144 323 1180 Sic
355 1145 489 1180 Turio.
522 1144 627 1182 Flor.
659 1143 788 1180 Guelf.
823 1144 955 1192 Camp.
988 1156 1077 1179 cum
1107 1143 1210 1181 Alm.
1243 1144 1363 1180 Goth.
1395 1144 1499 1181 Voff.

149 1209 190 1235 Ω.
223 1212 260 1237 et
290 1201 375 1236 edd.
406 1213 492 1237 ante
524 1200 614 1239 Ald.
647 1214 722 1237 acc.
755 1200 847 1236 Bad.
894 1203 992 1236 enim
1020 1200 1196 1238 inserunt
1224 1201 1392 1250 reliqui,
1453 1214 1504 1237 ex

147 1257 254 1299 Abii,
288 1269 331 1294 ut
359 1258 528 1299 videtur,
558 1257 803 1294 correctione
836 1257 1002 1294 minime
1031 1258 1250 1295 neceffaria.
1392 1271 1503 1307 prae-

149 1318 247 1364 cepti
274 1316 426 1352 vivendi
458 1315 590 1350 Turio.
628 1314 754 1350 Flen-
788 1329 827 1362 p.
856 1314 1004 1350 dicendi
1035 1314 1155 1352 Goth.
1189 1315 1295 1365 quod
1323 1313 1501 1354 alieniss‘i·

148 1385 260 1407 mum
291 1373 385 1408 hinc
414 1371 557 1422 probat
588 1381 715 1407 tamen
748 1371 857 1407 Gesn.
1113 1373 1151 1406 in
1175 1372 1335 1421 farones
1365 1385 1410 1407 ex
1439 1384 1502 1420 pe·

145 1427 241 1466 riuri
270 1429 376 1466 Flor.
437 1432 476 1464 in
496 1428 714 1477 forensibus
740 1431 902 1476 experiri
933 1429 1068 1477 Camp.
1126 1428 1305 1480 poffimus
1328 1429 1380 1465 id.

302 1487 450 1522 dicendi
480 1488 580 1521 racio
612 1487 746 1521 Locat.
781 1486 888 1533 quod
920 1485 1091 1535 sphalma
1121 1488 1276 1523 transiit
1305 1487 1348 1522 in
1378 1485 1502 1536 poste-

146 1546 287 1586 riores,
320 1557 401 1579 exc.
432 1542 520 1578 Ald.
566 1544 703 1582 Veram
737 1543 917 1578 omnium
948 1542 1062 1578 codd.
1098 1544 1324 1592 scripturam
1349 1544 1502 1592 primus

145 1601 314 1638 restituit
343 1601 455 1636 Gesn.
689 1598 818 1648 poscat
850 1612 926 1634 om.
952 1599 1084 1635 Turic.
1118 1600 1222 1637 Flor.
1255 1599 1382 1636 Guelf.

265 1658 454 1708 quaelibet
484 1658 581 1692 enim
610 1657 695 1704 plus
726 1669 769 1691 ex
800 1656 854 1691 his
884 1654 1054 1704 partibus
1085 1657 1220 1692 Turio.
1254 1655 1358 1693 Flor.
1415 1670 1448 1706 q.
1467 1671 1497 1693 e.

147 1717 232 1767 plus
264 1729 309 1750 ex
349 1715 403 1750 his
442 1715 584 1750 artibus
614 1712 741 1748 Guelf.
773 1713 908 1760 Camp.
972 1713 1242 1761 quantumlibet
1278 1728 1309 1750 e.
1343 1714 1426 1764 plus
1457 1727 1501 1750 ex

148 1774 207 1809 his
237 1787 272 1808 a.
302 1772 423 1807 Goth.
456 1768 525 1816 (de
553 1771 638 1819 plus
667 1779 735 1804 tac.
770 1770 899 1811 Gesn.)
960 1783 996 1818 q.
1028 1782 1059 1806 e.
1089 1770 1173 1819 plus
1202 1784 1245 1806 ex
1273 1772 1320 1806 iis
1340 1786 1374 1807 a.
1400 1770 1501 1808 Voff.

149 1839 189 1865 2.
221 1829 320 1868 Jens.
352 1826 428 1875 (de
457 1827 543 1877 plus
574 1838 644 1863 tac.
671 1826 810 1870 Gesn.)
851 1826 968 1861 Tarv.
1032 1839 1067 1875 q.
1110 1839 1140 1862 e.
1182 1840 1226 1862 ex
1257 1829 1302 1863 iis
1330 1828 1501 1876 partibus

147 1885 265 1923 Bodl.
297 1885 418 1922 Andr.
463 1883 567 1920 ulad
596 1884 681 1932 plus
712 1883 814 1918 unde
845 1881 1055 1931 irrepserit,
1086 1896 1168 1919 non
1197 1885 1402 1934 perspicio,
1426 1884 1500 1920 nifi

147 1954 285 1980 natum
315 1942 417 1978 forte
447 1956 467 1978 e
497 1955 595 1978 voce
629 1942 733 1988 prius
761 1938 933 1988 margini
955 1938 1164 1990 adscripta;
1196 1942 1275 1978 vid.
1297 1954 1413 1977 mox:
1436 1941 1501 1978 sed

145 2001 250 2038 inter
280 1998 420 2036 artibus
450 2009 488 2035 et
513 1998 683 2048 partibus
712 1996 893 2033 fluctuari
920 1996 1055 2046 potest.
1086 1998 1265 2035 Praefero
1289 2010 1417 2035 tamen
1441 2013 1500 2034 ar-

148 2057 248 2094 tibus
276 2056 342 2093 vel
373 2056 424 2093 ob
454 2055 687 2092 relationem
718 2055 765 2090 ad
792 2058 826 2102 ᾗ.
860 2066 896 2102 9.
1071 2069 1226 2105 quarum
1251 2049 1374 2093 halufi.
1434 2055 1500 2091 Sic

145 2114 281 2150 Turio.
320 2113 425 2150 Flor.
468 2111 597 2150 Guelf.
635 2124 668 2149 c.
710 2111 828 2148 Goth.
859 2111 967 2149 Voff.
1002 2120 1040 2149 2.
1079 2113 1181 2153 Jens.
1220 2113 1337 2150 Tarv.
1395 2113 1500 2161 prius

141 2171 320 2208 inserunt
346 2169 506 2220 reliqui.
736 2169 920 2206 contrahis
941 2167 976 2220 s.
1005 2169 1111 2208 Flor.
1342 2182 1419 2207 non
1447 2165 1499 2218 est

205 2308 268 2345 16.
303 2307 546 2360 Cognoscere.
609 2307 794 2345 Rollinus
843 2306 968 2359 scere,
1000 2308 1109 2359 quod
1144 2309 1285 2358 spectat
1313 2321 1432 2344 rerum
1455 2309 1501 2346 in

143 2365 339 2413 adjectum
361 2366 513 2415 aliquid
535 2366 793 2408 defiderabat3
851 2366 933 2403 vita
953 2368 1208 2416 cognitionem
1228 2367 1281 2414 (ᾗ.
1307 2366 1403 2412 17.)‚
1434 2367 1499 2404 ab,

145 2423 210 2459 cui
221 2425 467 2459 Burmannus
489 2436 571 2459 non
593 2423 796 2459 dubitabat
851 2422 974 2460 solute
1004 2424 1178 2473 primum
1213 2424 1383 2473 politum
1425 2424 1499 2467 est,

145 2479 296 2516 tradere
354 2480 514 2529 sequens
569 2489 791 2529 praecepta:
853 2493 933 2529 quo
955 2480 1153 2518 efficacius
1171 2491 1393 2530 opponatur
1413 2481 1501 2519 usui

145 2536 242 2572 adeo
276 2535 385 2572 nulla
407 2537 607 2573 interdum
627 2538 725 2574 viris
746 2536 795 2573 il·
852 2538 1139 2579 declamitandi,
1190 2539 1406 2584 exercendi,
1463 2550 1502 2579 et

145 2592 195 2629 lis
218 2594 343 2630 doctis
363 2605 453 2629 cura
472 2592 551 2630 fuit
566 2594 633 2630 vel
648 2594 792 2644 simpli·
854 2596 965 2631 omni
997 2594 1238 2632 scholasticae
1269 2596 1387 2633 vitae.

145 2650 385 2687 ciffimarum
424 2651 542 2687 verba
585 2651 796 2688 ordinandi
910 2653 1007 2690 ‘adeo
1021 2672 1073 2680 -
1087 2666 1177 2701 opus
1197 2667 1274 2689 non
1292 2651 1374 2701 est„
1397 2653 1503 2692 cave

145 2705 290 2758 legum.
352 2708 502 2749 Verum
531 2708 630 2746 bene
658 2722 795 2759 cogno·
855 2710 1501 2761 ideoreponas,quodfecitBadius,
