<?xml version="1.0" encoding="UTF-8"?>
<!DOCTYPE html PUBLIC "-//W3C//DTD XHTML 1.0 Transitional//EN"
    "http://www.w3.org/TR/xhtml1/DTD/xhtml1-transitional.dtd">
<html xmlns="http://www.w3.org/1999/xhtml" xml:lang="en" lang="en">
 <head>
  <title>
</title>
<meta http-equiv="Content-Type" content="text/html;charset=utf-8" />
  <meta name='ocr-system' content='tesseract 3.04.00' />
  <meta name='ocr-capabilities' content='ocr_page ocr_carea ocr_par ocr_line ocrx_word'/>
</head>
<body>
  <div class='ocr_page' id='page_1' title='image "./deinstitutioneor04quinuoft_0192.png"; bbox 0 0 1779 3062; ppageno 0'>
   <div class='ocr_carea' id='block_1_1' title="bbox 287 169 1302 233">
    <p class='ocr_par' dir='ltr' id='par_1_1' title="bbox 287 169 1302 233">
     <span class='ocr_line' id='line_1_1' title="bbox 287 169 1302 233; baseline -0.004 -15"><span class='ocrx_word' id='word_1_1' title='bbox 287 174 381 218; x_wconf 81' lang='lat'>166</span> <span class='ocrx_word' id='word_1_2' title='bbox 607 173 681 218; x_wconf 85' lang='lat' dir='ltr'>M.</span> <span class='ocrx_word' id='word_1_3' title='bbox 714 172 846 218; x_wconf 86' lang='lat' dir='ltr'>FAB.</span> <span class='ocrx_word' id='word_1_4' title='bbox 885 169 1302 233; x_wconf 81' lang='lat' dir='ltr'><strong>QUINTILIANI</strong></span> 
     </span>
    </p>
   </div>
   <div class='ocr_carea' id='block_1_2' title="bbox 234 294 1718 1439">
    <p class='ocr_par' dir='ltr' id='par_1_2' title="bbox 234 294 1718 1439">
     <span class='ocr_line' id='line_1_2' title="bbox 278 294 1627 364; baseline -0.003 -15"><span class='ocrx_word' id='word_1_5' title='bbox 278 301 445 349; x_wconf 80' lang='lat' dir='ltr'>soluta</span> <span class='ocrx_word' id='word_1_6' title='bbox 468 315 804 364; x_wconf 86' lang='lat' dir='ltr'>componere,</span> <span class='ocrx_word' id='word_1_7' title='bbox 819 298 1103 346; x_wconf 76' lang='lat' dir='ltr'>exultantia</span> <span class='ocrx_word' id='word_1_8' title='bbox 1125 301 1382 353; x_wconf 72' lang='lat' dir='ltr'>coercere,</span> <span class='ocrx_word' id='word_1_9' title='bbox 1396 294 1627 360; x_wconf 86' lang='lat' dir='ltr'>duplicis</span> 
     </span>
     <span class='ocr_line' id='line_1_3' title="bbox 234 372 1628 442; baseline -0.006 -15"><span class='ocrx_word' id='word_1_10' title='bbox 234 403 256 427; x_wconf 83' lang='lat'>2</span> <span class='ocrx_word' id='word_1_11' title='bbox 281 394 482 442; x_wconf 80' lang='lat' dir='ltr'><strong>operae.</strong></span> <span class='ocrx_word' id='word_1_12' title='bbox 565 378 704 425; x_wconf 82' lang='lat' dir='ltr'>Nam</span> <span class='ocrx_word' id='word_1_13' title='bbox 741 386 790 423; x_wconf 89' lang='lat' dir='ltr'>et</span> <span class='ocrx_word' id='word_1_14' title='bbox 828 374 1121 424; x_wconf 82' lang='lat' dir='ltr'>damnanda</span> <span class='ocrx_word' id='word_1_15' title='bbox 1151 372 1303 430; x_wconf 80' lang='lat' dir='ltr'>sunt,</span> <span class='ocrx_word' id='word_1_16' title='bbox 1351 389 1485 436; x_wconf 86' lang='lat' dir='ltr'>quae</span> <span class='ocrx_word' id='word_1_17' title='bbox 1518 373 1628 437; x_wconf 88' lang='lat' dir='ltr'>pla-</span> 
     </span>
     <span class='ocr_line' id='line_1_4' title="bbox 277 448 1627 515; baseline -0.004 -14"><span class='ocrx_word' id='word_1_18' title='bbox 277 464 518 511; x_wconf 81' lang='lat' dir='ltr'>cuerant3</span> <span class='ocrx_word' id='word_1_19' title='bbox 561 463 612 500; x_wconf 89' lang='lat' dir='ltr'>et</span> <span class='ocrx_word' id='word_1_20' title='bbox 632 452 970 514; x_wconf 80' lang='lat' dir='ltr'>invenienda,</span> <span class='ocrx_word' id='word_1_21' title='bbox 1009 467 1142 515; x_wconf 86' lang='lat' dir='ltr'>quae</span> <span class='ocrx_word' id='word_1_22' title='bbox 1171 448 1430 513; x_wconf 78' lang='lat' dir='ltr'><strong>fugerant.</strong></span> <span class='ocrx_word' id='word_1_23' title='bbox 1509 450 1627 497; x_wconf 89' lang='lat' dir='ltr'>Nec</span> 
     </span>
     <span class='ocr_line' id='line_1_5' title="bbox 276 524 1628 593; baseline -0.004 -15"><span class='ocrx_word' id='word_1_24' title='bbox 276 530 504 578; x_wconf 88' lang='lat' dir='ltr'>dubium</span> <span class='ocrx_word' id='word_1_25' title='bbox 527 528 613 587; x_wconf 82' lang='lat' dir='ltr'>est,</span> <span class='ocrx_word' id='word_1_26' title='bbox 652 532 915 593; x_wconf 87' lang='lat' dir='ltr'>optimum</span> <span class='ocrx_word' id='word_1_27' title='bbox 952 526 1048 576; x_wconf 84' lang='lat' dir='ltr'>effe</span> <span class='ocrx_word' id='word_1_28' title='bbox 1088 524 1407 574; x_wconf 88' lang='lat' dir='ltr'>emendandi</span> <span class='ocrx_word' id='word_1_29' title='bbox 1443 541 1628 589; x_wconf 82' lang='lat' dir='ltr'>genus,</span> 
     </span>
     <span class='ocr_line' id='line_1_6' title="bbox 274 605 1629 673; baseline -0.003 -20"><span class='ocrx_word' id='word_1_30' title='bbox 274 605 318 654; x_wconf 83' lang='lat' dir='ltr'>si</span> <span class='ocrx_word' id='word_1_31' title='bbox 351 606 535 673; x_wconf 83' lang='lat' dir='ltr'>scripta</span> <span class='ocrx_word' id='word_1_32' title='bbox 571 608 628 654; x_wconf 87' lang='lat' dir='ltr'>in</span> <span class='ocrx_word' id='word_1_33' title='bbox 659 606 878 670; x_wconf 80' lang='lat' dir='ltr'>aliquod</span> <span class='ocrx_word' id='word_1_34' title='bbox 913 616 1122 669; x_wconf 83' lang='lat' dir='ltr'>tempus</span> <span class='ocrx_word' id='word_1_35' title='bbox 1165 612 1527 668; x_wconf 86' lang='lat' dir='ltr'>reponuntur,</span> <span class='ocrx_word' id='word_1_36' title='bbox 1566 610 1629 649; x_wconf 89' lang='lat' dir='ltr'>ut</span> 
     </span>
     <span class='ocr_line' id='line_1_7' title="bbox 281 680 1630 751; baseline -0.003 -20"><span class='ocrx_word' id='word_1_37' title='bbox 281 683 348 731; x_wconf 88' lang='lat' dir='ltr'>ad</span> <span class='ocrx_word' id='word_1_38' title='bbox 391 701 449 731; x_wconf 90' lang='lat' dir='ltr'>ea</span> <span class='ocrx_word' id='word_1_39' title='bbox 502 682 617 751; x_wconf 83' lang='lat' dir='ltr'>post</span> <span class='ocrx_word' id='word_1_40' title='bbox 662 683 1028 739; x_wconf 83' lang='lat' dir='ltr'>intervallum,</span> <span class='ocrx_word' id='word_1_41' title='bbox 1107 680 1259 728; x_wconf 81' lang='lat' dir='ltr'>velut</span> <span class='ocrx_word' id='word_1_42' title='bbox 1300 695 1441 727; x_wconf 86' lang='lat' dir='ltr'>nova</span> <span class='ocrx_word' id='word_1_43' title='bbox 1474 688 1630 741; x_wconf 86' lang='lat' dir='ltr'>atque</span> 
     </span>
     <span class='ocr_line' id='line_1_8' title="bbox 281 753 1631 820; baseline -0.004 -12"><span class='ocrx_word' id='word_1_44' title='bbox 281 761 474 818; x_wconf 86' lang='lat' dir='ltr'>aliena,</span> <span class='ocrx_word' id='word_1_45' title='bbox 536 759 838 818; x_wconf 79' lang='lat' dir='ltr'>redeamus,</span> <span class='ocrx_word' id='word_1_46' title='bbox 908 776 976 806; x_wconf 92' lang='lat' dir='ltr'>ne</span> <span class='ocrx_word' id='word_1_47' title='bbox 1017 758 1172 806; x_wconf 78' lang='lat' dir='ltr'>nobis</span> <span class='ocrx_word' id='word_1_48' title='bbox 1214 755 1401 820; x_wconf 79' lang='lat' dir='ltr'>scripta</span> <span class='ocrx_word' id='word_1_49' title='bbox 1438 753 1631 819; x_wconf 79' lang='lat' dir='ltr'>nostra,</span> 
     </span>
     <span class='ocr_line' id='line_1_9' title="bbox 234 830 1631 900; baseline -0.005 -13"><span class='ocrx_word' id='word_1_50' title='bbox 234 847 533 900; x_wconf 69' lang='lat' dir='ltr'>ztanquam</span> <span class='ocrx_word' id='word_1_51' title='bbox 581 847 814 885; x_wconf 79' lang='lat' dir='ltr'>recentes</span> <span class='ocrx_word' id='word_1_52' title='bbox 854 834 1020 893; x_wconf 82' lang='lat' dir='ltr'>fetus,</span> <span class='ocrx_word' id='word_1_53' title='bbox 1082 833 1433 882; x_wconf 79' lang='lat' dir='ltr'>blandiantur.</span> <span class='ocrx_word' id='word_1_54' title='bbox 1528 830 1631 880; x_wconf 88' lang='lat' dir='ltr'>Sed</span> 
     </span>
     <span class='ocr_line' id='line_1_10' title="bbox 278 906 1628 978; baseline -0.006 -15"><span class='ocrx_word' id='word_1_55' title='bbox 278 931 455 977; x_wconf 84' lang='lat' dir='ltr'>neque</span> <span class='ocrx_word' id='word_1_56' title='bbox 481 915 584 963; x_wconf 88' lang='lat' dir='ltr'>hoc</span> <span class='ocrx_word' id='word_1_57' title='bbox 610 915 914 978; x_wconf 82' lang='lat' dir='ltr'>contingere</span> <span class='ocrx_word' id='word_1_58' title='bbox 946 911 1149 976; x_wconf 78' lang='lat' dir='ltr'>semper</span> <span class='ocrx_word' id='word_1_59' title='bbox 1177 908 1360 975; x_wconf 81' lang='lat' dir='ltr'>potest,</span> <span class='ocrx_word' id='word_1_60' title='bbox 1400 906 1628 974; x_wconf 79' lang='lat' dir='ltr'>praeser-</span> 
     </span>
     <span class='ocr_line' id='line_1_11' title="bbox 279 984 1629 1054; baseline -0.003 -15"><span class='ocrx_word' id='word_1_61' title='bbox 279 991 377 1039; x_wconf 84' lang='lat' dir='ltr'>tim</span> <span class='ocrx_word' id='word_1_62' title='bbox 399 992 610 1047; x_wconf 70' lang='lat' dir='ltr'>oratori,</span> <span class='ocrx_word' id='word_1_63' title='bbox 652 992 737 1038; x_wconf 87' lang='lat' dir='ltr'>cui</span> <span class='ocrx_word' id='word_1_64' title='bbox 757 989 958 1054; x_wconf 78' lang='lat' dir='ltr'>saepius</span> <span class='ocrx_word' id='word_1_65' title='bbox 984 988 1207 1036; x_wconf 82' lang='lat' dir='ltr'>scribere</span> <span class='ocrx_word' id='word_1_66' title='bbox 1245 986 1311 1034; x_wconf 89' lang='lat' dir='ltr'>ad</span> <span class='ocrx_word' id='word_1_67' title='bbox 1336 984 1629 1051; x_wconf 77' lang='lat' dir='ltr'>praesentes</span> 
     </span>
     <span class='ocr_line' id='line_1_12' title="bbox 279 1062 1626 1116; baseline -0.004 -1"><span class='ocrx_word' id='word_1_68' title='bbox 279 1065 407 1116; x_wconf 81' lang='lat' dir='ltr'>usus</span> <span class='ocrx_word' id='word_1_69' title='bbox 444 1065 641 1116; x_wconf 73' lang='lat' dir='ltr'>necesse</span> <span class='ocrx_word' id='word_1_70' title='bbox 673 1065 771 1114; x_wconf 80' lang='lat' dir='ltr'>est:</span> <span class='ocrx_word' id='word_1_71' title='bbox 815 1077 866 1114; x_wconf 92' lang='lat' dir='ltr'>et</span> <span class='ocrx_word' id='word_1_72' title='bbox 899 1065 1200 1114; x_wconf 86' lang='lat' dir='ltr'>emendatio</span> <span class='ocrx_word' id='word_1_73' title='bbox 1235 1062 1404 1111; x_wconf 81' lang='lat' dir='ltr'>finem</span> <span class='ocrx_word' id='word_1_74' title='bbox 1424 1063 1626 1111; x_wconf 83' lang='lat' dir='ltr'>habeat.</span> 
     </span>
     <span class='ocr_line' id='line_1_13' title="bbox 280 1140 1629 1208; baseline -0.004 -16"><span class='ocrx_word' id='word_1_75' title='bbox 280 1146 414 1192; x_wconf 87' lang='lat' dir='ltr'>Sunt</span> <span class='ocrx_word' id='word_1_76' title='bbox 448 1146 592 1192; x_wconf 88' lang='lat' dir='ltr'>enim</span> <span class='ocrx_word' id='word_1_77' title='bbox 634 1144 729 1208; x_wconf 89' lang='lat' dir='ltr'>qui</span> <span class='ocrx_word' id='word_1_78' title='bbox 776 1141 841 1191; x_wconf 87' lang='lat' dir='ltr'>ad</span> <span class='ocrx_word' id='word_1_79' title='bbox 886 1144 1062 1191; x_wconf 85' lang='lat' dir='ltr'>omnia</span> <span class='ocrx_word' id='word_1_80' title='bbox 1103 1140 1313 1205; x_wconf 82' lang='lat' dir='ltr'>scripta,</span> <span class='ocrx_word' id='word_1_81' title='bbox 1376 1149 1629 1204; x_wconf 88' lang='lat' dir='ltr'>tanquam</span> 
     </span>
     <span class='ocr_line' id='line_1_14' title="bbox 277 1214 1718 1283; baseline -0.005 -15"><span class='ocrx_word' id='word_1_82' title='bbox 277 1219 480 1276; x_wconf 81' lang='lat' dir='ltr'>vitiosa,</span> <span class='ocrx_word' id='word_1_83' title='bbox 520 1220 749 1275; x_wconf 83' lang='lat' dir='ltr'>redeant,</span> <span class='ocrx_word' id='word_1_84' title='bbox 786 1229 836 1266; x_wconf 85' lang='lat' dir='ltr'>et</span> <span class='ocrx_word' id='word_1_85' title='bbox 870 1217 1017 1283; x_wconf 76' lang='lat' dir='ltr'>quasi</span> <span class='ocrx_word' id='word_1_86' title='bbox 1049 1218 1188 1266; x_wconf 86' lang='lat' dir='ltr'>nihil</span> <span class='ocrx_word' id='word_1_87' title='bbox 1216 1215 1290 1265; x_wconf 83' lang='lat' dir='ltr'>fas</span> <span class='ocrx_word' id='word_1_88' title='bbox 1327 1214 1391 1263; x_wconf 79' lang='lat' dir='ltr'>sit</span> <span class='ocrx_word' id='word_1_89' title='bbox 1420 1226 1626 1264; x_wconf 87' lang='lat' dir='ltr'>rectum</span> <span class='ocrx_word' id='word_1_90' title='bbox 1639 1223 1718 1267; x_wconf 78' lang='lat'>940</span> 
     </span>
     <span class='ocr_line' id='line_1_15' title="bbox 278 1291 1629 1361; baseline -0.004 -16"><span class='ocrx_word' id='word_1_91' title='bbox 278 1295 403 1354; x_wconf 77' lang='lat' dir='ltr'>effe,</span> <span class='ocrx_word' id='word_1_92' title='bbox 455 1296 601 1361; x_wconf 92' lang='lat' dir='ltr'>quod</span> <span class='ocrx_word' id='word_1_93' title='bbox 641 1297 877 1360; x_wconf 86' lang='lat' dir='ltr'>primum</span> <span class='ocrx_word' id='word_1_94' title='bbox 917 1293 1012 1352; x_wconf 77' lang='lat' dir='ltr'>est,</span> <span class='ocrx_word' id='word_1_95' title='bbox 1074 1294 1268 1342; x_wconf 84' lang='lat' dir='ltr'>melius</span> <span class='ocrx_word' id='word_1_96' title='bbox 1319 1291 1629 1350; x_wconf 86' lang='lat' dir='ltr'>existiment,</span> 
     </span>
     <span class='ocr_line' id='line_1_16' title="bbox 278 1369 1630 1439; baseline -0.003 -17"><span class='ocrx_word' id='word_1_97' title='bbox 278 1373 549 1439; x_wconf 88' lang='lat' dir='ltr'>quidquid</span> <span class='ocrx_word' id='word_1_98' title='bbox 594 1372 666 1421; x_wconf 79' lang='lat' dir='ltr'>est</span> <span class='ocrx_word' id='word_1_99' title='bbox 715 1372 888 1430; x_wconf 88' lang='lat' dir='ltr'>aliud,</span> <span class='ocrx_word' id='word_1_100' title='bbox 943 1369 1364 1437; x_wconf 24' lang='lat' dir='ltr'>idquevfaciant,</span> <span class='ocrx_word' id='word_1_101' title='bbox 1414 1369 1630 1435; x_wconf 89' lang='lat' dir='ltr'>quoties</span> 
     </span>
    </p>
   </div>
   <div class='ocr_carea' id='block_1_3' title="bbox 277 1522 1632 1796">
    <p class='ocr_par' dir='ltr' id='par_1_3' title="bbox 277 1522 1629 1626">
     <span class='ocr_line' id='line_1_17' title="bbox 277 1522 1629 1575; baseline -0.003 -13"><span class='ocrx_word' id='word_1_102' title='bbox 277 1537 405 1562; x_wconf 83' lang='lat' dir='ltr'>nente.</span> <span class='ocrx_word' id='word_1_103' title='bbox 437 1528 537 1562; x_wconf 82' lang='lat' dir='ltr'>Mox</span> <span class='ocrx_word' id='word_1_104' title='bbox 565 1525 726 1575; x_wconf 79' lang='lat' dir='ltr'>resoluta</span> <span class='ocrx_word' id='word_1_105' title='bbox 757 1526 888 1560; x_wconf 79' lang='lat' dir='ltr'>Turio.</span> <span class='ocrx_word' id='word_1_106' title='bbox 912 1524 1015 1560; x_wconf 81' lang='lat' dir='ltr'>Flor.</span> <span class='ocrx_word' id='word_1_107' title='bbox 1039 1526 1075 1569; x_wconf 82' lang='lat' dir='ltr'>(a</span> <span class='ocrx_word' id='word_1_108' title='bbox 1101 1537 1158 1572; x_wconf 86' lang='lat' dir='ltr'>pr.</span> <span class='ocrx_word' id='word_1_109' title='bbox 1179 1523 1252 1568; x_wconf 86' lang='lat' dir='ltr'>m.)</span> <span class='ocrx_word' id='word_1_110' title='bbox 1286 1523 1419 1571; x_wconf 83' lang='lat' dir='ltr'>Camp·</span> <span class='ocrx_word' id='word_1_111' title='bbox 1451 1523 1526 1558; x_wconf 85' lang='lat' dir='ltr'>Sed</span> <span class='ocrx_word' id='word_1_112' title='bbox 1551 1522 1629 1558; x_wconf 85' lang='lat' dir='ltr'>hoc</span> 
     </span>
     <span class='ocr_line' id='line_1_18' title="bbox 281 1580 1427 1626; baseline -0.003 -9"><span class='ocrx_word' id='word_1_113' title='bbox 281 1582 569 1618; x_wconf 73' lang='lat' dir='ltr'>adhaerescebat</span> <span class='ocrx_word' id='word_1_114' title='bbox 595 1596 639 1617; x_wconf 75' lang='lat' dir='ltr'>ex</span> <span class='ocrx_word' id='word_1_115' title='bbox 665 1582 807 1616; x_wconf 77' lang='lat' dir='ltr'>omissis</span> <span class='ocrx_word' id='word_1_116' title='bbox 831 1581 909 1615; x_wconf 82' lang='lat' dir='ltr'>illis</span> <span class='ocrx_word' id='word_1_117' title='bbox 931 1592 967 1616; x_wconf 83' lang='lat' dir='ltr'>et</span> <span class='ocrx_word' id='word_1_118' title='bbox 988 1580 1233 1616; x_wconf 81' lang='lat' dir='ltr'>antecedente</span> <span class='ocrx_word' id='word_1_119' title='bbox 1259 1591 1427 1626; x_wconf 87' lang='lat' dir='ltr'>quoque.</span> 
     </span>
    </p>

    <p class='ocr_par' dir='ltr' id='par_1_4' title="bbox 280 1633 1632 1796">
     <span class='ocr_line' id='line_1_19' title="bbox 371 1633 1630 1686; baseline -0.002 -13"><span class='ocrx_word' id='word_1_120' title='bbox 371 1649 406 1674; x_wconf 87' lang='lat'>2.</span> <span class='ocrx_word' id='word_1_121' title='bbox 438 1640 667 1686; x_wconf 72' lang='lat' dir='ltr'>placuerant.</span> <span class='ocrx_word' id='word_1_122' title='bbox 701 1638 834 1672; x_wconf 80' lang='lat' dir='ltr'>Turic-</span> <span class='ocrx_word' id='word_1_123' title='bbox 867 1638 997 1685; x_wconf 77' lang='lat' dir='ltr'>Camp.</span> <span class='ocrx_word' id='word_1_124' title='bbox 1032 1639 1146 1672; x_wconf 74' lang='lat' dir='ltr'>Tarv.</span> <span class='ocrx_word' id='word_1_125' title='bbox 1170 1635 1396 1682; x_wconf 81' lang='lat' dir='ltr'>placuerunt.</span> <span class='ocrx_word' id='word_1_126' title='bbox 1429 1633 1567 1676; x_wconf 79' lang='lat' dir='ltr'>Placet,</span> <span class='ocrx_word' id='word_1_127' title='bbox 1593 1645 1630 1670; x_wconf 86' lang='lat' dir='ltr'>et</span> 
     </span>
     <span class='ocr_line' id='line_1_20' title="bbox 280 1690 1630 1741; baseline -0.003 -11"><span class='ocrx_word' id='word_1_128' title='bbox 280 1707 365 1731; x_wconf 89' lang='lat' dir='ltr'>tum</span> <span class='ocrx_word' id='word_1_129' title='bbox 386 1695 434 1729; x_wconf 78' lang='lat' dir='ltr'>ad</span> <span class='ocrx_word' id='word_1_130' title='bbox 454 1695 558 1730; x_wconf 86' lang='lat' dir='ltr'>hunc</span> <span class='ocrx_word' id='word_1_131' title='bbox 588 1695 751 1729; x_wconf 83' lang='lat' dir='ltr'>modum</span> <span class='ocrx_word' id='word_1_132' title='bbox 773 1693 1046 1741; x_wconf 71' lang='lat' dir='ltr'>refingendum</span> <span class='ocrx_word' id='word_1_133' title='bbox 1073 1692 1274 1740; x_wconf 72' lang='lat' dir='ltr'>fugerunt,</span> <span class='ocrx_word' id='word_1_134' title='bbox 1308 1690 1412 1738; x_wconf 89' lang='lat' dir='ltr'>quod</span> <span class='ocrx_word' id='word_1_135' title='bbox 1433 1704 1512 1726; x_wconf 89' lang='lat' dir='ltr'>non</span> <span class='ocrx_word' id='word_1_136' title='bbox 1537 1691 1630 1726; x_wconf 81' lang='lat' dir='ltr'>facit</span> 
     </span>
     <span class='ocr_line' id='line_1_21' title="bbox 281 1747 1632 1796; baseline -0.002 -9"><span class='ocrx_word' id='word_1_137' title='bbox 281 1753 395 1787; x_wconf 83' lang='lat' dir='ltr'>Tarv.</span> <span class='ocrx_word' id='word_1_138' title='bbox 432 1752 530 1786; x_wconf 84' lang='lat' dir='ltr'>Mox</span> <span class='ocrx_word' id='word_1_139' title='bbox 553 1760 588 1786; x_wconf 76' lang='lat' dir='ltr'>et</span> <span class='ocrx_word' id='word_1_140' title='bbox 610 1753 681 1786; x_wconf 85' lang='lat' dir='ltr'>inv.</span> <span class='ocrx_word' id='word_1_141' title='bbox 702 1768 758 1775; x_wconf 91' lang='grc'>·-</span> <span class='ocrx_word' id='word_1_142' title='bbox 779 1750 862 1784; x_wconf 77' lang='lat' dir='ltr'>dub.</span> <span class='ocrx_word' id='word_1_143' title='bbox 888 1747 935 1796; x_wconf 81' lang='lat' dir='ltr'>est</span> <span class='ocrx_word' id='word_1_144' title='bbox 965 1751 1096 1785; x_wconf 79' lang='lat' dir='ltr'>Turio.</span> <span class='ocrx_word' id='word_1_145' title='bbox 1119 1747 1222 1783; x_wconf 74' lang='lat' dir='ltr'>Flor.</span> <span class='ocrx_word' id='word_1_146' title='bbox 1253 1750 1289 1788; x_wconf 77' lang='lat' dir='ltr'>(a</span> <span class='ocrx_word' id='word_1_147' title='bbox 1308 1760 1365 1794; x_wconf 82' lang='lat' dir='ltr'>pr.</span> <span class='ocrx_word' id='word_1_148' title='bbox 1386 1749 1460 1792; x_wconf 86' lang='lat' dir='ltr'>m.)</span> <span class='ocrx_word' id='word_1_149' title='bbox 1494 1749 1632 1796; x_wconf 70' lang='lat' dir='ltr'>camp.</span> 
     </span>
    </p>
   </div>
   <div class='ocr_carea' id='block_1_4' title="bbox 277 1801 1630 1969">
    <p class='ocr_par' dir='ltr' id='par_1_5' title="bbox 277 1801 1630 1969">
     <span class='ocr_line' id='line_1_22' title="bbox 277 1801 1467 1855; baseline -0.003 -12"><span class='ocrx_word' id='word_1_150' title='bbox 277 1808 482 1844; x_wconf 68' lang='lat' dir='ltr'>omittunt.</span> <span class='ocrx_word' id='word_1_151' title='bbox 708 1805 787 1855; x_wconf 79' lang='lat' dir='ltr'>effe.</span> <span class='ocrx_word' id='word_1_152' title='bbox 818 1806 951 1841; x_wconf 80' lang='lat' dir='ltr'>Turic.</span> <span class='ocrx_word' id='word_1_153' title='bbox 984 1810 1022 1850; x_wconf 79' lang='lat' dir='ltr'>(a</span> <span class='ocrx_word' id='word_1_154' title='bbox 1045 1807 1111 1840; x_wconf 81' lang='lat' dir='ltr'>sec.</span> <span class='ocrx_word' id='word_1_155' title='bbox 1134 1807 1204 1847; x_wconf 88' lang='lat' dir='ltr'>m.)</span> <span class='ocrx_word' id='word_1_156' title='bbox 1236 1805 1368 1852; x_wconf 86' lang='lat' dir='ltr'>Camp.</span> <span class='ocrx_word' id='word_1_157' title='bbox 1405 1801 1467 1852; x_wconf 78' lang='lat' dir='ltr'>est.</span> 
     </span>
     <span class='ocr_line' id='line_1_23' title="bbox 364 1860 1630 1911; baseline -0.001 -14"><span class='ocrx_word' id='word_1_158' title='bbox 364 1871 600 1911; x_wconf 79' lang='lat' dir='ltr'>reponuntur.</span> <span class='ocrx_word' id='word_1_159' title='bbox 643 1863 705 1897; x_wconf 86' lang='lat' dir='ltr'>Sic</span> <span class='ocrx_word' id='word_1_160' title='bbox 741 1864 871 1897; x_wconf 64' lang='lat' dir='ltr'>Tui-ic.</span> <span class='ocrx_word' id='word_1_161' title='bbox 904 1863 1007 1898; x_wconf 83' lang='lat' dir='ltr'>Flor.</span> <span class='ocrx_word' id='word_1_162' title='bbox 1041 1862 1079 1906; x_wconf 86' lang='lat' dir='ltr'>(a</span> <span class='ocrx_word' id='word_1_163' title='bbox 1107 1874 1165 1909; x_wconf 81' lang='lat' dir='ltr'>pr.</span> <span class='ocrx_word' id='word_1_164' title='bbox 1196 1861 1269 1904; x_wconf 90' lang='lat' dir='ltr'>m.)</span> <span class='ocrx_word' id='word_1_165' title='bbox 1300 1860 1432 1909; x_wconf 86' lang='lat' dir='ltr'>Ca-mp.</span> <span class='ocrx_word' id='word_1_166' title='bbox 1470 1860 1630 1909; x_wconf 78' lang='lat' dir='ltr'>Reliqui</span> 
     </span>
     <span class='ocr_line' id='line_1_24' title="bbox 279 1916 1627 1969; baseline -0.002 -13"><span class='ocrx_word' id='word_1_167' title='bbox 279 1929 517 1969; x_wconf 81' lang='lat' dir='ltr'>reponuntur.</span> <span class='ocrx_word' id='word_1_168' title='bbox 750 1928 935 1968; x_wconf 82' lang='lat' dir='ltr'>tanquam.</span> <span class='ocrx_word' id='word_1_169' title='bbox 969 1919 1100 1954; x_wconf 81' lang='lat' dir='ltr'>Turio.</span> <span class='ocrx_word' id='word_1_170' title='bbox 1123 1916 1226 1951; x_wconf 80' lang='lat' dir='ltr'>Flor.</span> <span class='ocrx_word' id='word_1_171' title='bbox 1261 1919 1300 1959; x_wconf 82' lang='lat' dir='ltr'>(a</span> <span class='ocrx_word' id='word_1_172' title='bbox 1321 1930 1379 1964; x_wconf 81' lang='lat' dir='ltr'>pr.</span> <span class='ocrx_word' id='word_1_173' title='bbox 1403 1917 1476 1964; x_wconf 86' lang='lat' dir='ltr'>m.)</span> <span class='ocrx_word' id='word_1_174' title='bbox 1506 1930 1627 1966; x_wconf 85' lang='lat' dir='ltr'>quam.</span> 
     </span>
    </p>
   </div>
   <div class='ocr_carea' id='block_1_5' title="bbox 281 1972 1628 2194">
    <p class='ocr_par' dir='ltr' id='par_1_6' title="bbox 281 1972 1456 2025">
     <span class='ocr_line' id='line_1_25' title="bbox 281 1972 1456 2025; baseline -0.003 -14"><span class='ocrx_word' id='word_1_175' title='bbox 281 1976 353 2012; x_wconf 85' lang='lat' dir='ltr'>Ille</span> <span class='ocrx_word' id='word_1_176' title='bbox 379 1990 397 2011; x_wconf 85' lang='lat' dir='ltr'>a</span> <span class='ocrx_word' id='word_1_177' title='bbox 419 1978 487 2012; x_wconf 83' lang='lat' dir='ltr'>sec.</span> <span class='ocrx_word' id='word_1_178' title='bbox 512 1990 563 2010; x_wconf 87' lang='lat' dir='ltr'>m.</span> <span class='ocrx_word' id='word_1_179' title='bbox 596 1974 711 2025; x_wconf 83' lang='lat' dir='ltr'>quasi,</span> <span class='ocrx_word' id='word_1_180' title='bbox 730 1987 766 2010; x_wconf 87' lang='lat' dir='ltr'>et</span> <span class='ocrx_word' id='word_1_181' title='bbox 792 1976 840 2009; x_wconf 82' lang='lat' dir='ltr'>[ie</span> <span class='ocrx_word' id='word_1_182' title='bbox 865 1977 996 2025; x_wconf 83' lang='lat' dir='ltr'>Camp.</span> <span class='ocrx_word' id='word_1_183' title='bbox 1022 1988 1108 2009; x_wconf 90' lang='lat' dir='ltr'>cum</span> <span class='ocrx_word' id='word_1_184' title='bbox 1135 1973 1219 2008; x_wconf 89' lang='lat' dir='ltr'>edd.</span> <span class='ocrx_word' id='word_1_185' title='bbox 1242 1983 1325 2007; x_wconf 85' lang='lat' dir='ltr'>ante</span> <span class='ocrx_word' id='word_1_186' title='bbox 1347 1972 1456 2009; x_wconf 79' lang='lat' dir='ltr'>Basil.</span> 
     </span>
    </p>

    <p class='ocr_par' dir='ltr' id='par_1_7' title="bbox 282 2028 1628 2194">
     <span class='ocr_line' id='line_1_26' title="bbox 368 2028 1628 2078; baseline -0.002 -11"><span class='ocrx_word' id='word_1_187' title='bbox 368 2043 405 2077; x_wconf 80' lang='grc'>5.</span> <span class='ocrx_word' id='word_1_188' title='bbox 437 2041 472 2068; x_wconf 83' lang='lat' dir='ltr'>et·</span> <span class='ocrx_word' id='word_1_189' title='bbox 492 2034 713 2068; x_wconf 82' lang='lat' dir='ltr'>emendatio.</span> <span class='ocrx_word' id='word_1_190' title='bbox 746 2033 806 2067; x_wconf 83' lang='lat' dir='ltr'>Sic</span> <span class='ocrx_word' id='word_1_191' title='bbox 826 2032 961 2069; x_wconf 74' lang='lat' dir='ltr'>Turio.</span> <span class='ocrx_word' id='word_1_192' title='bbox 990 2031 1094 2067; x_wconf 82' lang='lat' dir='ltr'>Flor.</span> <span class='ocrx_word' id='word_1_193' title='bbox 1129 2033 1166 2073; x_wconf 81' lang='lat' dir='ltr'>(a</span> <span class='ocrx_word' id='word_1_194' title='bbox 1189 2030 1257 2064; x_wconf 81' lang='lat' dir='ltr'>sec·</span> <span class='ocrx_word' id='word_1_195' title='bbox 1281 2030 1354 2073; x_wconf 85' lang='lat' dir='ltr'>m.)</span> <span class='ocrx_word' id='word_1_196' title='bbox 1387 2028 1547 2078; x_wconf 77' lang='lat' dir='ltr'>Reliqui</span> <span class='ocrx_word' id='word_1_197' title='bbox 1568 2030 1628 2065; x_wconf 85' lang='lat' dir='ltr'>in-</span> 
     </span>
     <span class='ocr_line' id='line_1_27' title="bbox 282 2087 1628 2138; baseline -0.004 -12"><span class='ocrx_word' id='word_1_198' title='bbox 282 2089 409 2126; x_wconf 82' lang='lat' dir='ltr'>serunt</span> <span class='ocrx_word' id='word_1_199' title='bbox 440 2088 530 2138; x_wconf 80' lang='lat' dir='ltr'>ipsa,</span> <span class='ocrx_word' id='word_1_200' title='bbox 573 2090 802 2136; x_wconf 83' lang='lat' dir='ltr'>Quanquam</span> <span class='ocrx_word' id='word_1_201' title='bbox 836 2089 967 2124; x_wconf 80' lang='lat' dir='ltr'>Turic.</span> <span class='ocrx_word' id='word_1_202' title='bbox 1016 2088 1216 2122; x_wconf 70' lang='lat' dir='ltr'>mendatio,</span> <span class='ocrx_word' id='word_1_203' title='bbox 1479 2087 1628 2123; x_wconf 78' lang='lat' dir='ltr'>habeat.</span> 
     </span>
     <span class='ocr_line' id='line_1_28' title="bbox 282 2142 1627 2194; baseline -0.003 -12"><span class='ocrx_word' id='word_1_204' title='bbox 282 2147 345 2182; x_wconf 84' lang='lat' dir='ltr'>Sic</span> <span class='ocrx_word' id='word_1_205' title='bbox 372 2148 506 2194; x_wconf 83' lang='lat' dir='ltr'>Camp.</span> <span class='ocrx_word' id='word_1_206' title='bbox 548 2145 685 2181; x_wconf 83' lang='lat' dir='ltr'>habent</span> <span class='ocrx_word' id='word_1_207' title='bbox 722 2145 854 2180; x_wconf 82' lang='lat' dir='ltr'>Turio.</span> <span class='ocrx_word' id='word_1_208' title='bbox 902 2144 1062 2193; x_wconf 79' lang='lat' dir='ltr'>Reliqui</span> <span class='ocrx_word' id='word_1_209' title='bbox 1095 2142 1215 2177; x_wconf 70' lang='lat' dir='ltr'>habet.</span> <span class='ocrx_word' id='word_1_210' title='bbox 1478 2142 1627 2192; x_wconf 79' lang='lat' dir='ltr'>vitiosa.</span> 
     </span>
    </p>
   </div>
   <div class='ocr_carea' id='block_1_6' title="bbox 279 2255 1630 2748">
    <p class='ocr_par' dir='ltr' id='par_1_8' title="bbox 279 2255 1630 2748">
     <span class='ocr_line' id='line_1_29' title="bbox 331 2255 1629 2309; baseline -0.002 -14"><span class='ocrx_word' id='word_1_211' title='bbox 331 2258 524 2309; x_wconf 70' lang='lat' dir='ltr'>soluta—</span> <span class='ocrx_word' id='word_1_212' title='bbox 542 2258 760 2293; x_wconf 76' lang='lat' dir='ltr'>exultantia.</span> <span class='ocrx_word' id='word_1_213' title='bbox 789 2257 834 2292; x_wconf 80' lang='lat' dir='ltr'>cf.</span> <span class='ocrx_word' id='word_1_214' title='bbox 864 2270 925 2298; x_wconf 89' lang='lat'>10,</span> <span class='ocrx_word' id='word_1_215' title='bbox 1046 2267 1081 2293; x_wconf 77' lang='lat'>2.</span> <span class='ocrx_word' id='word_1_216' title='bbox 1130 2255 1359 2303; x_wconf 74' lang='lat' dir='ltr'>placuerant.</span> <span class='ocrx_word' id='word_1_217' title='bbox 1421 2255 1503 2292; x_wconf 81' lang='lat' dir='ltr'>vid.</span> <span class='ocrx_word' id='word_1_218' title='bbox 1547 2266 1629 2292; x_wconf 85' lang='lat' dir='ltr'>not.</span> 
     </span>
     <span class='ocr_line' id='line_1_30' title="bbox 284 2313 1071 2365; baseline -0.006 -12"><span class='ocrx_word' id='word_1_219' title='bbox 284 2327 322 2358; x_wconf 87' lang='lat'>2,</span> <span class='ocrx_word' id='word_1_220' title='bbox 350 2316 410 2351; x_wconf 82' lang='lat'>16.</span> <span class='ocrx_word' id='word_1_221' title='bbox 433 2318 601 2365; x_wconf 76' lang='lat' dir='ltr'>Apparet</span> <span class='ocrx_word' id='word_1_222' title='bbox 622 2314 714 2348; x_wconf 80' lang='lat' dir='ltr'>haec</span> <span class='ocrx_word' id='word_1_223' title='bbox 734 2314 927 2362; x_wconf 78' lang='lat' dir='ltr'>pertinere</span> <span class='ocrx_word' id='word_1_224' title='bbox 986 2313 1071 2349; x_wconf 81' lang='lat' dir='ltr'>crit.</span> 
     </span>
     <span class='ocr_line' id='line_1_31' title="bbox 282 2370 927 2417; baseline -0.005 -11"><span class='ocrx_word' id='word_1_225' title='bbox 282 2374 329 2408; x_wconf 79' lang='lat' dir='ltr'>ad</span> <span class='ocrx_word' id='word_1_226' title='bbox 356 2385 549 2408; x_wconf 86' lang='lat' dir='ltr'>numeros.</span> <span class='ocrx_word' id='word_1_227' title='bbox 611 2371 685 2406; x_wconf 90' lang='lat' dir='ltr'>Sed</span> <span class='ocrx_word' id='word_1_228' title='bbox 716 2370 793 2417; x_wconf 83' lang='lat' dir='ltr'>ipsa</span> <span class='ocrx_word' id='word_1_229' title='bbox 830 2372 927 2404; x_wconf 83' lang='lat' dir='ltr'>inor-</span> 
     </span>
     <span class='ocr_line' id='line_1_32' title="bbox 282 2422 1627 2477; baseline -0.002 -14"><span class='ocrx_word' id='word_1_230' title='bbox 282 2430 415 2463; x_wconf 79' lang='lat' dir='ltr'>dinata</span> <span class='ocrx_word' id='word_1_231' title='bbox 452 2441 608 2477; x_wconf 79' lang='lat' dir='ltr'>quoque</span> <span class='ocrx_word' id='word_1_232' title='bbox 657 2427 791 2461; x_wconf 78' lang='lat' dir='ltr'>eodem</span> <span class='ocrx_word' id='word_1_233' title='bbox 831 2426 926 2460; x_wconf 77' lang='lat' dir='ltr'>refe·</span> <span class='ocrx_word' id='word_1_234' title='bbox 1042 2435 1216 2474; x_wconf 76' lang='lat' dir='ltr'>tanquam</span> <span class='ocrx_word' id='word_1_235' title='bbox 1292 2433 1449 2461; x_wconf 80' lang='lat' dir='ltr'>recentes</span> <span class='ocrx_word' id='word_1_236' title='bbox 1515 2422 1627 2471; x_wconf 75' lang='lat' dir='ltr'>fetus.</span> 
     </span>
     <span class='ocr_line' id='line_1_33' title="bbox 281 2482 1628 2532; baseline -0.002 -13"><span class='ocrx_word' id='word_1_237' title='bbox 281 2485 398 2520; x_wconf 82' lang='lat' dir='ltr'>reuda</span> <span class='ocrx_word' id='word_1_238' title='bbox 421 2485 599 2532; x_wconf 81' lang='lat' dir='ltr'>suspicor,</span> <span class='ocrx_word' id='word_1_239' title='bbox 610 2483 689 2518; x_wconf 87' lang='lat' dir='ltr'>vid.</span> <span class='ocrx_word' id='word_1_240' title='bbox 707 2494 742 2529; x_wconf 88' lang='lat'>9,</span> <span class='ocrx_word' id='word_1_241' title='bbox 758 2493 790 2525; x_wconf 74' lang='lat'>4,</span> <span class='ocrx_word' id='word_1_242' title='bbox 812 2491 928 2524; x_wconf 81' lang='lat'>25—-</span> <span class='ocrx_word' id='word_1_243' title='bbox 984 2483 1129 2517; x_wconf 83' lang='lat' dir='ltr'>Pseudo</span> <span class='ocrx_word' id='word_1_244' title='bbox 1144 2502 1156 2508; x_wconf 92' lang='lat'><strong>·</strong></span> <span class='ocrx_word' id='word_1_245' title='bbox 1170 2482 1374 2517; x_wconf 85' lang='lat' dir='ltr'>Turnebus</span> <span class='ocrx_word' id='word_1_246' title='bbox 1425 2492 1527 2516; x_wconf 84' lang='lat' dir='ltr'>recte</span> <span class='ocrx_word' id='word_1_247' title='bbox 1570 2494 1628 2516; x_wconf 82' lang='lat' dir='ltr'>re-</span> 
     </span>
     <span class='ocr_line' id='line_1_34' title="bbox 282 2537 1608 2588; baseline -0.002 -13"><span class='ocrx_word' id='word_1_248' title='bbox 282 2549 355 2583; x_wconf 79' lang='lat'>32‚</span> <span class='ocrx_word' id='word_1_249' title='bbox 390 2541 574 2588; x_wconf 82' lang='lat' dir='ltr'>quoniam</span> <span class='ocrx_word' id='word_1_250' title='bbox 607 2540 652 2575; x_wconf 87' lang='lat' dir='ltr'>de</span> <span class='ocrx_word' id='word_1_251' title='bbox 676 2537 927 2586; x_wconf 78' lang='lat' dir='ltr'>dispositione,</span> <span class='ocrx_word' id='word_1_252' title='bbox 986 2538 1109 2573; x_wconf 80' lang='lat' dir='ltr'>mittit</span> <span class='ocrx_word' id='word_1_253' title='bbox 1132 2539 1177 2572; x_wconf 81' lang='lat' dir='ltr'>ad</span> <span class='ocrx_word' id='word_1_254' title='bbox 1198 2539 1314 2586; x_wconf 78' lang='lat' dir='ltr'>Epist.</span> <span class='ocrx_word' id='word_1_255' title='bbox 1330 2538 1377 2572; x_wconf 86' lang='lat' dir='ltr'>ad</span> <span class='ocrx_word' id='word_1_256' title='bbox 1398 2537 1546 2586; x_wconf 86' lang='lat' dir='ltr'>Tryph.</span> <span class='ocrx_word' id='word_1_257' title='bbox 1571 2547 1608 2573; x_wconf 84' lang='lat'>2.</span> 
     </span>
     <span class='ocr_line' id='line_1_35' title="bbox 282 2595 928 2644; baseline -0.003 -14"><span class='ocrx_word' id='word_1_258' title='bbox 282 2609 394 2644; x_wconf 81' lang='lat' dir='ltr'>quam</span> <span class='ocrx_word' id='word_1_259' title='bbox 420 2598 500 2631; x_wconf 82' lang='lat' dir='ltr'>sane</span> <span class='ocrx_word' id='word_1_260' title='bbox 523 2595 742 2643; x_wconf 77' lang='lat' dir='ltr'>intelligere</span> <span class='ocrx_word' id='word_1_261' title='bbox 764 2606 928 2643; x_wconf 80' lang='lat' dir='ltr'>poteras,</span> 
     </span>
     <span class='ocr_line' id='line_1_36' title="bbox 280 2647 1629 2700; baseline -0.003 -14"><span class='ocrx_word' id='word_1_262' title='bbox 280 2665 384 2686; x_wconf 86' lang='lat' dir='ltr'>nunc</span> <span class='ocrx_word' id='word_1_263' title='bbox 414 2665 491 2687; x_wconf 90' lang='lat' dir='ltr'>non</span> <span class='ocrx_word' id='word_1_264' title='bbox 525 2653 604 2700; x_wconf 83' lang='lat' dir='ltr'>agit</span> <span class='ocrx_word' id='word_1_265' title='bbox 634 2651 771 2692; x_wconf 83' lang='lat' dir='ltr'>noster,</span> <span class='ocrx_word' id='word_1_266' title='bbox 804 2651 864 2686; x_wconf 86' lang='lat' dir='ltr'>sed</span> <span class='ocrx_word' id='word_1_267' title='bbox 882 2651 928 2686; x_wconf 81' lang='lat' dir='ltr'>de</span> <span class='ocrx_word' id='word_1_268' title='bbox 1043 2658 1079 2692; x_wconf 79' lang='lat'>3.</span> <span class='ocrx_word' id='word_1_269' title='bbox 1126 2651 1252 2684; x_wconf 75' lang='lat' dir='ltr'>melius</span> <span class='ocrx_word' id='word_1_270' title='bbox 1285 2647 1502 2697; x_wconf 78' lang='lat' dir='ltr'>existiment.</span> <span class='ocrx_word' id='word_1_271' title='bbox 1555 2650 1629 2682; x_wconf 83' lang='lat' dir='ltr'>Re-</span> 
     </span>
     <span class='ocr_line' id='line_1_37' title="bbox 279 2706 1630 2748; baseline -0.003 -6"><span class='ocrx_word' id='word_1_272' title='bbox 279 2707 356 2742; x_wconf 77' lang='lat' dir='ltr'>sola</span> <span class='ocrx_word' id='word_1_273' title='bbox 377 2707 611 2747; x_wconf 77' lang='lat' dir='ltr'>elocutione.</span> <span class='ocrx_word' id='word_1_274' title='bbox 986 2706 1306 2743; x_wconf 69' lang='lat' dir='ltr'>mittitGeEnerus</span> <span class='ocrx_word' id='word_1_275' title='bbox 1326 2706 1372 2741; x_wconf 77' lang='lat' dir='ltr'>ad</span> <span class='ocrx_word' id='word_1_276' title='bbox 1399 2718 1460 2746; x_wconf 86' lang='lat'>10,</span> <span class='ocrx_word' id='word_1_277' title='bbox 1487 2719 1522 2746; x_wconf 84' lang='lat'>1,</span> <span class='ocrx_word' id='word_1_278' title='bbox 1540 2717 1557 2738; x_wconf 82' lang='lat'>1</span> <span class='ocrx_word' id='word_1_279' title='bbox 1571 2710 1630 2748; x_wconf 79' lang='lat'>15.</span> 
     </span>
    </p>
   </div>
  </div>
 </body>
</html>
