<?xml version="1.0" encoding="UTF-8"?>
<!DOCTYPE html PUBLIC "-//W3C//DTD XHTML 1.0 Transitional//EN"
    "http://www.w3.org/TR/xhtml1/DTD/xhtml1-transitional.dtd">
<html xmlns="http://www.w3.org/1999/xhtml" xml:lang="en" lang="en">
 <head>
  <title>
</title>
<meta http-equiv="Content-Type" content="text/html;charset=utf-8" />
  <meta name='ocr-system' content='tesseract 3.04.00' />
  <meta name='ocr-capabilities' content='ocr_page ocr_carea ocr_par ocr_line ocrx_word'/>
</head>
<body>
  <div class='ocr_page' id='page_1' title='image "./deinstitutioneor04quinuoft_0374.png"; bbox 0 0 1779 3062; ppageno 0'>
   <div class='ocr_carea' id='block_1_1' title="bbox 277 140 1288 201">
    <p class='ocr_par' dir='ltr' id='par_1_1' title="bbox 277 140 1288 201">
     <span class='ocr_line' id='line_1_1' title="bbox 277 140 1288 201; baseline 0.001 -17"><span class='ocrx_word' id='word_1_1' title='bbox 277 150 372 199; x_wconf 75' lang='lat'>343</span> <span class='ocrx_word' id='word_1_2' title='bbox 595 140 671 185; x_wconf 83' lang='lat' dir='ltr'>M.</span> <span class='ocrx_word' id='word_1_3' title='bbox 704 141 838 186; x_wconf 83' lang='lat' dir='ltr'>FAB.</span> <span class='ocrx_word' id='word_1_4' title='bbox 873 140 1288 201; x_wconf 67' lang='lat' dir='ltr'><strong>QUINTlLIANI</strong></span> 
     </span>
    </p>
   </div>
   <div class='ocr_carea' id='block_1_2' title="bbox 273 263 1614 631">
    <p class='ocr_par' dir='ltr' id='par_1_2' title="bbox 273 263 1614 631">
     <span class='ocr_line' id='line_1_2' title="bbox 274 263 1614 332; baseline 0 -17"><span class='ocrx_word' id='word_1_5' title='bbox 274 264 392 322; x_wconf 80' lang='lat' dir='ltr'>Sed,</span> <span class='ocrx_word' id='word_1_6' title='bbox 418 275 481 313; x_wconf 92' lang='lat' dir='ltr'>ut</span> <span class='ocrx_word' id='word_1_7' title='bbox 505 264 571 314; x_wconf 85' lang='lat' dir='ltr'>ad</span> <span class='ocrx_word' id='word_1_8' title='bbox 596 264 931 332; x_wconf 84' lang='lat' dir='ltr'>propositum</span> <span class='ocrx_word' id='word_1_9' title='bbox 954 265 1179 324; x_wconf 86' lang='lat' dir='ltr'>redeam,</span> <span class='ocrx_word' id='word_1_10' title='bbox 1206 270 1309 327; x_wconf 85' lang='lat' dir='ltr'>jam</span> <span class='ocrx_word' id='word_1_11' title='bbox 1331 263 1614 316; x_wconf 86' lang='lat' dir='ltr'>confirma-</span> 
     </span>
     <span class='ocr_line' id='line_1_3' title="bbox 276 341 1613 408; baseline 0.003 -19"><span class='ocrx_word' id='word_1_12' title='bbox 276 353 356 389; x_wconf 84' lang='lat' dir='ltr'>tae</span> <span class='ocrx_word' id='word_1_13' title='bbox 392 341 809 408; x_wconf 86' lang='lat' dir='ltr'>constitutaeque</span> <span class='ocrx_word' id='word_1_14' title='bbox 842 342 986 390; x_wconf 84' lang='lat' dir='ltr'>vocis</span> <span class='ocrx_word' id='word_1_15' title='bbox 1021 359 1188 407; x_wconf 87' lang='lat' dir='ltr'>genus</span> <span class='ocrx_word' id='word_1_16' title='bbox 1228 345 1613 393; x_wconf 80' lang='lat' dir='ltr'>exercitationis</span> 
     </span>
     <span class='ocr_line' id='line_1_4' title="bbox 279 417 1610 484; baseline 0.004 -19"><span class='ocrx_word' id='word_1_17' title='bbox 279 419 546 484; x_wconf 80' lang='lat' dir='ltr'>optimum</span> <span class='ocrx_word' id='word_1_18' title='bbox 581 419 748 477; x_wconf 82' lang='lat' dir='ltr'>duco,</span> <span class='ocrx_word' id='word_1_19' title='bbox 788 417 1041 484; x_wconf 56' lang='lat' dir='ltr'>quod-«est</span> <span class='ocrx_word' id='word_1_20' title='bbox 1070 420 1220 484; x_wconf 88' lang='lat' dir='ltr'>operi</span> <span class='ocrx_word' id='word_1_21' title='bbox 1260 418 1610 480; x_wconf 81' lang='lat' dir='ltr'>simillimum,</span> 
     </span>
     <span class='ocr_line' id='line_1_5' title="bbox 276 494 1610 560; baseline 0.001 -17"><span class='ocrx_word' id='word_1_22' title='bbox 276 495 451 543; x_wconf 82' lang='lat' dir='ltr'><strong>dicere</strong></span> <span class='ocrx_word' id='word_1_23' title='bbox 485 496 743 560; x_wconf 79' lang='lat' dir='ltr'>quotidie,</span> <span class='ocrx_word' id='word_1_24' title='bbox 781 494 914 545; x_wconf 73' lang='lat' dir='ltr'>sicut</span> <span class='ocrx_word' id='word_1_25' title='bbox 941 497 1158 560; x_wconf 78' lang='lat' dir='ltr'><strong>agimus.</strong></span> <span class='ocrx_word' id='word_1_26' title='bbox 1236 498 1483 560; x_wconf 83' lang='lat' dir='ltr'>Namque</span> <span class='ocrx_word' id='word_1_27' title='bbox 1506 498 1610 547; x_wconf 87' lang='lat' dir='ltr'>hoc</span> 
     </span>
     <span class='ocr_line' id='line_1_6' title="bbox 273 561 1610 631; baseline 0.001 -12"><span class='ocrx_word' id='word_1_28' title='bbox 273 572 442 622; x_wconf 80' lang='lat' dir='ltr'>modo</span> <span class='ocrx_word' id='word_1_29' title='bbox 473 590 584 622; x_wconf 85' lang='lat' dir='ltr'>non</span> <span class='ocrx_word' id='word_1_30' title='bbox 616 591 723 623; x_wconf 87' lang='lat' dir='ltr'>vox</span> <span class='ocrx_word' id='word_1_31' title='bbox 753 581 956 621; x_wconf 84' lang='lat' dir='ltr'>tantum</span> <span class='ocrx_word' id='word_1_32' title='bbox 1001 561 1348 621; x_wconf 80' lang='lat' dir='ltr'>confirmatur</span> <span class='ocrx_word' id='word_1_33' title='bbox 1380 584 1432 621; x_wconf 88' lang='lat' dir='ltr'>et</span> <span class='ocrx_word' id='word_1_34' title='bbox 1457 573 1610 631; x_wconf 85' lang='lat' dir='ltr'>latus,</span> 
     </span>
    </p>
   </div>
   <div class='ocr_carea' id='block_1_3' title="bbox 274 646 1706 717">
    <p class='ocr_par' dir='ltr' id='par_1_3' title="bbox 274 646 1706 717">
     <span class='ocr_line' id='line_1_7' title="bbox 274 646 1706 717; baseline 0.003 -21"><span class='ocrx_word' id='word_1_35' title='bbox 274 647 364 698; x_wconf 82' lang='lat' dir='ltr'>sed</span> <span class='ocrx_word' id='word_1_36' title='bbox 402 650 562 698; x_wconf 86' lang='lat' dir='ltr'>etiam</span> <span class='ocrx_word' id='word_1_37' title='bbox 600 651 834 717; x_wconf 85' lang='lat' dir='ltr'>corporis</span> <span class='ocrx_word' id='word_1_38' title='bbox 874 648 1063 697; x_wconf 86' lang='lat' dir='ltr'>decens</span> <span class='ocrx_word' id='word_1_39' title='bbox 1095 660 1145 697; x_wconf 89' lang='lat' dir='ltr'>et</span> <span class='ocrx_word' id='word_1_40' title='bbox 1181 649 1611 699; x_wconf 86' lang='lat' dir='ltr'>accommodatus</span> <span class='ocrx_word' id='word_1_41' title='bbox 1654 651 1656 653; x_wconf 62' lang='grc'><strong><em>’</em></strong></span> <span class='ocrx_word' id='word_1_42' title='bbox 1704 646 1706 649; x_wconf 58' lang='grc'><strong>’</strong></span> 
     </span>
    </p>
   </div>
   <div class='ocr_carea' id='block_1_4' title="bbox 199 722 1610 1329">
    <p class='ocr_par' dir='ltr' id='par_1_4' title="bbox 199 722 1610 1329">
     <span class='ocr_line' id='line_1_8' title="bbox 199 722 1610 791; baseline -0.003 -13"><span class='ocrx_word' id='word_1_43' title='bbox 199 742 250 778; x_wconf 82' lang='lat'>50</span> <span class='ocrx_word' id='word_1_44' title='bbox 276 727 507 776; x_wconf 82' lang='lat' dir='ltr'>orationi</span> <span class='ocrx_word' id='word_1_45' title='bbox 548 738 726 777; x_wconf 87' lang='lat' dir='ltr'>motus</span> <span class='ocrx_word' id='word_1_46' title='bbox 773 728 1122 791; x_wconf 82' lang='lat' dir='ltr'>componitur.</span> <span class='ocrx_word' id='word_1_47' title='bbox 1215 728 1347 775; x_wconf 86' lang='lat' dir='ltr'>Non</span> <span class='ocrx_word' id='word_1_48' title='bbox 1393 727 1492 774; x_wconf 81' lang='lat' dir='ltr'>alia</span> <span class='ocrx_word' id='word_1_49' title='bbox 1536 722 1610 774; x_wconf 85' lang='lat' dir='ltr'>est</span> 
     </span>
     <span class='ocr_line' id='line_1_9' title="bbox 274 802 1610 869; baseline -0.001 -16"><span class='ocrx_word' id='word_1_50' title='bbox 274 814 449 853; x_wconf 88' lang='lat' dir='ltr'>autem</span> <span class='ocrx_word' id='word_1_51' title='bbox 470 806 603 852; x_wconf 87' lang='lat' dir='ltr'>ratio</span> <span class='ocrx_word' id='word_1_52' title='bbox 626 804 1104 869; x_wconf 77' lang='lat' dir='ltr'>pronunciationis,</span> <span class='ocrx_word' id='word_1_53' title='bbox 1130 820 1290 867; x_wconf 85' lang='lat' dir='ltr'>quarn</span> <span class='ocrx_word' id='word_1_54' title='bbox 1308 802 1470 868; x_wconf 78' lang='lat' dir='ltr'>ipsius</span> <span class='ocrx_word' id='word_1_55' title='bbox 1493 820 1610 852; x_wconf 87' lang='lat' dir='ltr'>ora-</span> 
     </span>
     <span class='ocr_line' id='line_1_10' title="bbox 271 879 1610 938; baseline -0.001 -9"><span class='ocrx_word' id='word_1_56' title='bbox 271 882 446 930; x_wconf 81' lang='lat' dir='ltr'>tionis.</span> <span class='ocrx_word' id='word_1_57' title='bbox 527 883 668 929; x_wconf 85' lang='lat' dir='ltr'>Nam</span> <span class='ocrx_word' id='word_1_58' title='bbox 698 890 760 929; x_wconf 91' lang='lat' dir='ltr'>ut</span> <span class='ocrx_word' id='word_1_59' title='bbox 792 880 883 928; x_wconf 88' lang='lat' dir='ltr'>illa</span> <span class='ocrx_word' id='word_1_60' title='bbox 907 879 1193 937; x_wconf 83' lang='lat' dir='ltr'>emendata,</span> <span class='ocrx_word' id='word_1_61' title='bbox 1234 879 1484 938; x_wconf 82' lang='lat' dir='ltr'>dilucida,</span> <span class='ocrx_word' id='word_1_62' title='bbox 1524 897 1610 929; x_wconf 89' lang='lat' dir='ltr'>or-</span> 
     </span>
     <span class='ocr_line' id='line_1_11' title="bbox 269 954 1610 1023; baseline -0.001 -17"><span class='ocrx_word' id='word_1_63' title='bbox 269 969 413 1016; x_wconf 76' lang='lat' dir='ltr'>nata,</span> <span class='ocrx_word' id='word_1_64' title='bbox 452 968 567 1023; x_wconf 84' lang='lat' dir='ltr'>apta</span> <span class='ocrx_word' id='word_1_65' title='bbox 600 955 697 1004; x_wconf 77' lang='lat' dir='ltr'>effe</span> <span class='ocrx_word' id='word_1_66' title='bbox 728 956 906 1005; x_wconf 86' lang='lat' dir='ltr'>debet:</span> <span class='ocrx_word' id='word_1_67' title='bbox 947 958 1018 1004; x_wconf 84' lang='lat' dir='ltr'>ita</span> <span class='ocrx_word' id='word_1_68' title='bbox 1043 957 1170 1004; x_wconf 87' lang='lat' dir='ltr'>haec</span> <span class='ocrx_word' id='word_1_69' title='bbox 1191 972 1408 1022; x_wconf 87' lang='lat' dir='ltr'>quoque</span> <span class='ocrx_word' id='word_1_70' title='bbox 1431 954 1610 1005; x_wconf 84' lang='lat' dir='ltr'>enien-</span> 
     </span>
     <span class='ocr_line' id='line_1_12' title="bbox 269 1031 1609 1092; baseline -0.001 -10"><span class='ocrx_word' id='word_1_71' title='bbox 269 1033 389 1083; x_wconf 82' lang='lat' dir='ltr'>data</span> <span class='ocrx_word' id='word_1_72' title='bbox 410 1036 532 1092; x_wconf 81' lang='lat' dir='ltr'>erit,</span> <span class='ocrx_word' id='word_1_73' title='bbox 571 1034 630 1082; x_wconf 87' lang='lat' dir='ltr'>id.</span> <span class='ocrx_word' id='word_1_74' title='bbox 656 1032 754 1090; x_wconf 82' lang='lat' dir='ltr'>est,</span> <span class='ocrx_word' id='word_1_75' title='bbox 794 1035 928 1082; x_wconf 80' lang='lat' dir='ltr'>vitio</span> <span class='ocrx_word' id='word_1_76' title='bbox 951 1034 1171 1091; x_wconf 83' lang='lat' dir='ltr'>carebit,</span> <span class='ocrx_word' id='word_1_77' title='bbox 1205 1031 1247 1080; x_wconf 83' lang='lat' dir='ltr'>fi</span> <span class='ocrx_word' id='word_1_78' title='bbox 1268 1031 1431 1082; x_wconf 80' lang='lat' dir='ltr'>fuerit</span> <span class='ocrx_word' id='word_1_79' title='bbox 1452 1051 1509 1082; x_wconf 84' lang='lat' dir='ltr'>os</span> <span class='ocrx_word' id='word_1_80' title='bbox 1531 1032 1609 1081; x_wconf 86' lang='lat' dir='ltr'>fa-</span> 
     </span>
     <span class='ocr_line' id='line_1_13' title="bbox 267 1109 1608 1177; baseline 0.001 -18"><span class='ocrx_word' id='word_1_81' title='bbox 267 1112 391 1170; x_wconf 80' lang='lat' dir='ltr'>cile,</span> <span class='ocrx_word' id='word_1_82' title='bbox 453 1111 813 1177; x_wconf 77' lang='lat' dir='ltr'>explanatum,</span> <span class='ocrx_word' id='word_1_83' title='bbox 851 1109 1180 1170; x_wconf 85' lang='lat' dir='ltr'>jucundum,</span> <span class='ocrx_word' id='word_1_84' title='bbox 1218 1111 1509 1168; x_wconf 83' lang='lat' dir='ltr'>urbanum,</span> <span class='ocrx_word' id='word_1_85' title='bbox 1548 1110 1608 1160; x_wconf 88' lang='lat' dir='ltr'>id.</span> 
     </span>
     <span class='ocr_line' id='line_1_14' title="bbox 266 1185 1607 1252; baseline -0.001 -16"><span class='ocrx_word' id='word_1_86' title='bbox 266 1187 354 1245; x_wconf 85' lang='lat' dir='ltr'>est,</span> <span class='ocrx_word' id='word_1_87' title='bbox 394 1189 450 1235; x_wconf 87' lang='lat' dir='ltr'>in</span> <span class='ocrx_word' id='word_1_88' title='bbox 479 1205 586 1252; x_wconf 84' lang='lat' dir='ltr'>quo</span> <span class='ocrx_word' id='word_1_89' title='bbox 614 1187 763 1234; x_wconf 88' lang='lat' dir='ltr'>nulla</span> <span class='ocrx_word' id='word_1_90' title='bbox 786 1202 961 1248; x_wconf 87' lang='lat' dir='ltr'>neque</span> <span class='ocrx_word' id='word_1_91' title='bbox 983 1185 1240 1234; x_wconf 78' lang='lat' dir='ltr'>rusticitas</span> <span class='ocrx_word' id='word_1_92' title='bbox 1260 1202 1435 1251; x_wconf 82' lang='lat' dir='ltr'>neque</span> <span class='ocrx_word' id='word_1_93' title='bbox 1456 1204 1607 1252; x_wconf 86' lang='lat' dir='ltr'>pere-</span> 
     </span>
     <span class='ocr_line' id='line_1_15' title="bbox 266 1260 1607 1329; baseline 0 -17"><span class='ocrx_word' id='word_1_94' title='bbox 266 1266 483 1329; x_wconf 83' lang='lat' dir='ltr'>grinitas</span> <span class='ocrx_word' id='word_1_95' title='bbox 501 1261 720 1311; x_wconf 81' lang='lat' dir='ltr'>resonet.</span> <span class='ocrx_word' id='word_1_96' title='bbox 777 1263 909 1310; x_wconf 87' lang='lat' dir='ltr'>Non</span> <span class='ocrx_word' id='word_1_97' title='bbox 933 1263 1076 1310; x_wconf 88' lang='lat' dir='ltr'>enim</span> <span class='ocrx_word' id='word_1_98' title='bbox 1096 1260 1207 1310; x_wconf 82' lang='lat' dir='ltr'>sine</span> <span class='ocrx_word' id='word_1_99' title='bbox 1234 1262 1382 1311; x_wconf 80' lang='lat' dir='ltr'>causa</span> <span class='ocrx_word' id='word_1_100' title='bbox 1409 1263 1607 1312; x_wconf 83' lang='lat' dir='ltr'>dicitur</span> 
     </span>
    </p>
   </div>
   <div class='ocr_carea' id='block_1_5' title="bbox 186 1338 1613 1403">
    <p class='ocr_par' dir='ltr' id='par_1_5' title="bbox 186 1338 1613 1403">
     <span class='ocr_line' id='line_1_16' title="bbox 186 1338 1613 1403; baseline 0 -14"><span class='ocrx_word' id='word_1_101' title='bbox 186 1353 238 1389; x_wconf 79' lang='lat'>51</span> <span class='ocrx_word' id='word_1_102' title='bbox 264 1340 544 1391; x_wconf 72' lang='lat' dir='ltr'>barbarum</span> <span class='ocrx_word' id='word_1_103' title='bbox 584 1339 925 1391; x_wconf 78' lang='lat' dir='ltr'>Graeczmzve.</span> <span class='ocrx_word' id='word_1_104' title='bbox 1007 1340 1149 1388; x_wconf 87' lang='lat' dir='ltr'>Nam</span> <span class='ocrx_word' id='word_1_105' title='bbox 1183 1338 1324 1389; x_wconf 83' lang='lat' dir='ltr'>sonis</span> <span class='ocrx_word' id='word_1_106' title='bbox 1344 1340 1613 1403; x_wconf 82' lang='lat' dir='ltr'>homines,-</span> 
     </span>
    </p>
   </div>
   <div class='ocr_carea' id='block_1_6' title="bbox 259 1514 1604 1960">
    <p class='ocr_par' dir='ltr' id='par_1_6' title="bbox 259 1514 1604 1960">
     <span class='ocr_line' id='line_1_17' title="bbox 349 1514 1600 1566; baseline 0 -11"><span class='ocrx_word' id='word_1_107' title='bbox 349 1528 414 1562; x_wconf 81' lang='grc'>50.</span> <span class='ocrx_word' id='word_1_108' title='bbox 446 1519 534 1554; x_wconf 80' lang='lat' dir='ltr'>N&#39;on</span> <span class='ocrx_word' id='word_1_109' title='bbox 566 1517 644 1553; x_wconf 83' lang='lat' dir='ltr'>alia</span> <span class='ocrx_word' id='word_1_110' title='bbox 675 1514 724 1564; x_wconf 76' lang='lat' dir='ltr'>eft</span> <span class='ocrx_word' id='word_1_111' title='bbox 754 1527 886 1552; x_wconf 78' lang='lat' dir='ltr'>autem.</span> <span class='ocrx_word' id='word_1_112' title='bbox 928 1517 1061 1553; x_wconf 85' lang='lat' dir='ltr'>Turic.</span> <span class='ocrx_word' id='word_1_113' title='bbox 1094 1517 1197 1553; x_wconf 87' lang='lat' dir='ltr'>Flor.</span> <span class='ocrx_word' id='word_1_114' title='bbox 1235 1532 1271 1554; x_wconf 84' lang='lat' dir='ltr'>n.</span> <span class='ocrx_word' id='word_1_115' title='bbox 1294 1534 1328 1555; x_wconf 88' lang='lat' dir='ltr'>a.</span> <span class='ocrx_word' id='word_1_116' title='bbox 1346 1516 1417 1566; x_wconf 80' lang='lat' dir='ltr'>sed</span> <span class='ocrx_word' id='word_1_117' title='bbox 1438 1514 1487 1565; x_wconf 77' lang='lat' dir='ltr'>eft</span> <span class='ocrx_word' id='word_1_118' title='bbox 1510 1519 1600 1556; x_wconf 70' lang='lat' dir='ltr'>alia.</span> 
     </span>
     <span class='ocr_line' id='line_1_18' title="bbox 259 1572 1604 1624; baseline 0 -14"><span class='ocrx_word' id='word_1_119' title='bbox 259 1578 383 1613; x_wconf 82' lang='lat' dir='ltr'>Error</span> <span class='ocrx_word' id='word_1_120' title='bbox 411 1587 521 1610; x_wconf 83' lang='lat' dir='ltr'>natus</span> <span class='ocrx_word' id='word_1_121' title='bbox 555 1589 573 1609; x_wconf 90' lang='lat' dir='ltr'>e</span> <span class='ocrx_word' id='word_1_122' title='bbox 599 1575 834 1621; x_wconf 83' lang='lat' dir='ltr'>compendio</span> <span class='ocrx_word' id='word_1_123' title='bbox 857 1572 896 1611; x_wconf 78' lang='grc' dir='ltr'>αῘ</span> <span class='ocrx_word' id='word_1_124' title='bbox 918 1574 993 1618; x_wconf 87' lang='lat' dir='ltr'>(cf.</span> <span class='ocrx_word' id='word_1_125' title='bbox 1024 1587 1086 1614; x_wconf 83' lang='lat'>11,</span> <span class='ocrx_word' id='word_1_126' title='bbox 1116 1589 1150 1614; x_wconf 89' lang='lat'>1,</span> <span class='ocrx_word' id='word_1_127' title='bbox 1175 1574 1239 1618; x_wconf 84' lang='grc'>67.</span> <span class='ocrx_word' id='word_1_128' title='bbox 1255 1577 1283 1614; x_wconf 85' lang='grc'>).</span> <span class='ocrx_word' id='word_1_129' title='bbox 1307 1576 1435 1622; x_wconf 86' lang='lat' dir='ltr'>Camp.</span> <span class='ocrx_word' id='word_1_130' title='bbox 1457 1588 1532 1610; x_wconf 88' lang='lat' dir='ltr'>non</span> <span class='ocrx_word' id='word_1_131' title='bbox 1553 1573 1604 1624; x_wconf 67' lang='lat' dir='ltr'>es}</span> 
     </span>
     <span class='ocr_line' id='line_1_19' title="bbox 262 1630 1599 1679; baseline 0 -12"><span class='ocrx_word' id='word_1_132' title='bbox 262 1641 387 1669; x_wconf 77' lang='lat' dir='ltr'>autem</span> <span class='ocrx_word' id='word_1_133' title='bbox 416 1632 520 1670; x_wconf 73' lang='lat' dir='ltr'>ulia3</span> <span class='ocrx_word' id='word_1_134' title='bbox 549 1631 686 1679; x_wconf 82' lang='lat' dir='ltr'>placet.</span> <span class='ocrx_word' id='word_1_135' title='bbox 745 1631 806 1664; x_wconf 87' lang='lat' dir='ltr'>De</span> <span class='ocrx_word' id='word_1_136' title='bbox 831 1630 1116 1677; x_wconf 82' lang='lat' dir='ltr'>transponendo</span> <span class='ocrx_word' id='word_1_137' title='bbox 1141 1640 1262 1665; x_wconf 81' lang='lat' dir='ltr'>autem</span> <span class='ocrx_word' id='word_1_138' title='bbox 1284 1631 1375 1666; x_wconf 81' lang='lat' dir='ltr'>vide</span> <span class='ocrx_word' id='word_1_139' title='bbox 1399 1630 1599 1669; x_wconf 76' lang='lat' dir='ltr'>Drakenb.</span> 
     </span>
     <span class='ocr_line' id='line_1_20' title="bbox 262 1686 1597 1735; baseline -0.001 -12"><span class='ocrx_word' id='word_1_140' title='bbox 262 1689 307 1723; x_wconf 81' lang='lat' dir='ltr'>ad</span> <span class='ocrx_word' id='word_1_141' title='bbox 331 1687 420 1723; x_wconf 70' lang='lat' dir='ltr'>Liv.</span> <span class='ocrx_word' id='word_1_142' title='bbox 445 1688 465 1722; x_wconf 88' lang='grc'>6</span> <span class='ocrx_word' id='word_1_143' title='bbox 481 1714 490 1728; x_wconf 89' lang='grc'><strong><em>,</em></strong></span> <span class='ocrx_word' id='word_1_144' title='bbox 516 1697 578 1731; x_wconf 86' lang='lat'>17,</span> <span class='ocrx_word' id='word_1_145' title='bbox 602 1696 638 1729; x_wconf 79' lang='grc'>5.</span> <span class='ocrx_word' id='word_1_146' title='bbox 663 1687 757 1722; x_wconf 89' lang='lat' dir='ltr'>item</span> <span class='ocrx_word' id='word_1_147' title='bbox 778 1686 933 1722; x_wconf 78' lang='lat' dir='ltr'>Lexica.</span> <span class='ocrx_word' id='word_1_148' title='bbox 996 1686 1157 1721; x_wconf 79' lang='lat' dir='ltr'>Omittit</span> <span class='ocrx_word' id='word_1_149' title='bbox 1178 1686 1305 1722; x_wconf 80' lang='lat' dir='ltr'>Guelf.</span> <span class='ocrx_word' id='word_1_150' title='bbox 1326 1701 1434 1735; x_wconf 83' lang='lat' dir='ltr'>quam</span> <span class='ocrx_word' id='word_1_151' title='bbox 1455 1686 1521 1735; x_wconf 88' lang='lat' dir='ltr'>ips.</span> <span class='ocrx_word' id='word_1_152' title='bbox 1545 1700 1597 1724; x_wconf 83' lang='lat' dir='ltr'>or.</span> 
     </span>
     <span class='ocr_line' id='line_1_21' title="bbox 261 1742 1598 1791; baseline 0 -12"><span class='ocrx_word' id='word_1_153' title='bbox 261 1746 357 1781; x_wconf 80' lang='lat' dir='ltr'>item</span> <span class='ocrx_word' id='word_1_154' title='bbox 378 1742 532 1791; x_wconf 70' lang='lat' dir='ltr'>resonet.</span> <span class='ocrx_word' id='word_1_155' title='bbox 589 1745 664 1778; x_wconf 83' lang='lat' dir='ltr'>Pro</span> <span class='ocrx_word' id='word_1_156' title='bbox 685 1744 932 1791; x_wconf 75' lang='lat' dir='ltr'>peregrinitas</span> <span class='ocrx_word' id='word_1_157' title='bbox 954 1744 1084 1790; x_wconf 78' lang='lat' dir='ltr'>Camp.</span> <span class='ocrx_word' id='word_1_158' title='bbox 1104 1745 1335 1790; x_wconf 76' lang='lat' dir='ltr'>peregrinum</span> <span class='ocrx_word' id='word_1_159' title='bbox 1360 1754 1396 1778; x_wconf 91' lang='lat' dir='ltr'>et</span> <span class='ocrx_word' id='word_1_160' title='bbox 1415 1757 1598 1790; x_wconf 79' lang='lat' dir='ltr'>graecum.</span> 
     </span>
     <span class='ocr_line' id='line_1_22' title="bbox 265 1798 1600 1848; baseline 0 -13"><span class='ocrx_word' id='word_1_161' title='bbox 265 1802 398 1836; x_wconf 67' lang='lat' dir='ltr'>ferum</span> <span class='ocrx_word' id='word_1_162' title='bbox 424 1812 495 1847; x_wconf 80' lang='lat' dir='ltr'>pro</span> <span class='ocrx_word' id='word_1_163' title='bbox 525 1812 753 1846; x_wconf 76' lang='lat' dir='ltr'>graecumve.</span> <span class='ocrx_word' id='word_1_164' title='bbox 782 1799 894 1834; x_wconf 59' lang='lat' dir='ltr'>ivam.</span> <span class='ocrx_word' id='word_1_165' title='bbox 945 1800 1045 1833; x_wconf 78' lang='lat' dir='ltr'>Mox</span> <span class='ocrx_word' id='word_1_166' title='bbox 1076 1798 1600 1848; x_wconf 75' lang='lat' dir='ltr'>Guelf.suaviloquentiorem</span> 
     </span>
     <span class='ocr_line' id='line_1_23' title="bbox 260 1854 1598 1905; baseline -0.001 -13"><span class='ocrx_word' id='word_1_167' title='bbox 260 1870 346 1892; x_wconf 87' lang='lat' dir='ltr'>cum</span> <span class='ocrx_word' id='word_1_168' title='bbox 377 1857 473 1894; x_wconf 84' lang='lat' dir='ltr'>Jens.</span> <span class='ocrx_word' id='word_1_169' title='bbox 505 1857 619 1891; x_wconf 79' lang='lat' dir='ltr'>Tarv.</span> <span class='ocrx_word' id='word_1_170' title='bbox 643 1858 882 1903; x_wconf 79' lang='lat' dir='ltr'>(quanquam</span> <span class='ocrx_word' id='word_1_171' title='bbox 910 1855 955 1890; x_wconf 86' lang='lat' dir='ltr'>hi</span> <span class='ocrx_word' id='word_1_172' title='bbox 991 1855 1113 1904; x_wconf 84' lang='lat' dir='ltr'>magis</span> <span class='ocrx_word' id='word_1_173' title='bbox 1135 1854 1209 1904; x_wconf 81' lang='lat' dir='ltr'>suu</span> <span class='ocrx_word' id='word_1_174' title='bbox 1237 1858 1275 1891; x_wconf 83' lang='lat' dir='ltr'>vi</span> <span class='ocrx_word' id='word_1_175' title='bbox 1309 1855 1598 1905; x_wconf 78' lang='lat' dir='ltr'>loquentiorem)</span> 
     </span>
     <span class='ocr_line' id='line_1_24' title="bbox 259 1911 822 1960; baseline -0.004 -12"><span class='ocrx_word' id='word_1_176' title='bbox 259 1925 297 1948; x_wconf 82' lang='lat' dir='ltr'>et</span> <span class='ocrx_word' id='word_1_177' title='bbox 325 1913 410 1947; x_wconf 80' lang='lat' dir='ltr'>edd.</span> <span class='ocrx_word' id='word_1_178' title='bbox 442 1912 598 1960; x_wconf 84' lang='lat' dir='ltr'>posterr.</span> <span class='ocrx_word' id='word_1_179' title='bbox 622 1923 706 1947; x_wconf 80' lang='lat' dir='ltr'>ante</span> <span class='ocrx_word' id='word_1_180' title='bbox 734 1911 822 1949; x_wconf 67' lang='grc' dir='ltr'>ΑΜ,</span> 
     </span>
    </p>
   </div>
   <div class='ocr_carea' id='block_1_7' title="bbox 212 2057 1597 2724">
    <p class='ocr_par' dir='ltr' id='par_1_7' title="bbox 212 2057 1597 2724">
     <span class='ocr_line' id='line_1_25' title="bbox 315 2057 1597 2107; baseline 0.001 -12"><span class='ocrx_word' id='word_1_181' title='bbox 315 2069 380 2103; x_wconf 81' lang='grc'>50.</span> <span class='ocrx_word' id='word_1_182' title='bbox 415 2060 655 2095; x_wconf 71' lang='lat' dir='ltr'>illa—haec.</span> <span class='ocrx_word' id='word_1_183' title='bbox 688 2059 734 2094; x_wconf 89' lang='lat' dir='ltr'>cf.</span> <span class='ocrx_word' id='word_1_184' title='bbox 751 2064 786 2102; x_wconf 79' lang='grc'>8,</span> <span class='ocrx_word' id='word_1_185' title='bbox 809 2058 844 2099; x_wconf 87' lang='lat'>6,</span> <span class='ocrx_word' id='word_1_186' title='bbox 862 2066 898 2103; x_wconf 79' lang='lat' dir='ltr'>g.</span> <span class='ocrx_word' id='word_1_187' title='bbox 956 2057 1115 2107; x_wconf 79' lang='lat' dir='ltr'>propria</span> <span class='ocrx_word' id='word_1_188' title='bbox 1145 2058 1268 2106; x_wconf 78' lang='lat' dir='ltr'>gestus</span> <span class='ocrx_word' id='word_1_189' title='bbox 1301 2061 1475 2095; x_wconf 79' lang='lat' dir='ltr'>tractatio</span> <span class='ocrx_word' id='word_1_190' title='bbox 1499 2060 1597 2096; x_wconf 80' lang='lat' dir='ltr'>infe·</span> 
     </span>
     <span class='ocr_line' id='line_1_26' title="bbox 258 2115 1070 2162; baseline -0.002 -10"><span class='ocrx_word' id='word_1_191' title='bbox 258 2127 297 2152; x_wconf 85' lang='lat' dir='ltr'>et</span> <span class='ocrx_word' id='word_1_192' title='bbox 312 2129 407 2151; x_wconf 77' lang='lat' dir='ltr'>mox</span> <span class='ocrx_word' id='word_1_193' title='bbox 428 2115 493 2150; x_wconf 84' lang='lat' dir='ltr'>hic</span> <span class='ocrx_word' id='word_1_194' title='bbox 515 2119 549 2162; x_wconf 58' lang='grc' dir='ltr'>ᾖ.</span> <span class='ocrx_word' id='word_1_195' title='bbox 564 2124 629 2158; x_wconf 73' lang='grc'>41.</span> <span class='ocrx_word' id='word_1_196' title='bbox 666 2115 815 2150; x_wconf 80' lang='lat' dir='ltr'>Gradus</span> <span class='ocrx_word' id='word_1_197' title='bbox 836 2115 900 2150; x_wconf 72' lang='lat' dir='ltr'>illi</span> <span class='ocrx_word' id='word_1_198' title='bbox 956 2115 1070 2150; x_wconf 74' lang='lat' dir='ltr'>ritus.</span> 
     </span>
     <span class='ocr_line' id='line_1_27' title="bbox 254 2170 1595 2213; baseline 0.001 -7"><span class='ocrx_word' id='word_1_199' title='bbox 254 2173 415 2208; x_wconf 80' lang='lat' dir='ltr'>virtutis</span> <span class='ocrx_word' id='word_1_200' title='bbox 447 2172 657 2210; x_wconf 79' lang='lat' dir='ltr'>oratoriae,</span> <span class='ocrx_word' id='word_1_201' title='bbox 686 2181 729 2205; x_wconf 90' lang='lat' dir='ltr'>ut</span> <span class='ocrx_word' id='word_1_202' title='bbox 749 2171 793 2205; x_wconf 79' lang='lat' dir='ltr'>fit</span> <span class='ocrx_word' id='word_1_203' title='bbox 815 2184 899 2206; x_wconf 74' lang='lat' dir='ltr'>ora·</span> <span class='ocrx_word' id='word_1_204' title='bbox 1014 2180 1081 2213; x_wconf 78' lang='lat'>5¹·</span> <span class='ocrx_word' id='word_1_205' title='bbox 1119 2170 1310 2205; x_wconf 81' lang='lat' dir='ltr'>barbarum</span> <span class='ocrx_word' id='word_1_206' title='bbox 1358 2171 1595 2209; x_wconf 81' lang='lat' dir='ltr'>Graecumve.</span> 
     </span>
     <span class='ocr_line' id='line_1_28' title="bbox 255 2226 1596 2274; baseline -0.001 -11"><span class='ocrx_word' id='word_1_207' title='bbox 255 2231 311 2263; x_wconf 84' lang='lat' dir='ltr'>tio</span> <span class='ocrx_word' id='word_1_208' title='bbox 338 2230 555 2268; x_wconf 76' lang='lat' dir='ltr'>emendata,</span> <span class='ocrx_word' id='word_1_209' title='bbox 586 2227 762 2267; x_wconf 76' lang='lat' dir='ltr'>dilucida,</span> <span class='ocrx_word' id='word_1_210' title='bbox 793 2240 899 2262; x_wconf 84' lang='lat' dir='ltr'>orna·</span> <span class='ocrx_word' id='word_1_211' title='bbox 954 2227 1082 2272; x_wconf 84' lang='lat' dir='ltr'>Hujus</span> <span class='ocrx_word' id='word_1_212' title='bbox 1103 2226 1261 2273; x_wconf 86' lang='lat' dir='ltr'>quidem</span> <span class='ocrx_word' id='word_1_213' title='bbox 1286 2228 1490 2274; x_wconf 82' lang='lat' dir='ltr'>proverbii</span> <span class='ocrx_word' id='word_1_214' title='bbox 1509 2227 1596 2263; x_wconf 85' lang='lat' dir='ltr'>nul-</span> 
     </span>
     <span class='ocr_line' id='line_1_29' title="bbox 255 2282 1597 2332; baseline -0.001 -11"><span class='ocrx_word' id='word_1_215' title='bbox 255 2294 307 2325; x_wconf 77' lang='lat' dir='ltr'>ta,</span> <span class='ocrx_word' id='word_1_216' title='bbox 342 2295 445 2331; x_wconf 72' lang='lat' dir='ltr'>apta,</span> <span class='ocrx_word' id='word_1_217' title='bbox 474 2285 619 2332; x_wconf 85' lang='lat' dir='ltr'>ubique</span> <span class='ocrx_word' id='word_1_218' title='bbox 641 2283 898 2331; x_wconf 76' lang='lat' dir='ltr'>agnoscuntur</span> <span class='ocrx_word' id='word_1_219' title='bbox 954 2282 1037 2317; x_wconf 77' lang='lat' dir='ltr'>luni</span> <span class='ocrx_word' id='word_1_220' title='bbox 1059 2293 1250 2330; x_wconf 77' lang='lat' dir='ltr'>praeterea</span> <span class='ocrx_word' id='word_1_221' title='bbox 1272 2293 1465 2318; x_wconf 78' lang='lat' dir='ltr'>auctorem</span> <span class='ocrx_word' id='word_1_222' title='bbox 1487 2297 1597 2332; x_wconf 84' lang='lat' dir='ltr'>repe-</span> 
     </span>
     <span class='ocr_line' id='line_1_30' title="bbox 255 2339 1597 2388; baseline 0 -13"><span class='ocrx_word' id='word_1_223' title='bbox 255 2355 274 2375; x_wconf 70' lang='grc' dir='ltr'>τι</span> <span class='ocrx_word' id='word_1_224' title='bbox 297 2341 438 2381; x_wconf 87' lang='lat' dir='ltr'>nostro,</span> <span class='ocrx_word' id='word_1_225' title='bbox 452 2340 563 2376; x_wconf 76' lang='lat' dir='ltr'>velut</span> <span class='ocrx_word' id='word_1_226' title='bbox 583 2353 616 2380; x_wconf 84' lang='lat'>1,</span> <span class='ocrx_word' id='word_1_227' title='bbox 634 2346 670 2383; x_wconf 90' lang='lat'>5,</span> <span class='ocrx_word' id='word_1_228' title='bbox 697 2354 728 2374; x_wconf 87' lang='lat'>1.</span> <span class='ocrx_word' id='word_1_229' title='bbox 755 2339 896 2373; x_wconf 79' lang='lat' dir='ltr'>hicau-</span> <span class='ocrx_word' id='word_1_230' title='bbox 953 2339 1098 2378; x_wconf 87' lang='lat' dir='ltr'>rimus,</span> <span class='ocrx_word' id='word_1_231' title='bbox 1131 2349 1167 2374; x_wconf 89' lang='lat' dir='ltr'>et</span> <span class='ocrx_word' id='word_1_232' title='bbox 1196 2339 1312 2374; x_wconf 78' lang='lat' dir='ltr'>video</span> <span class='ocrx_word' id='word_1_233' title='bbox 1343 2340 1466 2388; x_wconf 80' lang='lat' dir='ltr'>accipi</span> <span class='ocrx_word' id='word_1_234' title='bbox 1491 2340 1597 2387; x_wconf 81' lang='lat' dir='ltr'>quasi</span> 
     </span>
     <span class='ocr_line' id='line_1_31' title="bbox 254 2394 1597 2446; baseline -0.001 -14"><span class='ocrx_word' id='word_1_235' title='bbox 254 2408 330 2433; x_wconf 88' lang='lat' dir='ltr'>tem</span> <span class='ocrx_word' id='word_1_236' title='bbox 366 2397 408 2431; x_wconf 85' lang='lat' dir='ltr'>in</span> <span class='ocrx_word' id='word_1_237' title='bbox 447 2396 772 2446; x_wconf 79' lang='lat' dir='ltr'>pronunciatione</span> <span class='ocrx_word' id='word_1_238' title='bbox 811 2408 896 2443; x_wconf 86' lang='lat' dir='ltr'>per·</span> <span class='ocrx_word' id='word_1_239' title='bbox 954 2394 1101 2430; x_wconf 87' lang='lat' dir='ltr'>dictum</span> <span class='ocrx_word' id='word_1_240' title='bbox 1124 2395 1169 2429; x_wconf 87' lang='lat' dir='ltr'>de</span> <span class='ocrx_word' id='word_1_241' title='bbox 1193 2408 1251 2434; x_wconf 84' lang='lat' dir='ltr'>eo,</span> <span class='ocrx_word' id='word_1_242' title='bbox 1274 2396 1343 2442; x_wconf 85' lang='lat' dir='ltr'>qui</span> <span class='ocrx_word' id='word_1_243' title='bbox 1361 2396 1597 2444; x_wconf 81' lang='lat' dir='ltr'>pronunciet</span> 
     </span>
     <span class='ocr_line' id='line_1_32' title="bbox 254 2450 1595 2500; baseline 0 -14"><span class='ocrx_word' id='word_1_244' title='bbox 254 2453 452 2488; x_wconf 80' lang='lat' dir='ltr'>censentur</span> <span class='ocrx_word' id='word_1_245' title='bbox 472 2454 592 2489; x_wconf 77' lang='lat' dir='ltr'>iidem</span> <span class='ocrx_word' id='word_1_246' title='bbox 616 2456 673 2499; x_wconf 52' lang='grc' dir='ltr'>ᾗῇ.</span> <span class='ocrx_word' id='word_1_247' title='bbox 698 2461 747 2496; x_wconf 81' lang='grc'>50</span> <span class='ocrx_word' id='word_1_248' title='bbox 761 2471 814 2478; x_wconf 83' lang='grc'>-·</span> <span class='ocrx_word' id='word_1_249' title='bbox 829 2460 894 2493; x_wconf 74' lang='grc'>55.</span> <span class='ocrx_word' id='word_1_250' title='bbox 951 2463 1087 2498; x_wconf 83' lang='lat' dir='ltr'>parum</span> <span class='ocrx_word' id='word_1_251' title='bbox 1128 2450 1245 2486; x_wconf 85' lang='lat' dir='ltr'>latine</span> <span class='ocrx_word' id='word_1_252' title='bbox 1259 2476 1269 2491; x_wconf 89' lang='lat'>,</span> <span class='ocrx_word' id='word_1_253' title='bbox 1315 2463 1595 2500; x_wconf 80' lang='lat' dir='ltr'>proptereaque</span> 
     </span>
     <span class='ocr_line' id='line_1_33' title="bbox 254 2507 1594 2554; baseline 0 -11"><span class='ocrx_word' id='word_1_254' title='bbox 254 2510 485 2554; x_wconf 49' lang='lat' dir='ltr'>(emfflzilata)</span> <span class='ocrx_word' id='word_1_255' title='bbox 514 2516 707 2553; x_wconf 68' lang='lat'>35—40.</span> <span class='ocrx_word' id='word_1_256' title='bbox 739 2508 894 2550; x_wconf 75' lang='lat' dir='ltr'>(diluci-</span> <span class='ocrx_word' id='word_1_257' title='bbox 953 2519 1017 2542; x_wconf 81' lang='lat' dir='ltr'>aut</span> <span class='ocrx_word' id='word_1_258' title='bbox 1067 2507 1247 2543; x_wconf 78' lang='lat' dir='ltr'>barbarus</span> <span class='ocrx_word' id='word_1_259' title='bbox 1297 2508 1476 2543; x_wconf 77' lang='lat' dir='ltr'>videatur</span> <span class='ocrx_word' id='word_1_260' title='bbox 1527 2519 1594 2543; x_wconf 85' lang='lat' dir='ltr'>aut</span> 
     </span>
     <span class='ocr_line' id='line_1_34' title="bbox 212 2557 1592 2611; baseline 0.001 -14"><span class='ocrx_word' id='word_1_261' title='bbox 212 2557 216 2561; x_wconf 40' lang='lat'><strong>⁴</strong></span> <span class='ocrx_word' id='word_1_262' title='bbox 253 2565 332 2606; x_wconf 60' lang='lat' dir='ltr'>da)</span> <span class='ocrx_word' id='word_1_263' title='bbox 354 2565 548 2610; x_wconf 55' lang='lat' dir='ltr'>(fo—61.</span> <span class='ocrx_word' id='word_1_264' title='bbox 571 2565 742 2610; x_wconf 73' lang='lat' dir='ltr'>(ornara)</span> <span class='ocrx_word' id='word_1_265' title='bbox 766 2564 814 2599; x_wconf 85' lang='lat'>61</span> <span class='ocrx_word' id='word_1_266' title='bbox 849 2564 895 2597; x_wconf 85' lang='lat' dir='ltr'>ad</span> <span class='ocrx_word' id='word_1_267' title='bbox 953 2564 1138 2605; x_wconf 72' lang='lat' dir='ltr'>Graecu53</span> <span class='ocrx_word' id='word_1_268' title='bbox 1173 2576 1288 2611; x_wconf 74' lang='lat' dir='ltr'>quare</span> <span class='ocrx_word' id='word_1_269' title='bbox 1321 2564 1504 2599; x_wconf 82' lang='lat' dir='ltr'>Gesnerus</span> <span class='ocrx_word' id='word_1_270' title='bbox 1532 2577 1592 2598; x_wconf 88' lang='lat' dir='ltr'>re-</span> 
     </span>
     <span class='ocr_line' id='line_1_35' title="bbox 252 2618 1593 2671; baseline 0.001 -19"><span class='ocrx_word' id='word_1_271' title='bbox 252 2620 372 2654; x_wconf 76' lang='lat' dir='ltr'>[inem</span> <span class='ocrx_word' id='word_1_272' title='bbox 404 2635 524 2668; x_wconf 77' lang='lat' dir='ltr'>usque</span> <span class='ocrx_word' id='word_1_273' title='bbox 556 2622 692 2671; x_wconf 74' lang='lat' dir='ltr'>capitis</span> <span class='ocrx_word' id='word_1_274' title='bbox 722 2618 894 2668; x_wconf 72' lang='lat' dir='ltr'>(apta),·</span> <span class='ocrx_word' id='word_1_275' title='bbox 951 2619 1074 2654; x_wconf 80' lang='lat' dir='ltr'>mittit</span> <span class='ocrx_word' id='word_1_276' title='bbox 1106 2632 1176 2654; x_wconf 88' lang='lat' dir='ltr'>nos</span> <span class='ocrx_word' id='word_1_277' title='bbox 1209 2619 1253 2653; x_wconf 83' lang='lat' dir='ltr'>ad</span> <span class='ocrx_word' id='word_1_278' title='bbox 1290 2633 1323 2660; x_wconf 86' lang='lat'>1,</span> <span class='ocrx_word' id='word_1_279' title='bbox 1361 2633 1394 2659; x_wconf 77' lang='grc' dir='ltr'>ι,</span> <span class='ocrx_word' id='word_1_280' title='bbox 1425 2629 1486 2662; x_wconf 84' lang='lat'>15.</span> <span class='ocrx_word' id='word_1_281' title='bbox 1521 2619 1593 2655; x_wconf 86' lang='lat' dir='ltr'>ubi</span> 
     </span>
     <span class='ocr_line' id='line_1_36' title="bbox 251 2673 1591 2724; baseline 0.002 -16"><span class='ocrx_word' id='word_1_282' title='bbox 251 2676 325 2709; x_wconf 82' lang='lat' dir='ltr'>nisi</span> <span class='ocrx_word' id='word_1_283' title='bbox 345 2678 451 2724; x_wconf 79' lang='lat' dir='ltr'>quod</span> <span class='ocrx_word' id='word_1_284' title='bbox 471 2678 533 2722; x_wconf 54' lang='lat' dir='ltr'>affi.</span> <span class='ocrx_word' id='word_1_285' title='bbox 549 2678 611 2722; x_wconf 83' lang='lat'>65.</span> <span class='ocrx_word' id='word_1_286' title='bbox 625 2677 715 2712; x_wconf 80' lang='lat' dir='ltr'>inde</span> <span class='ocrx_word' id='word_1_287' title='bbox 737 2677 782 2711; x_wconf 75' lang='lat' dir='ltr'>ad</span> <span class='ocrx_word' id='word_1_288' title='bbox 799 2676 890 2720; x_wconf 77' lang='lat'>167.</span> <span class='ocrx_word' id='word_1_289' title='bbox 947 2675 997 2711; x_wconf 86' lang='lat' dir='ltr'>de</span> <span class='ocrx_word' id='word_1_290' title='bbox 1031 2675 1226 2724; x_wconf 81' lang='lat' dir='ltr'>corruptis</span> <span class='ocrx_word' id='word_1_291' title='bbox 1250 2677 1395 2711; x_wconf 80' lang='lat' dir='ltr'>Graeco</span> <span class='ocrx_word' id='word_1_292' title='bbox 1420 2676 1513 2711; x_wconf 83' lang='lat' dir='ltr'>sono</span> <span class='ocrx_word' id='word_1_293' title='bbox 1538 2673 1591 2711; x_wconf 79' lang='lat' dir='ltr'>la·</span> 
     </span>
    </p>
   </div>
  </div>
 </body>
</html>
