1825 3094
564 501 1265 551 PRAEFATIO

324 606 793 653 PHILIPPI
878 604 1508 652 BUTTMANNI.

240 823 447 940 Quod
473 879 571 929 ego
593 880 704 914 non
725 873 1035 929 putaveram
1060 880 1301 930 unquam
1325 861 1591 928 futurum,

234 964 298 1005 ut
321 952 683 1022 Quintiliano,
723 953 813 1001 cui
837 969 985 1001 nunc
1009 952 1228 1001 demum
1263 952 1460 1015 justum
1493 955 1591 1006 ob-

233 1039 400 1106 tigiffe
445 1040 708 1090 editorem
745 1041 1074 1090 laetabantur
1110 1040 1335 1100 eruditi,
1389 1043 1589 1094 edendi

233 1145 450 1194 operam
470 1140 522 1178 et
544 1128 656 1198 ipse
680 1146 934 1180 navarem
967 1129 1284 1195 aliquando,
1322 1130 1383 1180 id
1413 1130 1588 1183 facere

230 1234 318 1266 me
358 1219 532 1284 coegit
570 1217 716 1268 casus
753 1218 915 1276 mihi,
955 1217 1086 1267 dum
1125 1220 1282 1277 vivo,
1338 1222 1588 1272 omnium

230 1319 400 1371 prope
431 1305 795 1356 acerbiffimus.
832 1308 978 1355 Nam
1011 1324 1136 1355 cum
1158 1307 1215 1355 G.
1248 1310 1306 1357 L.
1339 1309 1588 1375 Spaldin-

225 1394 391 1458 gium,
415 1394 596 1459 operi,
649 1395 739 1443 cui
776 1394 870 1442 ille
900 1410 997 1458 per
1028 1394 1226 1458 viginti
1267 1391 1379 1443 fere
1415 1413 1584 1449 annos

230 1481 459 1547 optimas
488 1481 648 1531 horas
675 1480 934 1546 singulari
964 1497 1021 1528 ac
1046 1498 1211 1547 paene
1238 1482 1584 1537 inenarrabili

230 1585 353 1618 cum
378 1567 556 1619 studio
579 1566 931 1635 impendisset,
954 1567 1237 1634 profligato
1261 1573 1366 1631 jam
1387 1582 1440 1621 et
1456 1591 1581 1639 pro..

228 1656 526 1725 pemodum
551 1656 617 1706 ad
638 1656 809 1706 finem
832 1655 1092 1723 perducto
1118 1656 1288 1707 subita
1318 1675 1464 1712 mors
1492 1661 1583 1713 die

227 1747 320 1793 VII
340 1748 457 1799 Jun.
479 1747 807 1797 MDCCCXI
827 1742 1122 1812 eripuisset:
1150 1763 1236 1795 me
1257 1747 1583 1822 potissimum

228 1834 527 1884 amicorum
562 1838 676 1897 ejus
709 1833 1000 1886 destinabat
1023 1834 1286 1894 voluntas,
1328 1839 1425 1901 qui
1449 1840 1582 1889 cala-

226 1937 381 1971 mum
416 1921 677 1976 sumerem
706 1921 822 1990 ipso
852 1923 1042 1974 mortis
1076 1922 1164 1972 die
1189 1924 1252 1973 ab
1282 1940 1346 1975 eo
1370 1924 1581 1994 deposi-

228 2019 371 2069 tum,
411 2021 463 2060 et
487 2009 790 2080 perfectore.
813 2009 911 2062 suo
937 2011 1184 2062 orbatum
1207 2030 1342 2079 opus
1358 2051 1372 2073 ,
1399 2017 1580 2081 quoad

169 2092 172 2095 ”
226 2099 508 2166 proprium
537 2111 805 2168 pateretur
826 2100 1119 2163 judicium,
1151 2100 1317 2168 ipsius
1343 2120 1493 2154 more
1526 2117 1582 2156 et

224 2189 390 2239 modo
416 2188 757 2239 absolverem.
796 2188 1194 2240 Demandatum
1212 2193 1489 2257 negotium
1513 2195 1579 2243 li-

224 2276 412 2327 benter
433 2276 661 2345 suscepi,
697 2296 812 2329 non
839 2278 990 2344 quod
1020 2279 1088 2328 ad
1117 2279 1264 2330 hunc
1296 2283 1583 2349 praecipue

225 2363 537 2433 scriptorem
555 2368 849 2418 accuratius
868 2376 1028 2432 atque
1055 2367 1187 2418 adeo
1212 2385 1336 2418 cum
1359 2369 1583 2423 editoris

227 2470 352 2504 cura
370 2455 705 2506 tractandum
730 2473 980 2508 meorum
1002 2473 1089 2506 me
1117 2455 1420 2508 studiorum
1445 2462 1582 2511 ratio

227 2539 474 2594 duxiffet:
515 2542 605 2593 sed
625 2545 774 2609 quod
797 2563 894 2613 per
906 2547 1150 2596 intimam
1167 2547 1467 2598 multorum
1490 2566 1584 2598 an-

226 2647 426 2682 norum
450 2649 573 2683 cum
600 2633 911 2701 Spaldingio
934 2633 1351 2685 familiaritatem
1375 2637 1585 2687 necesti-

226 2719 596 2789 tudinemque,
620 2739 783 2792 quam
804 2724 864 2777 in
884 2724 1111 2777 maxima
1138 2721 1409 2778 felicitatis
1435 2742 1584 2780 meae

1192 2831 1217 2862 1
1249 2814 1279 2847 a*
