1779 3062
397 161 561 208 INST.
600 160 879 208 ORATOR.
896 161 1024 207 LIB.
1048 159 1160 218 ΧΠ,
1197 172 1244 206 2.
1416 169 1513 216 551

169 291 236 339 iis
264 286 583 337 institutum.
667 289 839 345 Stoici,
865 287 1002 336 sicut
1023 288 1232 353 copiam
1260 286 1516 336 nitorem-

169 381 276 429 que
306 364 640 429 eloquentiae
671 362 783 411 fere
819 364 1248 430 praeceptoribus
1280 362 1386 412 suis
1421 363 1513 412 de-

166 438 321 490 fuiffe
365 441 657 490 concedant
696 439 894 488 necesse
936 441 1033 500 est,
1099 443 1171 489 ita
1201 441 1380 491 nullos
1420 450 1512 490 aut

162 519 389 584 probare
421 519 607 575 acrius,
648 528 736 565 aut
758 518 1079 567 concludere
1108 517 1358 567 subtilius
1384 535 1511 568 con-

163 594 408 644 tendunt.
487 594 590 643 Sed
614 594 741 642 haec
764 594 905 642 inter
930 595 1089 660 ipsos,
1128 597 1223 659 qui
1257 596 1407 644 velut
1435 594 1509 642 sa·
1540 603 1588 643 26

168 682 438 720 eramento
470 672 656 737 rogati,
689 671 778 718 vel
802 670 956 718 etiam
992 671 1362 737 superstitione
1383 690 1510 722 con-

167 749 348 807 stricti,
387 747 532 797 nefas
563 749 771 797 ducunt
801 765 827 795 a
856 745 1087 812 suscepta
1113 747 1270 796 semel
1301 747 1510 813 persua-

165 823 317 875 sione
361 825 643 874 discedere.
725 826 935 873 Oratori
978 841 1108 873 vero
1140 826 1278 873 nihil
1313 824 1386 873 est
1417 841 1510 873 ne-

167 900 295 950 ceffe
325 904 383 950 in
409 906 726 966 cujusquam
759 905 934 962 jurare
959 901 1118 966 leges.
1160 904 1332 962 Maius
1362 903 1508 950 enim
1541 915 1588 952 27

165 978 239 1028 est
283 996 421 1045 opus
469 990 628 1044 atque
670 977 1045 1045 praestantius,
1109 978 1175 1026 ad
1213 979 1363 1043 quod
1401 978 1512 1043 ipse

164 1055 362 1113 tendit,
406 1066 456 1103 et
488 1059 638 1118 cnjus
672 1054 745 1103 est
777 1057 930 1105 velut
960 1055 1287 1113 candidatus,
1325 1054 1369 1103 si
1393 1057 1514 1121 qui-

166 1236 302 1285 Gel'n.)
343 1234 416 1271 nisi
452 1231 558 1281 quod
599 1232 679 1268 duo
717 1232 901 1280 postremi
942 1243 1203 1280 transponunt
1241 1233 1288 1267 ab
1325 1235 1371 1267 iis
1400 1230 1449 1281 eft
1478 1246 1510 1270 c.

166 1292 252 1328 edd.
279 1292 375 1341 post.
406 1300 493 1325 ante
525 1291 649 1332 Stoer.
709 1287 759 1337 est
776 1287 927 1337 stabilis
959 1289 1090 1324 Turic.
1128 1287 1232 1324 Flor.
1273 1290 1375 1325 unde
1408 1291 1513 1326 effici

165 1349 284 1398 poffit
324 1349 439 1383 etiam
480 1346 526 1380 ab
569 1346 652 1381 illis.
712 1345 871 1395 Reliqui
910 1343 960 1393 est
1001 1345 1048 1380 ab
1089 1344 1156 1379 his.
1221 1347 1398 1393 opinione
1436 1360 1512 1397 pro

167 1407 312 1454 copiam
343 1405 474 1441 Turic.
509 1401 614 1438 Flor.

283 1495 347 1531 26.
390 1495 450 1531 vel
479 1506 552 1542 pro
583 1493 684 1527 velut
715 1492 842 1528 Guelf.
907 1493 1042 1528 ducant
1071 1491 1203 1526 Turio.
1236 1491 1339 1529 Flor.
1373 1494 1507 1543 Camp.

167 1553 274 1601 quod
305 1552 458 1587 fortass'e
488 1548 799 1599 praeferendum.
859 1551 1064 1586 oratorium
1105 1547 1198 1582 nihil
1239 1549 1372 1586 Turio.
1407 1551 1512 1589 Flor.

751 1609 770 1627 0

164 1642 311 1678 fraudi
332 1642 410 1677 fuit
439 1639 720 1689 compendium
749 1654 773 1674 u
802 1639 830 1676 i.
862 1654 893 1675 e.
927 1652 1037 1678 ver0;
1071 1638 1118 1674 cf.
1149 1645 1188 1684 8,
1220 1637 1258 1678 6,
1289 1646 1352 1683 43.
1406 1650 1441 1684 7,
1475 1651 1512 1683 2,

165 1705 236 1747 41.
269 1710 306 1743 7,
345 1714 380 1740 1,
414 1706 477 1742 53.
512 1698 547 1737 6,
585 1708 622 1737 2,
654 1705 719 1739 30.
760 1703 796 1740 5,
831 1703 894 1740 14,
924 1704 963 1739 5.

184 1810 187 1811 ⁷
283 1801 347 1835 27.
388 1791 484 1825 enim
515 1801 607 1837 opus
638 1786 777 1822 omiffo
808 1783 859 1834 eft
891 1784 1024 1820 Ambr.
1051 1794 1083 1821 2.
1119 1784 1246 1821 Guelf.
1275 1786 1394 1822 Goth.
1412 1788 1511 1825 Jens.

166 1849 266 1899 (tac.
301 1847 444 1894 Gesn.)
484 1859 516 1882 c.
541 1844 646 1884 Vols·
679 1853 716 1880 2.
749 1851 786 1886 5.
824 1854 861 1878 et
892 1841 978 1877 edd.
1010 1851 1096 1876 ante
1132 1840 1245 1878 Basil.
1275 1856 1347 1878 nee
1377 1843 1515 1893 displi-

225 1975 372 2020 copiam
423 1973 653 2019 nitoremque
673 1987 731 1995 ·-
751 1968 812 2003 de·
870 1967 945 2003 fibi
974 1977 1314 2008 commemoratas,
1349 1967 1415 2002 vel
1440 1961 1513 2003 mi·

161 2029 287 2080 juiffe.
320 2029 367 2064 cf.
394 2027 596 2064 Ciceronis
617 2025 726 2061 locus
745 2038 814 2074 po·
870 2023 1030 2064 litibus,
1060 2021 1126 2057 vel
1158 2023 1516 2060 enthufiasticorum

167 2088 263 2123 situs
284 2085 328 2121 ad
356 2095 390 2124 2,
420 2092 481 2128 15,
505 2091 570 2125 55.
871 2081 1065 2116 sacrorum
1101 2080 1365 2121 consortibus,
1405 2081 1517 2117 velut

219 2142 303 2191 fere
324 2139 633 2189 praeceptoribus.
682 2139 813 2175 Dubi-
871 2136 1019 2185 agyrtis
1048 2135 1304 2183 quibusdam,
1363 2150 1517 2185 compa-

168 2200 244 2236 tari
263 2199 399 2249 potest,
428 2199 545 2233 suone
577 2196 719 2232 morbo
747 2196 812 2231 hic
869 2205 940 2229 rat.
1001 2191 1111 2228 Prius
1150 2192 1197 2228 est
1234 2194 1276 2228 in
1317 2194 1517 2230 mentione

166 2256 313 2293 iterum
353 2253 525 2304 posuerit
551 2251 635 2300 fere
671 2253 812 2293 noster,
863 2248 1090 2300 sacramenti
1120 2251 1175 2294 (et
1205 2249 1254 2284 est
1279 2249 1517 2298 sacramento

170 2325 219 2348 an
268 2311 523 2347 librariorum
562 2308 676 2359 culpa
718 2309 814 2344 irre·
871 2315 1027 2354 rogatos
1059 2307 1100 2341 in
1119 2305 1228 2341 Decl.
1250 2307 1381 2353 Quint.
1407 2316 1444 2350 3.
1475 2321 1513 2356 p.

168 2369 296 2418 pserit.
870 2363 958 2410 Bip.
973 2369 1040 2408 42.
1054 2372 1098 2398 ut
1119 2363 1217 2410 apud
1236 2363 1400 2397 Livium
1421 2376 1518 2411 quo-

229 2424 295 2460 26.
356 2423 429 2459 Sed
460 2423 547 2458 haec
584 2424 678 2458 inter
705 2421 814 2471 ipsos.
873 2421 981 2468 que),
1016 2431 1088 2465 pro
1113 2431 1192 2467 quo
1221 2431 1315 2453 mox
1339 2420 1519 2455 redditut

166 2481 196 2518 i.
229 2479 500 2531 philosophos
537 2481 600 2515 De
631 2480 817 2515 structura
876 2478 914 2511 ἱη
936 2476 1035 2522 leges
1051 2477 1198 2519 jurare,
1230 2474 1341 2523 plane
1364 2477 1410 2511 ad
1433 2489 1519 2512 mo-

167 2538 216 2574 cf.
253 2552 318 2579 11,
345 2546 381 2580 5,
412 2542 502 2579 144.
534 2537 685 2571 Eodem
711 2536 817 2571 enim
877 2533 970 2568 dum
996 2531 1076 2566 loci
1098 2532 1301 2567 Horatiani
1318 2533 1453 2580 Epistt.
1486 2546 1519 2573 1,

167 2595 273 2631 redit
310 2593 451 2642 species
486 2592 580 2628 haec
622 2593 818 2641 apofiope·
880 2602 925 2630 1,
962 2595 1022 2634 14.
1056 2589 1196 2636 Neque
1229 2589 1332 2624 enim
1363 2589 1416 2624 fas
1439 2600 1522 2625 erat

169 2652 265 2689 seos.
324 2648 655 2697 Philosophorum
690 2650 817 2690 fectas,
874 2645 1044 2681 militem
1092 2657 1263 2692 unquam
1310 2645 1432 2682 abesse
1473 2646 1520 2681 [i-

167 2707 315 2758 semper
337 2719 428 2743 cum
455 2705 591 2757 aliquo
617 2715 818 2742 contemtu
875 2702 976 2752 gnis.
1011 2701 1058 2736 cf.
1087 2712 1124 2746 7,
1154 2710 1192 2748 4,
1228 2711 1291 2746 ²4·

960 2780 1068 2816 Ll2
