1742 3083
219 210 254 258 4
525 200 600 245 Μ.
653 198 788 244 FAB.
833 166 1248 260 QniN'rtLiANt

173 339 197 378 4
220 321 385 377 bendi
408 340 623 389 quoque
644 317 1016 394 diligentiam.
1078 326 1180 376 Sed
1201 337 1262 376 ut
1285 330 1560 394 perveniri

217 405 283 453 ad
311 403 537 459 summa,
577 399 678 449 nifi
713 417 775 449 ex
803 403 1080 469 principiis
1113 421 1224 453 non
1253 403 1447 468 potest:
1485 407 1558 455 ita

210 479 535 548 procedente
567 481 672 538 jam
702 495 860 544 opere
888 481 1110 528 minima
1143 481 1409 545 incipiunt
1443 480 1558 542 effe,

210 574 346 623 quae
367 556 537 621 prima
563 552 695 604 sunt.
773 558 971 605 Verum
992 573 1090 605 nos
1109 574 1219 605 non
1234 594 1247 614 ,
1279 558 1558 621 quomodo

206 632 565 683 instituendus
596 643 795 691 orator,
835 632 939 682 hoc
969 634 1090 682 loco
1119 633 1347 682 dicimus
1365 626 1382 682 :¹
1432 652 1555 684 nam

205 712 266 760 id
298 710 519 776 quidem
550 718 641 757 aut
673 708 821 767 satis,
865 720 955 758 aut
985 720 1122 757 cette
1152 711 1233 758 uti
1263 711 1557 774 potuimus,

207 788 413 839 dictum
444 784 546 834 est:
587 783 678 833 sed
711 786 926 844 athleta,
966 787 1062 852 qui
1098 803 1281 836 omnes
1310 789 1411 848 jam
1438 804 1556 853 per-

293 916 330 954 4.
367 910 563 957 perveniri.
609 908 741 943 Turio.
769 907 872 944 Flor.
894 910 1095 957 pervenire.
1330 908 1380 944 ad
1394 906 1553 957 summa.

204 967 338 1015 Camp.
372 965 489 1001 Goth.
508 964 605 1002 Jens.
638 968 734 1008 (tac.
762 966 897 1012 Gesn.)
927 964 975 999 ad
994 964 1179 1013 summam
1209 977 1298 999 cum
1321 965 1426 1003 VoII'.
1449 974 1484 1001 2.
1516 977 1554 1002 et

195 1023 288 1059 edd.
313 1032 396 1057 ante
416 1020 525 1056 Bafil.
565 1020 622 1056 Cf.
651 1035 667 1055 1
702 1023 790 1057 Pro.
817 1031 881 1055 20.
917 1034 979 1061 10,
1001 1032 1046 1064 4,
1076 1032 1111 1067 9.
1340 1023 1422 1067 jam
1442 1035 1553 1069 opere

195 1081 363 1114 minima.
424 1077 556 1112 Turio.
587 1076 691 1111 Flor.
714 1077 840 1112 Guelf.
862 1079 954 1112 Exc.
977 1080 1078 1112 Sant.
1107 1078 1220 1114 Tacv.
1242 1079 1339 1116 Jens.
1363 1080 1394 1123 j.
1419 1091 1452 1113 ο.
1470 1080 1553 1123 jam.

200 1151 249 1172 m.
308 1133 513 1183 Expunxit
535 1133 695 1180 Regius.
752 1134 814 1168 An
850 1133 925 1167 fuit
958 1133 1177 1180 procedente
1209 1135 1320 1168 etiam
1348 1148 1456 1182 opere
1471 1136 1553 1179 jam

199 1194 279 1228 m,?
510 1189 693 1237 quomodo
722 1186 973 1236 instituendus:
1031 1192 1093 1223 Sic
1127 1189 1259 1225 Turio.
1291 1190 1394 1226 Flor.
1421 1190 1550 1228 Guelf.

198 1250 331 1296 Camp.
364 1259 454 1281 cum
484 1244 602 1280 Goth.
635 1245 739 1281 Voff.
774 1256 809 1279 2.
842 1255 878 1279 et
911 1245 996 1279 cdd.
1027 1255 1111 1279 ante
1134 1244 1242 1280 Bafil.
1268 1245 1428 1295 Reliqui
1456 1246 1551 1282 inse·

194 1315 288 1339 runt
329 1311 370 1336 ze.
563 1298 633 1347 sed
663 1299 814 1335 athleta.
876 1300 1009 1333 Turic.
1029 1299 1063 1347 s.
1087 1301 1249 1336 adlzleta.
1309 1301 1461 1350 Flor.s.
1484 1302 1549 1336 ud-

195 1360 271 1394 leca
299 1371 387 1392 cum
419 1355 519 1390 Alm.
554 1368 573 1388 a
604 1355 670 1389 see.
700 1368 819 1389 manu
852 1365 1016 1402 uterque
1053 1354 1087 1403 s.
1119 1364 1159 1390 ut
1187 1370 1221 1391 a.
1261 1368 1298 1392 et
1325 1359 1372 1392 fic
1402 1357 1550 1406 reliqui

195 1427 328 1452 omnes
359 1424 396 1448 et
424 1411 556 1459 script-i
578 1421 614 1445 et
636 1412 760 1445 excusi
783 1421 868 1445 ante
890 1410 976 1446 Ald.
999 1424 1073 1446 acc,
1096 1411 1188 1447 Bad.
1249 1411 1321 1448 Ille
1346 1426 1435 1448 cum
1456 1412 1548 1449 reli·

195 1472 282 1520 quis
308 1468 341 1519 s.
364 1479 404 1504 ut
427 1468 616 1504 athletam.
819 1480 953 1502 omnes.
1015 1468 1078 1502 Sic
1100 1467 1209 1502 Bam.
1270 1472 1390 1504 omnis
1410 1470 1545 1507 Turic-

192 1526 298 1564 Flor.
357 1525 431 1561 Sed
454 1539 473 1560 a
495 1524 562 1559 sec.
584 1536 703 1558 manu
726 1533 890 1571 uterque
920 1525 1047 1558 onmia
1068 1536 1156 1558 cum
1181 1524 1358 1572 reliquis.

191 1627 365 1676 intelligi
422 1625 561 1661 debere
621 1624 841 1663 lectionem‚·
957 1629 992 1667 4.
1051 1624 1237 1671 quomodo
1289 1622 1542 1672 instituendus.

193 1699 289 1734 quae
322 1683 525 1731 quomodo
557 1679 839 1728 comprehendi
899 1680 1013 1726 Quod
1033 1681 1268 1716 recentiores
1293 1680 1359 1715 hic
1381 1683 1542 1717 necess'a·

188 1741 304 1791 poffit
332 1751 369 1776 et
392 1737 596 1787 significari
618 1738 836 1775 imitatione,
894 1737 956 1771 rio
988 1736 1236 1784 interponere
1269 1737 1338 1772 fibi
1366 1738 1436 1772 visi
1457 1739 1544 1774 sunt

188 1798 390 1833 fateorme
409 1809 545 1844 parum
567 1793 722 1841 assequi.
751 1792 836 1827 Nec
885 1792 960 1842 fic,
1003 1793 1182 1828 differtur
1210 1804 1246 1828 et
1274 1794 1357 1842 post
1384 1808 1541 1843 praepa-

892 1849 1029 1884 randus
1095 1849 1251 1884 demum
1321 1861 1538 1898 comparet:

189 1855 395 1902 quisquam
415 1853 531 1886 haelit
552 1851 593 1885 in
611 1849 711 1884 loco.
741 1849 835 1883 For-

893 1918 1112 1954 quanquam
1132 1905 1289 1941 duriore
1305 1905 1537 1954 hyperbato,

188 1910 276 1945 taffe
310 1908 586 1945 consuetudine
617 1906 835 1952 frequenta-

187 1976 269 2002 tum
292 1967 379 2007 fuit,
403 1975 457 2005 ut,
488 1977 574 1999 cum
596 1961 832 1997 imitationis

187 2023 293 2057 causa
316 2022 570 2070 susciperetur
595 2018 711 2053 lectio
732 2018 832 2065 opti·

184 2092 341 2114 morum
363 2078 606 2125 scriptorum,
636 2075 713 2122 ipsa
734 2086 831 2121 quo-

185 2148 261 2184 que
292 2135 385 2171 haec
415 2133 603 2169 tractandi
629 2130 753 2165 libros
770 2130 829 2164 iu-

186 2191 327 2227 dustria
352 2190 522 2226 imitatio
557 2186 828 2237 appellaretur.

184 2249 241 2283 Ita
277 2260 375 2297 opus
409 2246 513 2282 illud
531 2243 715 2291 Dionysii
738 2241 826 2278 Hal.

184 2317 263 2353 quo
294 2316 473 2340 veterum
506 2312 704 2337 oratorum
724 2299 827 2345 judi-

182 2361 239 2395 cia
270 2361 482 2409 proponit,
510 2358 697 2405 cujusque
729 2367 825 2389 non-

179 2417 250 2451 nifi
293 2416 444 2465 aliquot
475 2425 612 2468 'partes
651 2411 824 2459 reliquae

178 2472 297 2508 factae
322 2474 429 2514 sunt,
458 2470 686 2518 inscriptum
712 2467 824 2504 fuiss'e

176 2528 335 2564 videtur
375 2530 421 2564 cle
463 2528 690 2565 imitatione,
743 2536 821 2571 quo

891 1962 952 1996 sed
973 1974 1051 2010 quo
1073 1961 1304 1997 brevitatem
1325 1973 1361 1998 et
1377 1974 1537 1998 acumen

891 2018 1094 2066 quaesierit
1119 2018 1256 2054 noster.

949 2087 1074 2109 omnes
1095 2094 1147 2101 --
1170 2088 1350 2110 numeros.
1408 2074 1534 2111 Palae-

888 2131 992 2166 Ilrici
1023 2132 1164 2165 numeri
1180 2130 1324 2166 iterum
1350 2131 1534 2167 dicuntur

889 2201 907 2221 a
929 2186 1056 2223 nostro
1086 2196 1145 2227 12,
1170 2197 1206 2226 2,
1235 2197 1297 2223 12.
1325 2187 1371 2223 cf.
1392 2199 1426 2235 9,
1443 2195 1478 2230 4,
1494 2195 1530 2232 8.

886 2243 983 2279 item
1016 2252 1062 2283 2,
1097 2250 1144 2287 3,
1182 2252 1242 2286 ¹5·
1285 2242 1356 2279 ubi
1387 2244 1530 2292 positus

886 2302 1048 2335 Senecae
1086 2298 1197 2334 locus
1234 2310 1384 2348 praeter
1417 2313 1531 2335 nexus

883 2355 1043 2404 „magni
1069 2355 1299 2392 luctatoris“
1327 2356 1440 2391 etiam
1465 2371 1528 2391 rm-

885 2425 1004 2447 meros
1027 2411 1153 2448 habet.
1211 2412 1319 2447 Adde
1347 2411 1526 2451 Juvenal.

885 2469 920 2508 6,
952 2475 1043 2514 249.
1086 2469 1156 2504 ubi
1185 2468 1326 2503 femina
1365 2481 1528 2509 „omnes

880 2524 1019 2573 implet
1039 2537 1206 2560 numeros
1220 2530 1244 2544 “
1271 2524 1526 2574 palaestricos,

174 2583 305 2620 indice
327 2595 566 2621 memoratur
579 2596 597 2617 a
613 2579 820 2616 Scholiaste
879 2582 943 2616 cui
963 2580 1052 2616 loco
1072 2594 1151 2616 non
1171 2579 1268 2616 male
1280 2579 1522 2617 Forcellinus

171 2640 436 2689 Hermogenis
462 2640 505 2676 τδ
529 2639 605 2686 περὶ
626 2637 818 2684 μιμήσεως.
878 2638 1028 2672 confert
1068 2638 1229 2673 alterum
1273 2637 1444 2684 ejusdem
1482 2644 1519 2680 5,

169 2695 264 2734 Vid.
295 2697 458 2745 Tayloxi
496 2698 621 2734 Lectt.
660 2695 746 2743 Lys.
778 2705 817 2742 Ρ.
882 2705 984 2734 122.,
1011 2694 1053 2729 in
1077 2707 1154 2742 quo
1178 2693 1398 2728 structorem
1413 2707 1519 2728 men·

169 2750 319 2803 (Κεὶς.)
346 2768 360 2790 ι
373 2753 437 2790 62.
874 2749 929 2786 sae
946 2748 1124 2792 „volanti
1142 2749 1333 2786 cultello“
1352 2760 1389 2787 et
1407 2749 1518 2792 „chi-
