<?xml version="1.0" encoding="UTF-8"?>
<!DOCTYPE html PUBLIC "-//W3C//DTD XHTML 1.0 Transitional//EN"
    "http://www.w3.org/TR/xhtml1/DTD/xhtml1-transitional.dtd">
<html xmlns="http://www.w3.org/1999/xhtml" xml:lang="en" lang="en">
 <head>
  <title>
</title>
<meta http-equiv="Content-Type" content="text/html;charset=utf-8" />
  <meta name='ocr-system' content='tesseract 3.04.00' />
  <meta name='ocr-capabilities' content='ocr_page ocr_carea ocr_par ocr_line ocrx_word'/>
</head>
<body>
  <div class='ocr_page' id='page_1' title='image "./deinstitutioneor04quinuoft_0015.png"; bbox 0 0 1789 3068; ppageno 0'>
   <div class='ocr_carea' id='block_1_1' title="bbox 633 149 1515 200">
    <p class='ocr_par' dir='ltr' id='par_1_1' title="bbox 633 149 1515 200">
     <span class='ocr_line' id='line_1_1' title="bbox 633 149 1515 200; baseline -0.011 1"><span class='ocrx_word' id='word_1_1' title='bbox 633 149 1100 200; x_wconf 78' lang='lat' dir='ltr'><strong>PRAEFATIO.</strong></span> <span class='ocrx_word' id='word_1_2' title='bbox 1455 159 1515 192; x_wconf 63' lang='grc' dir='ltr'>πῖ</span> 
     </span>
    </p>
   </div>
   <div class='ocr_carea' id='block_1_2' title="bbox 112 281 1559 2758">
    <p class='ocr_par' dir='ltr' id='par_1_2' title="bbox 159 281 1528 711">
     <span class='ocr_line' id='line_1_2' title="bbox 159 281 1522 369; baseline -0.011 -22"><span class='ocrx_word' id='word_1_3' title='bbox 159 291 427 369; x_wconf 78' lang='lat' dir='ltr'><strong><em>formabit</em></strong></span> <span class='ocrx_word' id='word_1_4' title='bbox 465 290 694 350; x_wconf 83' lang='lat' dir='ltr'>exhibet,</span> <span class='ocrx_word' id='word_1_5' title='bbox 722 286 992 362; x_wconf 79' lang='lat' dir='ltr'><strong><em>firmabit,</em></strong></span> <span class='ocrx_word' id='word_1_6' title='bbox 1031 286 1191 338; x_wconf 85' lang='lat' dir='ltr'>unice</span> <span class='ocrx_word' id='word_1_7' title='bbox 1215 300 1397 334; x_wconf 81' lang='lat' dir='ltr'>veram</span> <span class='ocrx_word' id='word_1_8' title='bbox 1422 281 1522 333; x_wconf 79' lang='lat' dir='ltr'>effe</span> 
     </span>
     <span class='ocr_line' id='line_1_3' title="bbox 171 372 1522 447; baseline -0.007 -13"><span class='ocrx_word' id='word_1_9' title='bbox 171 395 357 434; x_wconf 85' lang='lat' dir='ltr'>monet</span> <span class='ocrx_word' id='word_1_10' title='bbox 394 381 540 432; x_wconf 86' lang='lat' dir='ltr'>idem</span> <span class='ocrx_word' id='word_1_11' title='bbox 578 379 891 436; x_wconf 77' lang='lat' dir='ltr'>Schiitzius,</span> <span class='ocrx_word' id='word_1_12' title='bbox 967 394 1092 426; x_wconf 89' lang='lat' dir='ltr'>cum</span> <span class='ocrx_word' id='word_1_13' title='bbox 1130 372 1311 447; x_wconf 84' lang='lat' dir='ltr'>firma</span> <span class='ocrx_word' id='word_1_14' title='bbox 1349 391 1522 441; x_wconf 89' lang='lat' dir='ltr'>puero</span> 
     </span>
     <span class='ocr_line' id='line_1_4' title="bbox 160 462 1526 539; baseline -0.01 -16"><span class='ocrx_word' id='word_1_15' title='bbox 160 468 362 523; x_wconf 50' lang='lat' dir='ltr'>&#39;manus</span> <span class='ocrx_word' id='word_1_16' title='bbox 400 479 710 539; x_wconf 82' lang='lat' dir='ltr'><strong>quaeratur,</strong></span> <span class='ocrx_word' id='word_1_17' title='bbox 768 466 903 517; x_wconf 87' lang='lat' dir='ltr'>dum</span> <span class='ocrx_word' id='word_1_18' title='bbox 951 477 1095 515; x_wconf 80' lang='lat' dir='ltr'>certa</span> <span class='ocrx_word' id='word_1_19' title='bbox 1142 462 1385 530; x_wconf 81' lang='lat' dir='ltr'>sequitur</span> <span class='ocrx_word' id='word_1_20' title='bbox 1431 463 1526 512; x_wconf 79' lang='lat' dir='ltr'>illa</span> 
     </span>
     <span class='ocr_line' id='line_1_5' title="bbox 174 551 1528 627; baseline -0.007 -16"><span class='ocrx_word' id='word_1_21' title='bbox 174 560 420 627; x_wconf 84' lang='lat' dir='ltr'>vestigia,</span> <span class='ocrx_word' id='word_1_22' title='bbox 482 556 627 608; x_wconf 84' lang='lat' dir='ltr'>istud.</span> <span class='ocrx_word' id='word_1_23' title='bbox 665 567 846 605; x_wconf 87' lang='lat' dir='ltr'>autem</span> <span class='ocrx_word' id='word_1_24' title='bbox 874 551 1140 627; x_wconf 76' lang='lat' dir='ltr'><strong><em>formabit</em></strong></span> <span class='ocrx_word' id='word_1_25' title='bbox 1176 552 1528 605; x_wconf 84' lang='lat' dir='ltr'>commodum</span> 
     </span>
     <span class='ocr_line' id='line_1_6' title="bbox 176 644 1148 711; baseline -0.009 -10"><span class='ocrx_word' id='word_1_26' title='bbox 176 649 386 701; x_wconf 80' lang='lat' dir='ltr'>sensum</span> <span class='ocrx_word' id='word_1_27' title='bbox 425 649 532 698; x_wconf 90' lang='lat' dir='ltr'>hoc</span> <span class='ocrx_word' id='word_1_28' title='bbox 572 646 694 696; x_wconf 88' lang='lat' dir='ltr'>loco</span> <span class='ocrx_word' id='word_1_29' title='bbox 734 661 850 695; x_wconf 89' lang='lat' dir='ltr'>non</span> <span class='ocrx_word' id='word_1_30' title='bbox 888 644 1148 711; x_wconf 80' lang='lat' dir='ltr'>praebeat.</span> 
     </span>
    </p>

    <p class='ocr_par' dir='ltr' id='par_1_3' title="bbox 112 730 1559 2758">
     <span class='ocr_line' id='line_1_7' title="bbox 324 730 1533 798; baseline -0.007 -9"><span class='ocrx_word' id='word_1_31' title='bbox 324 738 422 789; x_wconf 84' lang='lat' dir='ltr'>His</span> <span class='ocrx_word' id='word_1_32' title='bbox 461 735 572 786; x_wconf 86' lang='lat' dir='ltr'>duo</span> <span class='ocrx_word' id='word_1_33' title='bbox 606 733 924 798; x_wconf 78' lang='lat' dir='ltr'>subjungam</span> <span class='ocrx_word' id='word_1_34' title='bbox 964 733 1081 783; x_wconf 87' lang='lat' dir='ltr'>loca</span> <span class='ocrx_word' id='word_1_35' title='bbox 1127 731 1372 789; x_wconf 82' lang='lat' dir='ltr'>feliciter,</span> <span class='ocrx_word' id='word_1_36' title='bbox 1411 730 1533 797; x_wconf 88' lang='lat' dir='ltr'>opi-</span> 
     </span>
     <span class='ocr_line' id='line_1_8' title="bbox 174 820 1535 887; baseline -0.007 -9"><span class='ocrx_word' id='word_1_37' title='bbox 174 843 304 885; x_wconf 85' lang='lat' dir='ltr'>nor,</span> <span class='ocrx_word' id='word_1_38' title='bbox 385 833 578 874; x_wconf 83' lang='lat' dir='ltr'>tentata</span> <span class='ocrx_word' id='word_1_39' title='bbox 633 840 662 871; x_wconf 86' lang='lat' dir='ltr'><strong><em>a</em></strong></span> <span class='ocrx_word' id='word_1_40' title='bbox 702 821 937 873; x_wconf 85' lang='lat' dir='ltr'>Gustavo</span> <span class='ocrx_word' id='word_1_41' title='bbox 982 824 1173 887; x_wconf 78' lang='lat' dir='ltr'>Sarpio</span> <span class='ocrx_word' id='word_1_42' title='bbox 1212 823 1273 870; x_wconf 90' lang='lat' dir='ltr'>in</span> <span class='ocrx_word' id='word_1_43' title='bbox 1319 820 1535 877; x_wconf 80' lang='lat' dir='ltr'>libello,</span> 
     </span>
     <span class='ocr_line' id='line_1_9' title="bbox 175 906 1536 981; baseline -0.006 -17"><span class='ocrx_word' id='word_1_44' title='bbox 175 931 339 981; x_wconf 89' lang='lat' dir='ltr'>quem</span> <span class='ocrx_word' id='word_1_45' title='bbox 376 910 639 979; x_wconf 79' lang='lat' dir='ltr'>inscripsit</span> <span class='ocrx_word' id='word_1_46' title='bbox 674 912 1053 963; x_wconf 82' lang='lat' dir='ltr'>Analectorum</span> <span class='ocrx_word' id='word_1_47' title='bbox 1085 911 1160 959; x_wconf 88' lang='lat' dir='ltr'>ad</span> <span class='ocrx_word' id='word_1_48' title='bbox 1187 909 1253 961; x_wconf 83' lang='lat' dir='ltr'>G.</span> <span class='ocrx_word' id='word_1_49' title='bbox 1280 910 1346 959; x_wconf 92' lang='lat' dir='ltr'>L.</span> <span class='ocrx_word' id='word_1_50' title='bbox 1378 906 1536 973; x_wconf 84' lang='lat' dir='ltr'><strong><em>Spal-</em></strong></span> 
     </span>
     <span class='ocr_line' id='line_1_10' title="bbox 173 994 1536 1073; baseline -0.006 -20"><span class='ocrx_word' id='word_1_51' title='bbox 173 1004 346 1073; x_wconf 78' lang='lat' dir='ltr'>dingc&#39;i</span> <span class='ocrx_word' id='word_1_52' title='bbox 366 1004 445 1052; x_wconf 88' lang='lat' dir='ltr'>M.</span> <span class='ocrx_word' id='word_1_53' title='bbox 459 999 682 1055; x_wconf 83' lang='lat' dir='ltr'>Fabium</span> <span class='ocrx_word' id='word_1_54' title='bbox 701 999 1104 1073; x_wconf 67' lang='lat' dir='ltr'>Quinctilianum</span> <span class='ocrx_word' id='word_1_55' title='bbox 1108 994 1389 1072; x_wconf 81' lang='lat' dir='ltr'>specimen.</span> <span class='ocrx_word' id='word_1_56' title='bbox 1417 999 1536 1046; x_wconf 87' lang='lat' dir='ltr'>Ha-</span> 
     </span>
     <span class='ocr_line' id='line_1_11' title="bbox 177 1088 1536 1163; baseline -0.004 -23"><span class='ocrx_word' id='word_1_57' title='bbox 177 1092 243 1140; x_wconf 81' lang='lat' dir='ltr'>lis</span> <span class='ocrx_word' id='word_1_58' title='bbox 279 1104 438 1150; x_wconf 78' lang='lat'>1315.</span> <span class='ocrx_word' id='word_1_59' title='bbox 486 1103 535 1149; x_wconf 77' lang='grc'>8.</span> <span class='ocrx_word' id='word_1_60' title='bbox 614 1091 762 1139; x_wconf 88' lang='lat' dir='ltr'>Alter</span> <span class='ocrx_word' id='word_1_61' title='bbox 794 1088 870 1138; x_wconf 88' lang='lat' dir='ltr'>est</span> <span class='ocrx_word' id='word_1_62' title='bbox 913 1107 934 1138; x_wconf 93' lang='lat'>1</span> <span class='ocrx_word' id='word_1_63' title='bbox 958 1126 973 1147; x_wconf 93' lang='lat'>,</span> <span class='ocrx_word' id='word_1_64' title='bbox 1013 1106 1079 1150; x_wconf 90' lang='lat'>9,</span> <span class='ocrx_word' id='word_1_65' title='bbox 1115 1102 1163 1147; x_wconf 78' lang='lat'>3.</span> <span class='ocrx_word' id='word_1_66' title='bbox 1213 1088 1370 1163; x_wconf 67' lang='lat' dir='ltr'>Quod</span> <span class='ocrx_word' id='word_1_67' title='bbox 1403 1098 1536 1150; x_wconf 78' lang='lat' dir='ltr'>opus</span> 
     </span>
     <span class='ocr_line' id='line_1_12' title="bbox 176 1176 1537 1245; baseline -0.004 -15"><span class='ocrx_word' id='word_1_68' title='bbox 176 1179 430 1244; x_wconf 81' lang='lat' dir='ltr'>(fabellas</span> <span class='ocrx_word' id='word_1_69' title='bbox 467 1176 662 1245; x_wconf 78' lang='lat' dir='ltr'>Aesopi</span> <span class='ocrx_word' id='word_1_70' title='bbox 701 1177 959 1227; x_wconf 79' lang='lat' dir='ltr'>variando</span> <span class='ocrx_word' id='word_1_71' title='bbox 1003 1179 1324 1243; x_wconf 78' lang='lat' dir='ltr'>exprimere)</span> <span class='ocrx_word' id='word_1_72' title='bbox 1379 1179 1537 1225; x_wconf 78' lang='lat' dir='ltr'>etiam</span> 
     </span>
     <span class='ocr_line' id='line_1_13' title="bbox 179 1262 1539 1342; baseline -0.004 -24"><span class='ocrx_word' id='word_1_73' title='bbox 179 1265 542 1342; x_wconf 81' lang='lat' dir='ltr'>consummatis</span> <span class='ocrx_word' id='word_1_74' title='bbox 577 1263 972 1339; x_wconf 69' lang='lat' dir='ltr'>professoribus</span> <span class='ocrx_word' id='word_1_75' title='bbox 1013 1262 1233 1339; x_wconf 64' lang='lat' dir='ltr'>dfficile</span> <span class='ocrx_word' id='word_1_76' title='bbox 1270 1269 1362 1331; x_wconf 73' lang='lat' dir='ltr'>qui</span> <span class='ocrx_word' id='word_1_77' title='bbox 1404 1283 1539 1314; x_wconf 84' lang='lat' dir='ltr'>eom·-</span> 
     </span>
     <span class='ocr_line' id='line_1_14' title="bbox 178 1349 1542 1427; baseline -0.004 -21"><span class='ocrx_word' id='word_1_78' title='bbox 178 1358 327 1406; x_wconf 86' lang='lat' dir='ltr'>mode</span> <span class='ocrx_word' id='word_1_79' title='bbox 350 1357 677 1412; x_wconf 78' lang='lat' dir='ltr'>tractaverit,</span> <span class='ocrx_word' id='word_1_80' title='bbox 717 1358 996 1419; x_wconf 73' lang='lat' dir='ltr'>cuicunque</span> <span class='ocrx_word' id='word_1_81' title='bbox 1019 1349 1255 1426; x_wconf 53' lang='lat' dir='ltr'>discendo</span> <span class='ocrx_word' id='word_1_82' title='bbox 1266 1349 1542 1427; x_wconf 72' lang='lat' dir='ltr'>szffz&#39;ciets</span> 
     </span>
     <span class='ocr_line' id='line_1_15' title="bbox 181 1439 1542 1515; baseline -0.004 -19"><span class='ocrx_word' id='word_1_83' title='bbox 181 1445 280 1496; x_wconf 78' lang='lat' dir='ltr'>ubi</span> <span class='ocrx_word' id='word_1_84' title='bbox 310 1439 670 1515; x_wconf 81' lang='lat' dir='ltr'>consummatis</span> <span class='ocrx_word' id='word_1_85' title='bbox 695 1440 1053 1513; x_wconf 79' lang='lat' dir='ltr'>profectibus,</span> <span class='ocrx_word' id='word_1_86' title='bbox 1093 1460 1230 1508; x_wconf 86' lang='lat' dir='ltr'>quos</span> <span class='ocrx_word' id='word_1_87' title='bbox 1263 1443 1358 1493; x_wconf 86' lang='lat' dir='ltr'>ille</span> <span class='ocrx_word' id='word_1_88' title='bbox 1384 1460 1542 1509; x_wconf 83' lang='lat' dir='ltr'>repo·-</span> 
     </span>
     <span class='ocr_line' id='line_1_16' title="bbox 181 1531 1543 1595; baseline -0.004 -11"><span class='ocrx_word' id='word_1_89' title='bbox 181 1534 265 1584; x_wconf 85' lang='lat' dir='ltr'>nit</span> <span class='ocrx_word' id='word_1_90' title='bbox 291 1531 533 1582; x_wconf 80' lang='lat' dir='ltr'>firmatos</span> <span class='ocrx_word' id='word_1_91' title='bbox 569 1549 631 1581; x_wconf 81' lang='lat' dir='ltr'>ex</span> <span class='ocrx_word' id='word_1_92' title='bbox 668 1534 833 1582; x_wconf 89' lang='lat' dir='ltr'>altero</span> <span class='ocrx_word' id='word_1_93' title='bbox 868 1532 989 1581; x_wconf 92' lang='lat' dir='ltr'>loco</span> <span class='ocrx_word' id='word_1_94' title='bbox 1025 1548 1122 1589; x_wconf 88' lang='lat'>10,</span> <span class='ocrx_word' id='word_1_95' title='bbox 1159 1544 1220 1590; x_wconf 86' lang='lat'>5,</span> <span class='ocrx_word' id='word_1_96' title='bbox 1262 1537 1344 1595; x_wconf 75' lang='lat'>14.</span> <span class='ocrx_word' id='word_1_97' title='bbox 1387 1532 1410 1594; x_wconf 84' lang='lat'>(</span> <span class='ocrx_word' id='word_1_98' title='bbox 1421 1532 1543 1579; x_wconf 83' lang='lat' dir='ltr'>dum</span> 
     </span>
     <span class='ocr_line' id='line_1_17' title="bbox 182 1616 1548 1694; baseline -0.002 -23"><span class='ocrx_word' id='word_1_99' title='bbox 182 1617 434 1694; x_wconf 76' lang='lat' dir='ltr'>adolescit</span> <span class='ocrx_word' id='word_1_100' title='bbox 461 1619 757 1693; x_wconf 81' lang='lat' dir='ltr'>profectus,</span> <span class='ocrx_word' id='word_1_101' title='bbox 796 1650 861 1660; x_wconf 89' lang='lat'>--</span> <span class='ocrx_word' id='word_1_102' title='bbox 892 1650 955 1661; x_wconf 78' lang='lat'>--</span> <span class='ocrx_word' id='word_1_103' title='bbox 983 1637 1096 1668; x_wconf 87' lang='lat' dir='ltr'>cum</span> <span class='ocrx_word' id='word_1_104' title='bbox 1121 1616 1201 1690; x_wconf 80' lang='lat' dir='ltr'>est</span> <span class='ocrx_word' id='word_1_105' title='bbox 1227 1616 1548 1694; x_wconf 82' lang='lat' dir='ltr'>consumma-</span> 
     </span>
     <span class='ocr_line' id='line_1_18' title="bbox 185 1707 1548 1778; baseline 0 -18"><span class='ocrx_word' id='word_1_106' title='bbox 185 1713 296 1776; x_wconf 79' lang='lat' dir='ltr'>tus)</span> <span class='ocrx_word' id='word_1_107' title='bbox 334 1707 595 1777; x_wconf 80' lang='lat' dir='ltr'>suffragor</span> <span class='ocrx_word' id='word_1_108' title='bbox 624 1712 809 1778; x_wconf 86' lang='lat' dir='ltr'>plane,</span> <span class='ocrx_word' id='word_1_109' title='bbox 861 1708 1120 1758; x_wconf 78' lang='lat' dir='ltr'>ablativos</span> <span class='ocrx_word' id='word_1_110' title='bbox 1156 1720 1332 1759; x_wconf 86' lang='lat' dir='ltr'>tamen</span> <span class='ocrx_word' id='word_1_111' title='bbox 1365 1710 1548 1777; x_wconf 83' lang='lat' dir='ltr'>potius</span> 
     </span>
     <span class='ocr_line' id='line_1_19' title="bbox 186 1798 1547 1866; baseline 0.001 -17"><span class='ocrx_word' id='word_1_112' title='bbox 186 1817 351 1866; x_wconf 83' lang='lat' dir='ltr'>quam</span> <span class='ocrx_word' id='word_1_113' title='bbox 383 1799 593 1850; x_wconf 77' lang='lat' dir='ltr'>dativus</span> <span class='ocrx_word' id='word_1_114' title='bbox 632 1798 931 1866; x_wconf 80' lang='lat' dir='ltr'>agnoscens.</span> <span class='ocrx_word' id='word_1_115' title='bbox 1019 1801 1210 1849; x_wconf 86' lang='lat' dir='ltr'>Verior</span> <span class='ocrx_word' id='word_1_116' title='bbox 1254 1800 1440 1859; x_wconf 84' lang='lat' dir='ltr'>etiam,</span> <span class='ocrx_word' id='word_1_117' title='bbox 1501 1798 1547 1850; x_wconf 82' lang='lat' dir='ltr'>fi</span> 
     </span>
     <span class='ocr_line' id='line_1_20' title="bbox 187 1888 1546 1955; baseline 0 -17"><span class='ocrx_word' id='word_1_118' title='bbox 187 1889 356 1938; x_wconf 85' lang='lat' dir='ltr'>modo</span> <span class='ocrx_word' id='word_1_119' title='bbox 390 1890 509 1938; x_wconf 81' lang='lat' dir='ltr'>veri</span> <span class='ocrx_word' id='word_1_120' title='bbox 541 1888 665 1940; x_wconf 83' lang='lat' dir='ltr'>sunt</span> <span class='ocrx_word' id='word_1_121' title='bbox 698 1888 917 1955; x_wconf 77' lang='lat' dir='ltr'>gradus,</span> <span class='ocrx_word' id='word_1_122' title='bbox 966 1889 1026 1938; x_wconf 88' lang='lat' dir='ltr'>in</span> <span class='ocrx_word' id='word_1_123' title='bbox 1052 1889 1216 1940; x_wconf 81' lang='lat' dir='ltr'>altero</span> <span class='ocrx_word' id='word_1_124' title='bbox 1243 1889 1366 1939; x_wconf 86' lang='lat' dir='ltr'>loco</span> <span class='ocrx_word' id='word_1_125' title='bbox 1393 1888 1546 1939; x_wconf 87' lang='lat' dir='ltr'>vide·</span> 
     </span>
     <span class='ocr_line' id='line_1_21' title="bbox 188 1976 1549 2045; baseline 0.001 -19"><span class='ocrx_word' id='word_1_126' title='bbox 188 1987 279 2028; x_wconf 83' lang='lat' dir='ltr'>tur</span> <span class='ocrx_word' id='word_1_127' title='bbox 300 1981 631 2040; x_wconf 84' lang='lat' dir='ltr'>conjectura,</span> <span class='ocrx_word' id='word_1_128' title='bbox 666 1978 765 2029; x_wconf 88' lang='lat' dir='ltr'>ubi</span> <span class='ocrx_word' id='word_1_129' title='bbox 797 1995 923 2028; x_wconf 90' lang='lat' dir='ltr'>cum</span> <span class='ocrx_word' id='word_1_130' title='bbox 947 1978 1228 2045; x_wconf 82' lang='lat' dir='ltr'>vulgatum</span> <span class='ocrx_word' id='word_1_131' title='bbox 1259 1976 1327 2028; x_wconf 79' lang='lat' dir='ltr'>fit</span> <span class='ocrx_word' id='word_1_132' title='bbox 1357 1982 1431 2028; x_wconf 85' lang='lat' dir='ltr'>ita</span> <span class='ocrx_word' id='word_1_133' title='bbox 1459 1995 1549 2028; x_wconf 86' lang='lat' dir='ltr'>ar-</span> 
     </span>
     <span class='ocr_line' id='line_1_22' title="bbox 112 2062 1548 2140; baseline 0.001 -26"><span class='ocrx_word' id='word_1_134' title='bbox 112 2068 115 2069; x_wconf 66' lang='grc'>’</span> <span class='ocrx_word' id='word_1_135' title='bbox 189 2062 308 2126; x_wconf 83' lang='lat' dir='ltr'>hos,</span> <span class='ocrx_word' id='word_1_136' title='bbox 359 2065 531 2126; x_wconf 81' lang='lat' dir='ltr'>labos,</span> <span class='ocrx_word' id='word_1_137' title='bbox 576 2084 749 2133; x_wconf 76' lang='lat' dir='ltr'>vapos</span> <span class='ocrx_word' id='word_1_138' title='bbox 784 2069 941 2116; x_wconf 77' lang='lat' dir='ltr'>eciam</span> <span class='ocrx_word' id='word_1_139' title='bbox 971 2077 1024 2116; x_wconf 80' lang='lat' dir='ltr'>et</span> <span class='ocrx_word' id='word_1_140' title='bbox 1057 2067 1278 2126; x_wconf 83' lang='lat' dir='ltr'>clamos,</span> <span class='ocrx_word' id='word_1_141' title='bbox 1312 2085 1376 2118; x_wconf 87' lang='lat' dir='ltr'>ac</span> <span class='ocrx_word' id='word_1_142' title='bbox 1409 2062 1548 2140; x_wconf 78' lang='lat' dir='ltr'>lases</span> 
     </span>
     <span class='ocr_line' id='line_1_23' title="bbox 190 2151 1551 2227; baseline -0.001 -21"><span class='ocrx_word' id='word_1_143' title='bbox 190 2157 382 2206; x_wconf 81' lang='lat' dir='ltr'>aetatis</span> <span class='ocrx_word' id='word_1_144' title='bbox 403 2151 646 2227; x_wconf 80' lang='lat' dir='ltr'>fuerunt,</span> <span class='ocrx_word' id='word_1_145' title='bbox 681 2173 712 2205; x_wconf 90' lang='lat' dir='ltr'>e</span> <span class='ocrx_word' id='word_1_146' title='bbox 738 2157 885 2225; x_wconf 60' lang='lat' dir='ltr'>varie</span> <span class='ocrx_word' id='word_1_147' title='bbox 915 2157 1145 2209; x_wconf 85' lang='lat' dir='ltr'>lectione</span> <span class='ocrx_word' id='word_1_148' title='bbox 1174 2168 1224 2207; x_wconf 82' lang='lat' dir='ltr'>et</span> <span class='ocrx_word' id='word_1_149' title='bbox 1245 2175 1307 2208; x_wconf 88' lang='lat' dir='ltr'>as</span> <span class='ocrx_word' id='word_1_150' title='bbox 1332 2173 1430 2223; x_wconf 85' lang='lat' dir='ltr'>pro</span> <span class='ocrx_word' id='word_1_151' title='bbox 1462 2173 1551 2206; x_wconf 85' lang='lat' dir='ltr'>ae-</span> 
     </span>
     <span class='ocr_line' id='line_1_24' title="bbox 195 2241 1553 2318; baseline -0.001 -22"><span class='ocrx_word' id='word_1_152' title='bbox 195 2248 320 2296; x_wconf 80' lang='lat' dir='ltr'>tatis</span> <span class='ocrx_word' id='word_1_153' title='bbox 343 2246 481 2297; x_wconf 86' lang='lat' dir='ltr'>hanc</span> <span class='ocrx_word' id='word_1_154' title='bbox 508 2247 602 2295; x_wconf 89' lang='lat' dir='ltr'>ille</span> <span class='ocrx_word' id='word_1_155' title='bbox 632 2245 841 2297; x_wconf 82' lang='lat' dir='ltr'>extudit</span> <span class='ocrx_word' id='word_1_156' title='bbox 870 2244 1208 2313; x_wconf 84' lang='lat' dir='ltr'>scripturam,</span> <span class='ocrx_word' id='word_1_157' title='bbox 1248 2263 1311 2295; x_wconf 86' lang='lat' dir='ltr'>ac</span> <span class='ocrx_word' id='word_1_158' title='bbox 1339 2241 1475 2318; x_wconf 81' lang='lat' dir='ltr'>lases</span> <span class='ocrx_word' id='word_1_159' title='bbox 1502 2256 1553 2294; x_wconf 83' lang='lat' dir='ltr'>et</span> 
     </span>
     <span class='ocr_line' id='line_1_25' title="bbox 198 2331 1558 2409; baseline -0.002 -23"><span class='ocrx_word' id='word_1_160' title='bbox 198 2331 296 2409; x_wconf 86' lang='lat' dir='ltr'>asa</span> <span class='ocrx_word' id='word_1_161' title='bbox 317 2332 561 2408; x_wconf 83' lang='lat' dir='ltr'>fuerunt.</span> <span class='ocrx_word' id='word_1_162' title='bbox 642 2339 790 2405; x_wconf 82' lang='lat' dir='ltr'>Quae</span> <span class='ocrx_word' id='word_1_163' title='bbox 819 2345 882 2385; x_wconf 77' lang='lat' dir='ltr'>ut</span> <span class='ocrx_word' id='word_1_164' title='bbox 914 2336 1106 2386; x_wconf 86' lang='lat' dir='ltr'>merito</span> <span class='ocrx_word' id='word_1_165' title='bbox 1141 2334 1446 2394; x_wconf 83' lang='lat' dir='ltr'>laudamus,</span> <span class='ocrx_word' id='word_1_166' title='bbox 1485 2336 1558 2384; x_wconf 81' lang='lat' dir='ltr'>ita</span> 
     </span>
     <span class='ocr_line' id='line_1_26' title="bbox 200 2422 1559 2492; baseline 0 -18"><span class='ocrx_word' id='word_1_167' title='bbox 200 2442 315 2475; x_wconf 85' lang='lat' dir='ltr'>non</span> <span class='ocrx_word' id='word_1_168' title='bbox 345 2422 622 2492; x_wconf 80' lang='lat' dir='ltr'>poffumus</span> <span class='ocrx_word' id='word_1_169' title='bbox 644 2442 760 2475; x_wconf 88' lang='lat' dir='ltr'>non</span> <span class='ocrx_word' id='word_1_170' title='bbox 787 2441 1024 2485; x_wconf 89' lang='lat' dir='ltr'>monere,</span> <span class='ocrx_word' id='word_1_171' title='bbox 1052 2435 1221 2474; x_wconf 86' lang='lat' dir='ltr'>cetera</span> <span class='ocrx_word' id='word_1_172' title='bbox 1244 2433 1380 2491; x_wconf 83' lang='lat' dir='ltr'>quae</span> <span class='ocrx_word' id='word_1_173' title='bbox 1404 2425 1559 2474; x_wconf 84' lang='lat' dir='ltr'>libel-</span> 
     </span>
     <span class='ocr_line' id='line_1_27' title="bbox 199 2513 1556 2573; baseline 0 -10"><span class='ocrx_word' id='word_1_174' title='bbox 199 2513 288 2563; x_wconf 78' lang='lat' dir='ltr'>lus</span> <span class='ocrx_word' id='word_1_175' title='bbox 322 2514 416 2564; x_wconf 88' lang='lat' dir='ltr'>ille</span> <span class='ocrx_word' id='word_1_176' title='bbox 448 2516 740 2573; x_wconf 79' lang='lat' dir='ltr'>contineat,</span> <span class='ocrx_word' id='word_1_177' title='bbox 798 2513 843 2564; x_wconf 81' lang='lat' dir='ltr'>si</span> <span class='ocrx_word' id='word_1_178' title='bbox 870 2515 1092 2565; x_wconf 83' lang='lat' dir='ltr'>levioris</span> <span class='ocrx_word' id='word_1_179' title='bbox 1123 2515 1386 2565; x_wconf 85' lang='lat' dir='ltr'>momenti</span> <span class='ocrx_word' id='word_1_180' title='bbox 1420 2532 1556 2564; x_wconf 87' lang='lat' dir='ltr'>non-</span> 
     </span>
     <span class='ocr_line' id='line_1_28' title="bbox 201 2602 1558 2672; baseline -0.001 -19"><span class='ocrx_word' id='word_1_181' title='bbox 201 2603 354 2653; x_wconf 87' lang='lat' dir='ltr'>nulla</span> <span class='ocrx_word' id='word_1_182' title='bbox 373 2604 655 2672; x_wconf 81' lang='lat' dir='ltr'>exceperis,</span> <span class='ocrx_word' id='word_1_183' title='bbox 693 2603 961 2666; x_wconf 84' lang='lat' dir='ltr'>ejusmodi</span> <span class='ocrx_word' id='word_1_184' title='bbox 977 2602 1074 2654; x_wconf 82' lang='lat' dir='ltr'>effe</span> <span class='ocrx_word' id='word_1_185' title='bbox 1101 2606 1296 2662; x_wconf 84' lang='lat' dir='ltr'>omnia,</span> <span class='ocrx_word' id='word_1_186' title='bbox 1324 2613 1387 2654; x_wconf 89' lang='lat' dir='ltr'>ut</span> <span class='ocrx_word' id='word_1_187' title='bbox 1411 2605 1558 2652; x_wconf 87' lang='lat' dir='ltr'>viro-</span> 
     </span>
     <span class='ocr_line' id='line_1_29' title="bbox 204 2691 1554 2758; baseline -0.001 -15"><span class='ocrx_word' id='word_1_188' title='bbox 204 2709 329 2744; x_wconf 84' lang='lat' dir='ltr'>rum</span> <span class='ocrx_word' id='word_1_189' title='bbox 348 2691 633 2744; x_wconf 85' lang='lat' dir='ltr'>doctorum</span> <span class='ocrx_word' id='word_1_190' title='bbox 655 2694 827 2745; x_wconf 80' lang='lat' dir='ltr'>oculis</span> <span class='ocrx_word' id='word_1_191' title='bbox 853 2692 1083 2758; x_wconf 81' lang='lat' dir='ltr'>subjecta</span> <span class='ocrx_word' id='word_1_192' title='bbox 1104 2693 1259 2745; x_wconf 78' lang='lat' dir='ltr'>valde</span> <span class='ocrx_word' id='word_1_193' title='bbox 1282 2695 1554 2745; x_wconf 84' lang='lat' dir='ltr'>miremur.</span> 
     </span>
    </p>
   </div>
  </div>
 </body>
</html>
