1779 3062
384 174 558 220 -1N5T.
595 172 874 217 ORATOR.
909 173 1030 217 Lm.
1066 172 1152 227 x1,
1189 184 1236 215 2.
1324 159 1329 165 ’
1390 181 1489 229 297

146 300 256 370 ipsa
283 299 560 349 contineat.
643 297 826 345 Artem
857 307 1035 346 autem
1067 296 1356 346 memoriae
1382 295 1491 360 pri-
1518 318 1565 340 ιι

145 395 265 429 mus
295 371 569 426 ostendisse
604 372 800 422 dicitur
832 374 1156 423 Simonides:
1201 368 1494 435 cujus'vul-

144 465 262 521 gata
295 452 475 502 fabula
507 450 606 509 est,
641 467 764 498 cum
786 451 961 515 pugili
985 461 1241 500 coronato
1266 466 1496 507 carmen,

145 532 301 597 quale
321 530 579 596 componi
601 527 898 577 victoribus
919 525 1065 585 solet,
1090 527 1331 576 mercede
1349 536 1496 592 pacta

145 606 443 677 scripsiffet,
506 607 813 671 abnegatam
862 605 911 651 ei
963 606 1219 669 pecuniae
1265 614 1497 671 partem,

147 685 298 752 quod
331 701 480 734 more
504 684 674 749 poetis
707 681 1124 745 frequentillimo
1160 678 1411 747 digressus
1438 682 1496 728 in

144 761 331 813 laudes
359 761 588 813 Castoris
624 778 681 808 ac
716 760 942 809 Pollucis
970 761 1176 807 exierat.
1253 762 1496 826 Quapro-

145 852 265 908 pter
298 851 499 905 partem
530 839 593 886 ab
623 839 690 887 iis
714 848 908 905 petere,
952 854 1187 902 quorum
1210 834 1341 883 facta
1365 835 1498 882 cele-

145 915 356 975 malfet,
397 917 695 978 jubebatur.
784 918 848 964 Et
871 913 1270 981 persolverunt,
1310 922 1372 960 ut
1398 923 1499 959 'tra-

147 995 319 1044 ditum
351 993 436 1042 est.
500 995 643 1042 Nam
667 1010 790 1041 cum
815 991 934 1040 esset
956 991 1152 1057 grande
1178 991 1499 1040 convivium
1527 1001 1574 1030 ¹2

145 1073 205 1121 in
234 1073 498 1122 honorem
531 1070 768 1133 ejusdem
802 1071 1073 1128 victoriae,
1105 1080 1264 1133 atque
1294 1067 1502 1116 adhibi-

145 1160 228 1200 tus
260 1151 311 1198 ei
344 1166 538 1199 coenae
577 1147 908 1207 Simonides,
950 1148 1146 1196 nuntio
1181 1146 1252 1194 est
1284 1147 1502 1202 excitus,

145 1227 297 1293 quod
325 1244 450 1276 eum
484 1226 594 1276 duo
618 1230 869 1288 juvenes,
913 1226 1066 1290 equis
1092 1224 1326 1282 advecti,
1368 1220 1503 1271 defi-

152 1408 394 1455 cogitationis
413 1407 469 1442 vis
492 1408 514 1440 i.
535 1420 562 1442 c.
588 1404 635 1441 cf.
664 1417 724 1445 lo,
751 1403 787 1446 6,
817 1410 851 1448 4.
882 1405 952 1440 ubi
973 1414 1130 1452 apparet
1147 1400 1342 1451 scribendo
1367 1411 1403 1437 et
1424 1401 1499 1437 edi·

146 1462 284 1511 scendo
317 1464 362 1499 ab
387 1477 461 1498 una
484 1474 590 1511 parte
622 1462 772 1511 opponi
802 1463 847 1498 ab
879 1461 996 1497 altera
1030 1461 1270 1508 cogitationis
1291 1462 1377 1495 vim.
1440 1458 1503 1493 Sic

155 1534 248 1556 mox
268 1517 423 1568 castores
445 1520 579 1555 Turic-

239 1624 302 1648 11.
335 1612 560 1658 abnegatam
582 1618 810 1657 -parterm
853 1610 914 1644 Sic
949 1608 1080 1643 Turic.
1113 1607 1217 1645 Flor.
1252 1609 1508 1657 (quanquam

155 1667 358 1718 discerptis
388 1669 486 1702 mire
518 1666 702 1714 syllabis)
738 1666 865 1701 Guelf.
898 1665 1030 1713 Camp.
1067 1678 1154 1699 cum
1190 1666 1275 1700 edd.
1301 1676 1385 1700 ante
1414 1666 1507 1701 Bad.

152 1724 314 1774 Reliqui
337 1726 526 1773 abnegata
544 1745 601 1752 -—
617 1737 706 1773 pars
724 1721 784 1772 est,
810 1722 920 1758 velut
951 1721 1051 1758 vall.
1065 1722 1184 1758 Goth.
1201 1723 1324 1758 Gudii
1347 1723 1509 1771 quidem

154 1782 201 1816 ad
223 1783 384 1819 Phaedr.
413 1790 459 1825 4,
486 1790 548 1826 24.
571 1781 763 1817 rationem
790 1780 954 1828 legentis
974 1793 982 1813 ι
1030 1779 1235 1826 abnegatas
1257 1782 1347 1815 duas
1371 1781 1404 1813 ei
1427 1793 1506 1827 pec.

151 1848 277 1886 parces
308 1854 388 1876 non
416 1839 534 1875 video
570 1839 666 1886 quid
687 1837 956 1877 commendet;
991 1849 1061 1870 nec
1084 1835 1281 1872 Gronovii
1303 1836 1349 1870 ad
1376 1838 1507 1872 Senec-

155 1895 202 1930 de
234 1894 432 1944 tranquill.
474 1903 536 1939 14.
563 1897 745 1930 excitatus
777 1907 848 1942 pro
882 1895 1030 1928 excitus.
1315 1891 1508 1941 tligreffus.

153 1952 258 1989 Flor.
291 1951 487 2001 ‹leg-reffits.
520 1951 646 1990 Guelf.
671 1952 831 1987 omittit.
886 1951 986 1986 Mox
1017 1964 1059 1985 ac
1092 1962 1164 1999 pro
1196 1958 1232 1984 et
1260 1948 1509 1998 reliquorum

158 2005 249 2046 d'edi
271 2024 289 2046 e
313 2011 445 2046 Tui-ic.
465 2009 570 2045 Flor-

220 2170 237 2192 1
249 2170 281 2193 1.
326 2155 550 2206 abnegatam
573 2177 630 2185 -—
648 2164 804 2205 partem.
862 2156 951 2192 nius
963 2155 1003 2191 in
1019 2154 1160 2204 Opusc.
1172 2154 1285 2189 Tom.
1298 2167 1311 2187 1
1323 2180 1332 2190 .
1345 2166 1385 2202 p.
1404 2166 1419 2188 1
1431 2160 1512 2200 59.;

157 2215 393 2263 „Dependet
420 2213 592 2262 afabula
613 2213 704 2263 est.“
736 2215 805 2248 Ba·
863 2227 934 2248 nec
971 2212 1183 2261 potuissent
1213 2221 1297 2245 tum
1340 2223 1515 2258 pugnare

159 2273 260 2309 dius.
300 2274 354 2307 Ea
379 2272 539 2320 quidem
561 2272 688 2309 fabula
708 2269 806 2318 legi-
864 2269 1139 2309 Grammatici,
1199 2280 1371 2316 quorum
1401 2266 1514 2301 litem

160 2339 223 2364 tur
241 2329 355 2376 apud
376 2329 456 2365 Cic.
483 2329 529 2363 de
551 2329 657 2366 Orat.
681 2339 716 2367 2,
739 2327 806 2371 86.

158 2384 384 2425 Phaedrum
413 2386 470 2428 ’4,
517 2392 580 2429 24.
641 2387 807 2423 Carmen

160 2441 288 2489 ipsum
309 2441 385 2477 hoe
409 2442 479 2477 effe
500 2442 728 2480 Simonidis,
762 2454 808 2477 ex

164 2510 244 2545 quo
277 2497 505 2547 particulam
536 2498 644 2535 Plato
677 2499 809 2534 afferat

163 2554 206 2588 in
235 2557 445 2602 Protagora
478 2569 515 2604 p.
550 2556 681 2606 Steph.
712 2565 807 2602 559,

162 2610 371 2660 suspicatur
398 2612 585 2648 Dukerus
625 2614 699 2658 (de
729 2624 808 2660 quo

162 2670 278 2713 mox)
303 2682 341 2716 p.
366 2673 438 2716 98,
469 2670 533 2704 cui
555 2669 701 2705 diversa
723 2668 811 2715 (sed

163 2736 250 2761 ante
270 2738 360 2761 eum
380 2725 566 2771 scribens)
583 2727 696 2764 sentit
705 2728 812 2774 Hey-

864 2327 1038 2362 Platonis
1063 2325 1269 2361 auctoritas
1289 2323 1513 2358 direnu'ffet.

864 2383 1124 2421 Laudatorem
1158 2381 1283 2429 gentis
1325 2380 1513 2428 Scopada-

864 2455 955 2476 rum
998 2439 1244 2476 Simonidem
1278 2435 1515 2472 Theocritus

869 2498 1035 2533 celebrat
1065 2494 1306 2531 nobihffimo
1336 2492 1426 2528 loco
1455 2492 1515 2534 ιδ,

869 2555 921 2598 56
934 2574 988 2582 --
1005 2564 1067 2597 47-

934 2621 995 2647 12.
1027 2619 1136 2660 atque
1160 2607 1359 2643 adhibitus.
1399 2607 1516 2644 Vide-

871 2680 936 2705 tur
948 2667 1092 2702 rectius
1114 2664 1245 2701 omitti
1265 2674 1388 2713 atque,
1412 2665 1520 2712 quod

870 2724 1068 2775 irrepserit
1087 2723 1189 2760 inter
1207 2720 1276 2758 illa
1292 2721 1366 2758 AE
1391 2722 1474 2760 AD.
