1779 3062
465 99 631 143 INST.
669 97 949 145 ORATOR.
987 101 1112 146 LIB.
1148 102 1221 157 X,
1260 112 1306 155 5.
1472 111 1565 154 133

202 223 406 277 Cestius
451 235 633 275 contra
683 225 960 276 Ciceronis
1019 227 1282 275 actionem
1326 224 1563 275 habitam

201 321 300 370 pro
343 302 558 360 eodem,
609 320 732 350 cum
768 303 982 351 alteram
1023 315 1226 368 partem
1260 303 1378 353 satis
1414 302 1558 352 noffe

199 398 314 431 non
349 378 514 445 pollet
545 397 608 428 ex
638 379 743 429 sola
777 378 1100 429 defensione.
1182 383 1357 431 Citius
1379 393 1556 431 autem
1581 401 1632 429 αι

198 457 430 506 idoneus
452 459 553 506 erit
576 458 802 518 juvenis,
817 473 977 521 quem
999 470 1311 525 praeceptor
1330 461 1561 524 coegerit

197 536 259 583 in
284 535 630 584 declamando
654 552 812 599 quam
843 533 1180 583 simillimum
1204 534 1301 584 ess‘e
1332 538 1560 595 veritati,

200 623 252 660 et
277 630 373 678 per
394 624 528 662 totas
548 614 625 661 ire
659 614 932 661 materias:
977 629 1205 677 quarum
1240 631 1387 662 nunc
1409 613 1559 662 facil-

199 691 354 749 lima,
428 702 490 739 ut
552 692 783 738 maxime
852 689 1208 743 favorabilia„
1247 691 1557 756 decerpunt.

200 767 418 817 Obstant
457 768 603 826 huie,
642 767 790 833 quod.
827 767 1063 817 secundo
1092 769 1212 817 loco
1232 767 1405 834 posui,
1446 768 1559 817 fere

197 847 353 895 turba
392 844 810 913 discipulorum,
873 856 926 894 et
964 844 1298 896 consuetudo
1331 846 1560 896 claffium

284 997 432 1048 Cestius.
480 1000 543 1036 Sic
567 999 670 1037 Flor.
694 1014 782 1035 cum
806 999 919 1036 Bafil.
945 1002 1074 1037 tertius
1108 999 1236 1036 Guelf.
1266 1002 1410 1037 Sextius
1437 1002 1559 1039 Goth.

196 1058 294 1098 Jens.
319 1062 407 1102 (tac.
432 1059 561 1097 Gesn.)
592 1072 681 1092 cum
704 1058 807 1094 Alm.
845 1057 911 1104 (cf.
937 1061 971 1105 ᾗ.
999 1071 1014 1090 1
1031 1060 1079 1101 ι.)
1118 1068 1154 1092 et
1181 1058 1266 1092 edd.
1288 1059 1447 1107 posterr.
1472 1071 1558 1095 ante

195 1114 307 1150 Basil.
330 1114 490 1163 Reliqui
512 1112 658 1162 Sestius.
678 1115 865 1150 Nostrum
885 1114 1054 1162 probant
1075 1117 1335 1155 Burmannus,
1357 1117 1558 1156 Gesnerus,

195 1170 384 1207 VVolfius.
416 1171 591 1209 Vicissim
624 1174 679 1207 M.
714 1174 877 1206 Senecae
906 1172 966 1216 (in
996 1172 1115 1220 praef.
1151 1171 1220 1207 lib.
1246 1183 1282 1207 2.
1316 1174 1558 1218 Controvv.)

197 1228 375 1264 obtrusus
411 1225 553 1276 Cestius
577 1241 648 1276 pro
674 1230 824 1267 Sextio,
855 1229 1109 1264 monentibus
1140 1228 1287 1270 fabro,
1324 1231 1486 1265 Scliotto
1521 1241 1559 1267 et:

195 1284 243 1319 ad
273 1286 446 1320 nostrum
481 1284 612 1319 locum
645 1287 882 1320 Buuummo.
1130 1283 1239 1333 satis.
1280 1287 1413 1322 Turio.
1447 1287 1553 1323 Flor.

187 1340 275 1391 sitis
306 1355 392 1377 cum
429 1342 529 1377 Alm.
565 1341 636 1377 Ille
669 1356 685 1376 a
718 1342 784 1376 sec.
817 1355 868 1378 m.
902 1341 989 1381 litis,
1024 1353 1061 1377 et
1096 1342 1145 1376 sic
1178 1343 1312 1390 Camp.
1346 1357 1434 1378 cum
1468 1344 1555 1380 Ald-

196 1409 235 1434 et
253 1412 373 1447 marg.
397 1399 489 1434 Bad.
515 1399 664 1447 Gryph.
683 1399 777 1433 item
802 1397 953 1446 aliquot
975 1399 1077 1447 apud
1100 1401 1236 1435 Burm.
1267 1400 1344 1434 Hie
1368 1402 1553 1439 nostrum.

286 1467 350 1490 21.
383 1465 507 1492 autem
538 1455 703 1490 idoneus.
751 1455 814 1490 Sic
846 1456 979 1490 Turic.
1020 1455 1124 1490 flor.
1160 1457 1293 1505 Camp.
1328 1470 1416 1492 cum
1449 1458 1553 1494 Ahn.

193 1527 228 1549 a.
256 1511 294 1561 si
322 1514 345 1546 i.
388 1511 516 1548 Guelf.
550 1524 637 1547 cum
672 1513 779 1549 Voss'.
821 1524 853 1547 1.
885 1521 921 1547 2.
957 1511 1075 1548 Goth.
1115 1513 1213 1550 qus.
1246 1515 1362 1548 Tarv.
1394 1514 1557 1563 Reliqui

188 1584 224 1606 a.
243 1568 300 1619 sic
321 1571 344 1605 i.
610 1577 708 1604 totas
731 1571 792 1604 irc.
827 1569 961 1604 Turio.
993 1567 1196 1617 totascirc1,
1230 1584 1247 1604 a
1271 1571 1341 1606 sec.
1369 1584 1421 1606 m.
1456 1580 1557 1607 totas

182 1626 291 1677 scire,
334 1638 371 1663 et
402 1626 453 1662 sic
482 1639 500 1660 a
535 1640 594 1675 pr.
628 1640 680 1661 m.
710 1626 813 1661 Flor.
1052 1634 1093 1660 ut:
1121 1629 1292 1662 maxime.
1326 1628 1389 1663 Sic
1420 1628 1557 1663 Turic.

187 1683 294 1720 Flor.
329 1697 418 1719 cum
437 1683 542 1720 Alm.
575 1682 646 1718 Ille
677 1697 696 1717 a
729 1684 798 1719 sec.
832 1697 883 1718 m.
918 1692 986 1719 αιιε
1009 1698 1054 1719 m.
1089 1694 1125 1717 et
1159 1684 1210 1719 sio
1233 1685 1365 1732 Camp.
1395 1684 1557 1733 Reliqui

595 1737 766 1787 Obstant.
817 1741 880 1775 Sic
910 1741 1044 1775 Turio.
1081 1739 1187 1775 Flor.
1231 1741 1358 1777 Guelf.
1394 1741 1557 1790 Reliqui

187 1797 323 1834 obtat.
603 1798 696 1832 loco.
733 1797 796 1832 Sic
832 1798 964 1832 Turio.
997 1796 1102 1831 Flor.
1137 1796 1265 1833 Guelf.
1299 1799 1432 1847 Camp.
1465 1812 1557 1834 cum

191 1853 311 1889 Goth.
341 1854 446 1892 Voss.
476 1865 512 1890 2.
541 1853 644 1889 Alm.
679 1856 812 1889 Ioann.
844 1853 1004 1902 Reliqui
1035 1853 1145 1889 libro.
1179 1853 1226 1888 cf.
1251 1867 1294 1896 1,
1333 1868 1396 1895 10,
1434 1862 1496 1900 ¹8·

273 1907 359 1957 fere
383 1911 490 1947 turba
511 1910 786 1959 dzscipulorunz.
819 1910 953 1945 Turic-
977 1909 1081 1945 Flos.
1107 1908 1253 1957 fe1·etur
1274 1912 1310 1947 d.
1344 1911 1417 1946 Ille
1440 1927 1460 1946 a
1484 1912 1554 1948 see.

191 1981 246 2006 m.
270 1965 450 2014 fremitus
471 1969 706 2018 populorum.
739 1968 817 2002 Hic
835 1967 1022 2007 nostrum,
1046 1978 1089 2003 ut
1113 1979 1150 2003 et
1171 1967 1298 2004 Guelf.
1320 1982 1409 2004 cum
1434 1968 1555 2005 Goth.

189 1750 226 1776 BC
260 1754 307 1776 Πῑ.

252 2090 400 2141 Cestius.
427 2094 563 2128 Homo
583 2093 660 2128 fuit
682 2093 848 2128 Graecae

191 2150 362 2198 originis
377 2177 387 2191 ‚
420 2150 647 2186 rhetoricen
669 2150 846 2186 factitans

190 2210 362 2246 Romae,
395 2207 484 2254 qui,
516 2207 556 2242 id
590 2207 715 2255 ipsum
740 2208 847 2256 quod

905 2103 1020 2128 nente
1044 2093 1206 2141 Capper.
1238 2092 1285 2127 cs.
1306 2091 1483 2128 XVolfius
1513 2092 1557 2128 in

903 2150 1023 2198 praef.
1047 2161 1216 2197 quatuor
1240 2149 1500 2192 orationibus,
1536 2164 1558 2184 a

905 2206 1134 2242 Mau-claudo
1188 2207 1352 2247 notatis,
1412 2206 1559 2253 adjecta

191 2264 260 2298 hic
281 2264 323 2297 in
345 2263 564 2299 Miloniana
592 2265 695 2298 causa
719 2264 845 2299 feciffe

193 2331 392 2360 narratur,
452 2321 597 2356 solebat
652 2320 846 2369 rescribere

195 2376 454 2412 Orationibus
477 2378 691 2413 Ciceronis.
723 2377 846 2414 Testis

195 2433 246 2468 est
267 2435 407 2468 Seneca
436 2445 545 2481 pater
574 2448 611 2483 p.
634 2435 720 2483 Rip.
749 2444 844 2482 599,

193 2503 212 2525 a
238 2502 317 2538 quo
340 2501 376 2525 et
396 2490 564 2526 refertur
594 2493 632 2525 in
655 2493 848 2527 Dffilonem

191 2548 360 2583 recitans.
419 2548 592 2583 Eandem
645 2547 846 2596 Caligulae

193 2603 306 2639 fuiffe
374 2606 632 2640 temeritatem
714 2604 848 2654 prodit

184 2660 407 2696 ¹Suetonius
440 2673 472 2696 c.
506 2670 582 2706 55,
626 2673 728 2698 recte
761 2674 846 2698 mo·

903 2277 943 2313 p.
975 2273 1040 2299 20.
1080 2264 1174 2298 item
1208 2276 1278 2298 nos
1310 2263 1353 2297 in
1385 2263 1557 2312 disputa·

904 2321 1012 2356 tione
1032 2320 1078 2355 de
1103 2319 1354 2354 Marcelliana
1380 2334 1418 2368 p.
1443 2326 1507 2366 54.

967 2388 1034 2413 21.
1096 2377 1196 2426 quod
1254 2375 1420 2425 secundo
1474 2378 1557 2414 loco

901 2433 1034 2484 posui,
1223 2446 1322 2482 „per
1368 2443 1467 2470 totas
1498 2435 1559 2471 ire

902 2491 1151 2532 ‚‚mate1·ias.“
1184 2490 1232 2525 cf.
1247 2500 1282 2533 7,
1296 2499 1334 2531 2,
1350 2502 1386 2538 9.
1421 2493 1559 2540 „quod
1604 2536 1606 2538 r

902 2546 1046 2589 ,sstcrtio
1071 2546 1160 2582 loco
1181 2547 1333 2595 posui.“
1363 2560 1409 2596 9,
1441 2560 1486 2590 2,
1519 2547 1556 2584 6.

901 2605 1025 2653 primo
1047 2604 1072 2639 l.
1094 2602 1292 2652 posuimus.

961 2659 1185 2711 consuetudo
1196 2681 1252 2688 -—
1269 2659 1554 2711 aestimantium.

1087 2434 1113 2467 i.
1136 2447 1167 2468 e.
