1779 3062
173 139 270 197 246
491 137 568 185 M.
602 139 740 185 FAB.
777 140 1198 202 QU1NT1L1AN1

166 264 377 315 senibus
411 268 749 326 convenerit,
799 284 962 332 quam
1001 265 1258 333 pressum,
1303 277 1354 317 et
1381 265 1528 327 mite,

168 353 220 390 et
267 343 542 402 limatum,
588 355 641 393 et
689 345 846 410 quale
890 346 1121 410 intelligi
1167 346 1290 394 vult
1321 346 1528 404 Cicero,

173 437 296 468 cum
316 420 462 479 dicit,
498 422 793 471 orationem
816 421 962 472 suam
985 420 1207 488 coepiffe
1234 419 1539 495 canescere,

174 495 308 547 sicut
335 497 572 549 vestibus
606 518 824 567 quoque
853 518 966 551 non
998 518 1240 567 purpura
1263 502 1543 567 coccoque'

96 589 148 623 52
172 575 505 642 fulgentibus
539 579 631 627 illa
662 589 796 630 aetas
827 578 943 629 satis
978 591 1094 646 apta
1130 578 1209 628 sit
1255 582 1350 627 111
1381 583 1536 641 juve-

170 655 331 705 nibus
358 657 517 705 etiam
542 658 791 708 uberiora
810 660 988 725 paulo,
1029 668 1082 706 et
1117 674 1286 725 paene
1320 657 1536 723 pericli·
1561 705 1577 708 ,,

170 735 334 782 tantia
356 732 621 786 feruntur.
700 738 767 786 At
790 739 849 786 in
875 736 1068 786 iisdem
1098 735 1319 793 siccum,
1359 745 1411 783 et
1431 733 1541 783 sol-¹

170 811 409 872 licitum,
456 824 508 862 et
552 826 879 866 contractum
922 814 1139 864 dicendi
1180 811 1536 880 propositum,

174 889 497 955 plerumque
545 890 872 943 affectatione
911 892 1020 959 ipsa
1061 892 1353 943 severitatis
1393 892 1538 940 invi·

173 964 296 1015 sum
319 966 418 1017 est:
462 971 679 1034 quando
709 972 868 1020 etiam
894 989 1111 1020 morum
1151 969 1330 1019 senilis
1354 979 1536 1019 aucto-

174 1044 298 1094 ritas
391 1047 677 1097 immatura
765 1048 1186 1099 adolescentibus
1283 1045 1533 1097 creditur.

172 1198 360 1234 nostrum.
654 1204 877 1237 convenerit.
909 1202 1042 1237 Turio.
1080 1204 1291 1238 conveniret
1319 1213 1410 1237 cum
1429 1200 1534 1239 Alm.

174 1254 250 1289 Sed
277 1254 383 1292 Flor.
417 1259 590 1293 convenit
621 1259 686 1302 (cf.
723 1257 821 1306 29.).
856 1258 986 1305 Camp.
1023 1260 1229 1293 conveniet.

257 1312 338 1347 vult
363 1332 418 1338 —-
440 1312 637 1361 canescere.
683 1315 816 1350 Tui-ic.
856 1314 960 1349 Flor.
1004 1313 1088 1363 (hic
1118 1328 1138 1349 a
1164 1328 1221 1362 pr.
1246 1315 1320 1362 m.)
1346 1314 1537 1351 omittunt

171 1379 262 1403 cum
284 1367 387 1404 Alm.
424 1370 548 1405 Modo
570 1372 692 1407 iidem
724 1372 840 1420 quali.
872 1371 999 1407 Guelf.
1030 1382 1159 1406 autem
1182 1383 1268 1408 ante
1291 1385 1374 1407 eam
1394 1384 1536 1407 vocem

172 1424 324 1461 omittit
365 1435 412 1460 et.
697 1441 885 1478 coccoque.
929 1428 1047 1464 Goth.
1092 1429 1193 1467 Jens.
1239 1442 1416 1476 croc-oque
1443 1440 1537 1463 cum

172 1482 290 1518 Tarv.
327 1484 424 1518 Loc.
477 1483 579 1520 Ven.⁴
618 1485 729 1520 Rul'c.
790 1485 914 1526 „Non
953 1485 1071 1520 ausim
1115 1486 1296 1520 damnare
1335 1485 1536 1532 antiquam

171 1538 409 1579 „lectionem
435 1553 624 1589 crocoque.
662 1541 886 1590 Phrygibus
911 1541 1101 1587 objicitur
1125 1544 1219 1577 Aen.
1235 1553 1273 1588 9,
1308 1541 1403 1584 614.
1433 1543 1537 1589 picta

173 1609 308 1635 „croco
331 1604 367 1630 el:
379 1595 549 1643 fulgenti
575 1600 710 1632 murice
739 1596 887 1645 vefiiS.“
918 1599 1120 1633 Gesuems.
1142 1597 1312 1632 Plurimi
1333 1597 1535 1633 vetustiffi-

171 1651 308 1699 :mique
339 1664 481 1686 coccum
511 1663 692 1694 tuentur,
747 1665 784 1690 et
818 1654 868 1690 est
898 1655 1034 1690 usitata
1062 1654 1289 1701 conjunctio
1321 1654 1535 1690 mentionis

171 1721 358 1756 purpurae
390 1710 566 1757 coccique.

263 1774 328 1808 52.
361 1763 606 1814 propositum,
629 1767 854 1817 plerumque.
873 1768 1006 1803 Turio.
1032 1767 1191 1807 omittit,
1215 1767 1277 1802 sed
1297 1765 1402 1803 Flor.
1423 1767 1535 1816 prius

174 1821 295 1856 modo
328 1822 364 1866 (3
391 1835 449 1869 pr.
474 1823 544 1865 m.)
576 1836 665 1858 cum
695 1824 797 1859 Alm.
826 1824 1026 1873 affectione
1055 1835 1230 1872 uterque.

258 1880 472 1914 auctoritas.
505 1880 638 1915 Turic.
668 1881 772 1917 Flor.
805 1882 888 1924 (hic
911 1895 929 1915 a
949 1894 1007 1928 pr.
1026 1883 1098 1925 m.)
1133 1889 1263 1915 auctor
1293 1893 1382 1916 cum
1400 1879 1504 1917 Alm.

261 1936 465 1971 immatura
484 1935 791 1985 adolescentibus.
827 1939 889 1974 Sic
913 1938 1044 1974 Turio.
1068 1937 1173 1974 Flor.
1208 1939 1342 1986 Camp.
1375 1937 1537 1988 Reliqui

173 1991 346 2028 inserunt
379 1994 429 2028 in.

234 2136 298 2171 31.
331 2124 487 2176 coepiſj‘e
508 2126 704 2177 canescere.
722 2129 825 2167 Vide
944 2128 1090 2177 quando
1115 2129 1229 2163 etiam
1254 2141 1407 2164 morum.
1434 2129 1550 2177 Con-V

176 2184 257 2219 Cic.
277 2185 387 2220 Brut.
428 2197 458 2219 c.
485 2193 520 2219 2.
883 2185 1099 2233 junctionis
1125 2184 1258 2219 eadem
1282 2185 1344 2220 vis
1367 2186 1418 2220 est
1440 2199 1538 2235 quae

234 2249 298 2283 52.
329 2254 449 2290 paene
474 2242 739 2288 periclitantia.
776 2242 823 2277 cf.
883 2242 1042 2277 alterius
1075 2243 1276 2290 quoniam,
1316 2252 1352 2277 et
1380 2255 1538 2291 graecae

180 2310 244 2338 10,
283 2311 314 2339 1,
353 2307 443 2333 121.
492 2298 662 2347 Apparet
679 2299 824 2345 pericli·
883 2299 954 2334 ἐπεὶ
996 2300 1094 2342 (11011
1133 2296 1247 2346 γὰρ),
1304 2298 1348 2333 111
1390 2299 1535 2347 quibus

174 2357 296 2390 tantia
317 2355 395 2403 ipsa
417 2354 553 2390 vitiosa
575 2355 753 2401 judicari‚·
783 2365 828 2391 ut
882 2355 1123 2404 significatur
1163 2355 1244 2401 ejus
1288 2355 1396 2402 quod
1423 2369 1537 2405 argu-

175 2423 270 2457 quae
291 2412 334 2446 in
355 2424 477 2459 nugas
493 2411 579 2448 illas
596 2411 824 2459 magnificas
881 2412 1006 2447 menti
1063 2411 1154 2447 loco
1213 2412 1386 2460 tangitur
1432 2414 1538 2449 inter

172 2466 248 2511 jam
273 2469 463 2509 abieri11t3
498 2482 615 2516 quare
639 2481 692 2508 ea,
727 2481 823 2515 quae
884 2482 1017 2505 omnes
1082 2468 1312 2517 pervulgata
1378 2470 1536 2510 notitia.

169 2523 372 2567 juventuti
408 2525 565 2573 poffunt
602 2525 764 2560 concedi
788 2535 825 2560 et
884 2525 1197 2562 Commonefacit
1265 2525 1372 2573 quasi
1431 2526 1535 2562 illud

172 2579 320 2626 gloriae
352 2582 456 2623 duci,
491 2582 676 2618 dicuntur
705 2595 824 2631 paene
883 2582 1032 2631 quando
1047 2581 1234 2617 lectorem
1248 2582 1414 2618 rationis
1436 2583 1532 2629 ejus,

171 2638 395 2684 periclitari.
885 2652 999 2687 quam
1032 2637 1128 2674 alibi
1158 2640 1264 2689 saepe
1292 2639 1369 2685 jam
1398 2651 1533 2687 exper-

228 2694 471 2743 propositum.
513 2696 560 2732 cf.
587 2708 622 2745 9,
657 2702 693 2740 4,
728 2707 793 2745 19.
883 2706 945 2732 tus
982 2696 1039 2732 [it.
1113 2693 1216 2732 Nam
1245 2695 1296 2737 fi,
1353 2695 1396 2731 id
1425 2695 1532 2745 quod
