1779 3062
440 72 606 120 INST.
646 71 927 118 ORATOR.
959 70 1082 117 Lm.
1104 69 1214 126 x11,
1256 81 1333 113 ιο.
1469 67 1569 123 615

219 215 344 251 nam
367 213 557 264 parum
586 194 882 246 studiosum
912 194 1334 260 devinctumque
1363 193 1470 243 illis
1493 192 1569 242 le-

220 278 374 343 gibus
395 274 800 340 insequebatur:
833 272 980 322 unde
1001 290 1147 322 nunc
1169 289 1390 338 quoque
1415 271 1567 329 aridi,
1599 279 1644 319 ι5

218 363 273 402 et
307 353 516 410 exucci,
556 363 609 400 et
643 367 923 415 exangues.
1004 351 1075 399 Hi
1105 347 1228 399 sunt
1255 350 1430 407 enim,
1472 349 1572 414 qui

219 428 342 480 suae
363 429 717 478 imbecillitati
736 426 968 477 sanitatis
983 427 1412 494 appellationem,
1433 441 1570 491 quae

218 506 292 557 est
323 508 553 556 maxime
591 504 877 563 contraria,
927 503 1228 554 obtendunt
1239 522 1253 564 ;
1313 505 1408 569 qui
1442 504 1569 568 quia

140 642 150 652 μ
215 658 579 712 parumfiudz'osum.
611 661 675 696 Sic
700 660 833 707 Camp.
873 672 909 695 u.
942 672 977 694 α.
1007 673 1045 707 p.
1069 656 1269 708 fiatiosum
1299 658 1432 693 Turic.
1460 656 1566 692 Flor.

218 733 250 756 c.
288 719 392 764 Alm.
452 728 493 754 ut
531 718 745 764 alienigena
786 724 941 750 metrum
973 713 1270 764 superstitiosum
1309 713 1437 750 Guelf.
1470 714 1564 749 Exc.

218 774 330 812 sana
350 776 394 812 it.
430 777 545 811 Bern.
578 785 800 822 quanquam
838 785 886 807 ex
917 771 995 807 hoc
1025 783 1109 807 vox
1141 773 1355 819 alienigena
1385 783 1465 806 non
1497 783 1568 819 po-

216 834 339 869 nitur.
398 841 439 867 ut
467 832 719 878 alienigenam
750 838 788 864 et
814 831 933 865 virum
950 825 1245 877 superstitiosum
1275 827 1435 876 reliqui,
1457 839 1567 876 prae-

216 900 276 925 ter
303 889 400 925 Obr.
434 889 506 937 qui
536 885 693 922 effinxit
722 886 756 921 a.
790 901 824 922 a.
857 894 1056 921 metrorum
1078 881 1398 934 superstitiosum,
1459 878 1578 932 quod*

215 949 318 981 r'ecte
349 943 554 994 displicuit
583 944 822 979 Burmanno.
889 942 999 977 Mihi
1035 942 1222 990 scriptura
1264 942 1399 988 Camp.
1441 954 1460 975 a
1492 937 1581 988 qua'

214 1001 358 1037 leviter
385 1000 535 1037 recedit
559 998 779 1048 corruptela
808 999 1076 1040 vetustorum,
1118 997 1203 1033 satis
1242 997 1449 1033 commoda
1488 996 1573 1031 vise

217 1057 266 1094 est
295 1057 362 1106 (cf.
397 1070 434 1107 9,
466 1063 505 1106 4,
541 1055 646 1102 26.):
686 1056 777 1092 inde
809 1066 938 1092 autem
969 1054 1207 1102 conjecturis
1229 1065 1266 1090 et
1295 1054 1448 1090 mendis
1478 1065 1571 1089 con-

215 1116 339 1152 cretae
381 1114 629 1163 reliquorum
661 1113 884 1163 scripturae.
955 1113 1051 1149 Non
1093 1110 1264 1148 multum
1294 1122 1423 1147 autem
1454 1123 1570 1158 repu-

215 1171 344 1220 gnem,
378 1172 407 1208 si
441 1171 528 1220 quis
560 1179 596 1204 et
629 1169 719 1205 inde
749 1170 946 1218 sumptum
977 1179 1064 1205 ante
1092 1183 1225 1217 parum
1255 1168 1420 1204 inserere
1443 1166 1585 1207 velim·

214 1242 437 1278 quanquam
468 1227 547 1263 fine
579 1239 624 1262 eo
657 1226 851 1274 sequentia
883 1227 1133 1262 commodius
1163 1225 1317 1261 fortasse
1354 1225 1448 1260 voci
1478 1224 1567 1260 alie·

213 1287 353 1334 nigena
392 1285 558 1321 ulterius
598 1282 848 1332 explicandae
887 1282 1117 1320 inserviunt.
1191 1282 1265 1319 Sed
1304 1294 1442 1317 vocem
1486 1294 1569 1315 eum

213 1342 392 1391 indidem
425 1340 646 1390 exculptam
678 1341 938 1389 acceptiorem
966 1340 1118 1376 sortaffe
1150 1339 1372 1388 legentibus
1403 1338 1565 1374 tradam.

214 1400 323 1447 Quae
367 1398 497 1436 omnia
536 1408 580 1433 ut
619 1397 765 1432 incerta
799 1397 865 1432 hic
900 1409 1047 1446 ponere
1078 1397 1215 1432 malni.
1284 1398 1331 1431 In
1363 1409 1403 1432 ea
1436 1406 1568 1430 autem

212 1456 365 1493 ratione
399 1467 515 1504 quam
546 1455 794 1489 Burmannus
826 1464 863 1489 et
894 1454 1049 1490 Gesner.
1083 1453 1380 1493 commendant,
1433 1460 1470 1487 et
1498 1465 1567 1499 pa-

211 1527 293 1548 rum
315 1507 635 1563 superstitiosum,
675 1509 774 1545 bene
806 1510 967 1559 quidem
997 1509 1116 1547 habet
1146 1509 1429 1558 superstitionis
1459 1522 1569 1544 men·

213 1570 271 1605 tio
300 1569 381 1616 (cf.
412 1575 459 1616 4,
490 1577 540 1610 2,
574 1573 638 1611 85-
699 1579 743 1614 9,
779 1573 824 1611 4,
858 1568 957 1611 25.)‚
992 1567 1053 1602 sed
1085 1567 1277 1614 discrepat
1307 1566 1354 1601 ab
1384 1566 1453 1600 usu
1486 1576 1570 1600 vox‘

211 1640 358 1676 parum,
388 1638 488 1676 quae
519 1637 592 1659 non
613 1621 709 1672 satis
734 1622 881 1666 valens,
911 1623 1046 1660 verbis
1076 1624 1200 1659 sensus
1224 1622 1431 1657 deterioris
1453 1621 1566 1669 jungi

211 1695 294 1720 non
319 1682 454 1732 potest,
486 1681 560 1716 nifi
589 1693 660 1728 per
688 1679 873 1721 ironiam,
904 1693 1001 1728 quae
1034 1680 1101 1715 hic
1128 1692 1210 1715 non
1236 1677 1418 1728 placeret.
1503 1677 1565 1712 ‹le—

212 1741 424 1790 vict'umque
454 1737 572 1774 Goth.
606 1735 698 1780 (tac.
729 1736 859 1780 Gesn.)
889 1748 921 1772 c.
954 1735 1061 1774 Voss‘.
1098 1749 1131 1772 ι.
1165 1744 1203 1778 5.
1327 1733 1566 1782 insequeban-

215 1805 274 1831 tur
301 1796 399 1834 Jenf.
429 1805 466 1830 et
498 1793 582 1829 edd.
614 1792 709 1842 post.
741 1802 828 1828 ante
857 1792 1010 1842 Gryph.
1047 1798 1166 1839 1544.
1207 1792 1316 1841 quod
1344 1804 1364 1825 a
1394 1791 1563 1827 Gesnero

213 1851 415 1888 laudatum
445 1851 512 1895 (cf.
530 1848 688 1885 Ruhnk.
720 1849 767 1885 ad
798 1848 922 1886 Rutil.
953 1850 1057 1899 Lup.
1079 1860 1116 1891 2,
1141 1850 1197 1897 ι.)
1224 1848 1256 1884 si
1284 1847 1417 1897 scripti
1446 1846 1563 1883 etiam

214 1908 393 1951 tradant,
424 1920 542 1944 nemo
573 1906 767 1957 repudiet.

326 2006 397 2044 ²5·
430 1997 550 2049 exsuti
578 1998 684 2036 Flor.
743 1996 881 2047 exsucti
899 1997 1004 2038 Vols.
1031 2013 1066 2036 ι.
1127 2000 1253 2036 εκυεοί
1281 1998 1415 2046 Camp.
1478 2009 1571 2042 exn-—

160 2075 162 2079 ’
214 2061 248 2094 οἱ
276 2057 375 2098 Jent.
406 2068 445 2093 et
473 2055 555 2093 alii.
613 2055 700 2105 Ego
731 2057 866 2096 exucci.
897 2047 1084 2105 exangues
1108 2054 1310 2093 scribendo
1342 2052 1564 2103 Spaldingii

215 2114 466 2153 constantiam
504 2112 546 2149 in
589 2112 667 2152 ho'c
699 2111 804 2150 libro
841 2112 990 2149 servare
1021 2115 1158 2163 utique
1191 2112 1312 2148 debui
1356 2110 1465 2159 (ipso
1495 2108 1588 2150 hic.

217 2172 333 2210 etiam
363 2170 407 2212 in
435 2169 585 2210 schedis
608 2169 806 2217 jubente),
833 2168 926 2211 alias
956 2169 1141 2220 exsuccus,
1173 2168 1389 2219 exsanguis,
1418 2164 1562 2217 ⁴oculis.

215 2243 296 2266 non
327 2228 412 2264 sane
443 2227 619 2269 auribus,
647 2227 839 2267 scribens:
895 2226 1105 2277 nihiloque
1141 2227 1274 2263 minus
1313 2236 1377 2262 eos
1415 2224 1563 2264 ridens.

217 2286 288 2334 qui
318 2283 487 2334 exsilium
514 2296 675 2333 quoque
706 2294 744 2319 et
772 2281 912 2318 similia
938 2284 1055 2321 nobis
1085 2286 1198 2321 anxie
1218 2281 1393 2331 religiofi
1408 2292 1561 2330 reprae-

215 2343 374 2378 seman-t.
606 2339 873 2382 imbecillitatis
889 2339 977 2390 san.
998 2343 1254 2389 appellatione
1275 2353 1369 2389 quae
1392 2352 1435 2374 ex
1458 2350 1556 2372 max.

216 2397 348 2435 Guelf.
467 2397 675 2434 obtendant
712 2397 878 2444 (Turic.
912 2399 1149 2448 optendunt)
1193 2399 1258 2447 qui
1296 2399 1385 2447 quia
1424 2395 1556 2431 Turio.

216 2455 323 2490 Flor.
352 2453 482 2491 Guelf.
524 2455 617 2490 Exc.
658 2457 762 2491 sant.
795 2454 928 2502 Camp.
960 2454 1079 2492 Goth.
1111 2457 1211 2494 Jens.
1238 2455 1338 2501 (tac.
1367 2453 1496 2495 Gesn.)
1527 2464 1561 2487 c.

217 2513 333 2547 Bern.
366 2522 404 2547 et
431 2510 518 2546 edd.
554 2521 641 2546 ante
673 2512 796 2548 stoer.
827 2513 930 2547 unde
960 2523 1041 2547 non
1071 2512 1239 2548 dubium
1269 2521 1417 2547 ceteros
1445 2508 1561 2545 etiam

217 2567 399 2610 codices3‘
426 2581 525 2616 quos
557 2569 804 2615 Burmannus
834 2567 998 2617 perinde
1028 2580 1075 2605 ut
1103 2570 1230 2605 editos
1263 2578 1382 2609 tacet,
1411 2567 1466 2603 ita
1496 2580 1564 2602 ex-

218 2624 371 2661 hibere.
428 2623 602 2674 Reliqui,
639 2636 688 2661 ex
707 2625 834 2661 nescio
858 2625 971 2672 cujus
990 2625 1168 2669 arbitrio,
1198 2625 1332 2663 locum
1354 2626 1407 2662 ita
1428 2623 1562 2661 consti-
