1820 3062
296 192 362 245 3⁰-
469 188 474 190 ’
572 223 577 228 .
617 178 702 225 M·
739 178 877 224 FAB.
923 179 1340 240 QUINTILIANI

292 308 581 373 litigatore;
608 304 705 353 sed
726 306 977 372 pleraque
999 324 1062 355 ex
1081 305 1335 356 vetustate
1357 305 1639 372 diligenter

293 383 388 436 fibi
422 384 630 449 cognita
666 381 862 442 sumat,
899 384 1002 433 hoc
1035 385 1361 450 potentiora,
1402 384 1555 448 quod.-
1577 401 1638 432 ea

215 473 268 511 55
292 461 400 510 sola
423 460 736 509 criminibus
758 460 871 509 odii
889 470 939 508 et
964 462 1153 525 gratiae
1176 469 1372 509 vacant.
1453 463 1496 509 A
1519 460 1640 526 phi-

290 536 644 602 losophorum
695 550 824 590 vero
871 537 1098 586 lectione
1147 548 1208 586 ut
1260 534 1419 584 effent
1467 537 1640 586 multa

290 615 447 664 nobis
467 613 708 680 petenda,
746 614 882 662 vitio
906 612 1104 662 factum
1125 614 1197 662 est
1220 614 1323 661 alio
1350 623 1639 670 oratorum,

292 692 388 757 qui
419 690 639 756 quidem
670 691 777 739 illis
799 692 998 755 optima
1015 689 1095 740 sui
1121 691 1294 756 operis
1316 700 1460 754 parte
1486 687 1641 743 celse-

292 778 436 821 tunt.
528 768 668 815 Nam
703 777 754 814 et
781 766 847 815 de
878 766 1049 827 justis,
1095 766 1352 824 honestis,
1399 766 1642 823 utilibuS,v

290 846 465 909 iisque
503 860 638 908 quae
690 842 788 891 [int
816 842 925 892 istis
956 846 1241 902 contraria,
1297 853 1348 891 et
1384 842 1450 890 de
1479 843 1646 891 rebus

291 921 491 969 divinis
550 922 777 968 maxime
835 920 1048 978 dicunt,
1108 931 1158 968 et
1206 930 1640 985 argumentantur

292 999 504 1047 acriter:
553 1007 604 1045 et
634 997 1060 1047 altercationibus
1091 1009 1248 1064 atque
1270 997 1729 1062 interrogatio-338

288 1173 388 1211 Ven.
419 1172 529 1207 Ruso.
564 1180 721 1220 expetet.
779 1169 941 1220 Reliqui
971 1181 1132 1219 expetat.
1189 1175 1343 1208 Poterat
1366 1172 1493 1208 dicere
1513 1180 1642 1220 petat:

290 1236 442 1278 expetat
461 1241 541 1262 non
561 1229 668 1263 item.
857 1231 1014 1275 gratiae.
1075 1229 1206 1263 Turic.
1228 1229 1331 1264 Flor.
1356 1228 1483 1265 Guelf.
1504 1230 1638 1277 Camp.

288 1285 405 1320 Tarv.
436 1286 562 1331 gratia
586 1296 675 1318 cum
702 1282 819 1320 Goth.
849 1284 955 1322 Voff.
979 1296 1014 1319 2.
1045 1286 1142 1322 Jens.
1192 1285 1375 1320 Correxit
1395 1296 1433 1321 et
1454 1285 1614 1333 Regius.

304 1407 307 1410 ·
369 1392 434 1429 55.
468 1384 587 1419 multa
606 1384 722 1420 nohis.
757 1385 819 1420 Sic
832 1385 964 1420 Turic.
986 1384 1261 1433 Hei-,Reliqui
1280 1400 1314 1421 n,
1329 1400 1375 1420 m.
1491 1383 1543 1434 eft
1563 1386 1641 1422 alio

287 1451 487 1480 oratorum.
549 1442 682 1476 Turic-
712 1440 816 1476 Flor.
851 1456 880 1476 e.
901 1441 978 1476 alia
1002 1455 1035 1476 o.
1068 1456 1156 1477 cum
1176 1442 1276 1476 Alm.
1300 1443 1390 1485 (sed
1404 1442 1468 1477 illi
1491 1453 1529 1477 et
1546 1444 1644 1478 vitia

287 1499 407 1534 modo
434 1511 507 1545 pro
529 1498 660 1541 vitio).
721 1511 750 1532 e.
777 1498 874 1532 alias
893 1511 927 1532 0.
961 1497 1087 1532 Guelf.
1114 1500 1245 1546 Camp.
1271 1498 1390 1544 Goth.
1411 1499 1516 1534 Vols.
1543 1508 1580 1534 2.
1603 1506 1643 1534 et

287 1554 373 1591 edd.
395 1565 480 1589 ante
501 1552 609 1589 Basil.
633 1552 794 1600 Reliqui
815 1551 865 1600 efl-
890 1561 984 1590 orat.
1040 1554 1228 1588 Nostrum
1251 1568 1270 1589 e
1291 1554 1525 1599 conjectura.

373 1619 467 1645 orat.
500 1611 574 1657 qui.
634 1610 767 1644 Turio.
788 1612 836 1653 (a
859 1610 926 1645 see.
945 1612 1014 1653 m.)
1040 1609 1166 1645 Guelf.
1191 1611 1323 1659 Camp.
1345 1611 1460 1646 Tarv.
1492 1624 1526 1646 ο.
1547 1623 1642 1659 quae

287 1680 378 1704 cum
401 1666 520 1701 Goth.
542 1665 647 1702 Voss'.
665 1677 699 1700 2.
730 1666 829 1703 Jens.
847 1666 962 1700 Tarv.
1004 1666 1226 1701 Nobiscum
1245 1667 1336 1701 facit
1347 1665 1446 1702 Alm.
1468 1679 1641 1714 quoque.

371 1719 555 1771 cefferunt.
617 1722 749 1756 Turio.
772 1721 875 1756 Flor.
899 1721 1026 1756 Guelf.
1051 1723 1182 1770 Camp.
1207 1723 1321 1758 Tarv.
1344 1721 1530 1770 censentur
1547 1735 1647 1758 cum.

285 1778 388 1816 Alm.
423 1778 541 1814 Goth.
574 1778 679 1815 Voss.
704 1787 740 1813 2.
773 1780 1022 1825 (quanquam
1046 1777 1205 1825 censetur
1227 1792 1274 1814 ex
1292 1791 1338 1814 eo
1360 1778 1517 1827 Burm.)
1532 1778 1644 1817 Valh

285 1847 326 1871 et
346 1835 431 1877 edd.
457 1845 542 1869 ante
565 1833 652 1868 Ald.
679 1834 861 1869 Correxit
885 1847 903 1868 e
924 1835 1025 1880 conj.
1049 1834 1206 1881 Regius.
1407 1837 1523 1885 iisque
1543 1848 1638 1884 quae

279 1891 355 1942 sint
388 1888 463 1939 istis
494 1904 523 1925 c.
582 1890 716 1926 Turio.
748 1893 793 1925 iis
823 1889 1037 1939 quaeque-s.
1070 1892 1093 1924 i.
1163 1890 1267 1928 flor.
1295 1905 1365 1941 que
1400 1892 1635 1935 (adhaerens

282 1948 377 1984 voci
399 1947 498 1991 util.)
522 1945 556 1995 s.
582 1948 606 1980 i.
628 1960 655 1981 c.
717 1945 844 1982 Guelf.
867 1948 992 1994 hisque
1027 1962 1060 1997 q.
1076 1945 1110 1994 s.
1132 1946 1188 1980 his
1209 1962 1239 1986 c,
1300 1948 1432 1996 Camp.
1458 1950 1574 1998 iisque
1598 1961 1634 1997 q.

275 2003 312 2054 s.
344 2018 373 2038 c.
406 2016 495 2038 cum
523 2001 641 2037 Goth.
672 2004 776 2040 Voff.
802 2013 840 2038 2.
872 2014 908 2038 et
927 2003 1011 2037 edd.
1036 2014 1120 2038 ante
1142 2003 1251 2039 Bafil.
1291 2004 1452 2052 Reliqui
1474 2018 1638 2053 quaeque

277 2059 367 2111 sunt:
388 2061 448 2102 his¹
473 2057 608 2104 (Bafil.
636 2056 738 2106 iscis)
768 2074 795 2095 c.
857 2060 988 2094 Turio.
1011 2059 1114 2095 Flor.
1135 2061 1182 2105 (a
1201 2075 1259 2110 pr.
1278 2063 1360 2104 m.)
1392 2063 1579 2096 contrarii.

374 2126 410 2151 et
429 2117 593 2150 altercat.
653 2116 785 2151 Tui-ic.
818 2117 865 2162 (a
889 2116 956 2152 sec.
979 2116 1060 2159 m.)
1090 2128 1132 2151 ex
1151 2131 1187 2152 a.
1217 2130 1306 2152 cum
1327 2116 1446 2152 Goth.
1468 2117 1573 2156 Voff.
1595 2127 1635 2152 2.

285 2173 384 2212 Jens.
407 2174 522 2208 Tarv.
557 2180 593 2207 el:
617 2184 660 2207 ex
686 2186 720 2208 a.
745 2172 873 2208 Guelf.

342 2321 408 2359 55.
437 2318 531 2353 vicio
551 2333 608 2342 —
627 2315 704 2350 alio
728 2324 931 2351 oratorum.
990 2329 1070 2352 non
1088 2314 1185 2351 male
1199 2314 1272 2356 *ille
1293 2316 1463 2364 quidem.
1518 2316 1636 2354 Aliud
1654 2309 1657 2311 “

287 2373 388 2409 Vide
445 2375 624 2408 Prooem.
683 2382 751 2407 tot.
803 2373 931 2420 operis
991 2384 1119 2408 autem
1143 2372 1287 2408 vitium
1313 2373 1504 2421 appellare
1524 2374 1634 2410 vide-

291 2435 457 2475 9—13.
484 2440 520 2464 et
551 2429 596 2464 cf.
633 2428 733 2463 dicta
765 2428 812 2463 ad
835 2435 872 2473 8,
894 2437 931 2471 3.
992 2441 1055 2464 tur
1085 2429 1230 2468 noster,
1283 2429 1373 2477 quia
1402 2430 1522 2467 modo
1547 2444 1635 2479 pra-

291 2493 356 2530 39.
429 2486 576 2520 Pseudo
596 2504 610 2511 —
632 2485 836 2520 Turnebus
885 2485 933 2519 ad
990 2499 1078 2520 vam
1118 2485 1393 2520 historicorum
1438 2496 1475 2521 et
1502 2497 1634 2535 poeta·

289 2540 518 2576 Ciceronem
544 2555 700 2589 quoque
724 2540 874 2589 ablegat
886 2542 931 2576 de
989 2555 1076 2576 rum
1097 2541 1357 2576 imitationem
1377 2542 1631 2590 reprehende-

287 2594 356 2630 Or.
379 2595 405 2631 l.
430 2606 487 2644 3..
507 2597 768 2646 disputantem
793 2597 838 2631 de
860 2597 932 2632 hac
989 2609 1068 2632 rat:
1108 2598 1187 2632 nifi.
1207 2597 1308 2632 forte
1338 2598 1451 2634 malis
1481 2611 1553 2647 pro
1584 2611 1631 2634 eo

285 2651 610 2702 philosophorum
646 2666 736 2689 cum
767 2654 930 2688 oratori-
987 2654 1151 2689 scribere
1193 2653 1259 2688 illo
1308 2654 1383 2698 (cf.
1422 2665 1503 2691 not.
1545 2654 1632 2690 crit.

285 2706 358 2743 bus
381 2710 656 2756 conjunctione
669 2723 751 2760 cap.
773 2717 821 2754 15
836 2719 950 2755 -29,λ
987 2714 1022 2758 §.
1045 2712 1142 2754 24),
1172 2709 1237 2745 vel
1263 2710 1402 2758 aliquo.
