1779 3062
247 172 350 223 574
494 173 513 182 ¹·
562 163 649 211 M.
679 162 815 210 ΕΑΒ.
851 162 1271 227 QmN‘rmAm

245 289 511 341 cafionem
523 289 787 362 clamendi
808 289 1128 355 largiantur:
1151 290 1359 357 aliquos
1377 292 1429 339 εὶ
1447 291 1591 349 ambs·
1633 288 1637 298 '

247 372 347 420 itio
375 370 651 435 pervertit,
677 369 776 433 qui
813 369 1007 432 partim
1041 378 1293 433 tanquam
1329 370 1591 435 occupati,

247 447 562 513 semperque
594 444 745 494 aliud.
773 442 1051 502 habentes,
1089 444 1241 510 quod
1277 456 1396 494 ante
1435 462 1593 509 agen·-

248 525 384 575 dum
413 523 502 582 sit,
541 521 719 590 pridie
744 521 820 570 ad
848 520 900 570 se
926 524 1111 571 venire
1140 523 1476 587 litigatorem,
1501 532 1594 570 aut
1656 546 1665 564 a

247 603 441 653 eodem
478 600 746 650 matutino
779 595 981 660 jubent,
1020 616 1412 664 nonnunquam
1434 599 1594 647 etiam

247 681 389 729 inter
443 677 554 746 ipsa
595 675 838 726 subsellia
882 667 1123 725 'didicisse
1166 675 1218 724 se
1266 677 1592 742 gloriantur;

202 776 229 813 5
250 759 444 824 partim
495 756 736 816 iactantia
784 754 1014 819 ingenii,
1071 763 1135 802 ut
1183 770 1266 802 res
1307 754 1413 802 cito
1452 768 1595 800 acce-

244 833 373 903 piffe
398 833 710 889 videantur,
748 841 929 879 tenere
959 829 1010 878 se
1036 841 1087 879 et
1110 831 1409 896 intelligere
1438 830 1592 895 prius

244 930 415 980 paene
456 923 620 977 quam
660 908 879 958 audiant
916 909 1145 966 mentiti,
1181 925 1305 957 cum
1342 907 1510 956 multa
1542 916 1595 955 et

244 990 455 1047 diserte,
492 987 820 1051 summisque
862 986 1198 1042 clamoribus,
1239 1001 1377 1050 quae
1416 999 1594 1049 neque

244 1069 312 1118 ad
351 1067 587 1130 judicem
628 1080 806 1128 neque
835 1062 900 1110 ad
927 1063 1246 1128 litigatorem
1275 1061 1592 1128 pertineant,

243 1146 676 1199 decantaverunt,
716 1141 852 1188 bene
879 1138 1124 1188 sudantes
1151 1139 1396 1202 beneque
1427 1139 1594 1188 comi-

191 1237 217 1279 4
249 1225 344 1274 tati
376 1238 472 1287 per
495 1218 680 1268 forum
712 1215 1057 1265 reducuntur.
1108 1217 1195 1263 Ne
1226 1217 1343 1264 illas
1371 1215 1593 1280 quidem

245 1300 466 1351 tulerim
503 1295 719 1345 delicias
756 1309 973 1350 eorum,
1040 1293 1137 1357 qui
1181 1291 1364 1342 doceri
1398 1285 1594 1341 amicos

241 1481 346 1520 illud
395 1480 438 1514 in
478 1478 613 1524 Camp.
665 1475 1056 1522 interpretamentum
1093 1471 1227 1521 potius
1271 1471 1375 1507 mihi
1413 1471 1596 1507 videatur

242 1551 362 1589 quam
392 1549 484 1571 vera
515 1533 647 1568 lectio.
706 1530 847 1578 Neque
875 1529 979 1564 enim
1012 1528 1222 1564 abhorrere
1252 1528 1413 1564 videtur
1444 1529 1490 1564 ab
1524 1529 1593 1563 usu

240 1595 432 1633 Latinoru
450 1605 492 1632 n,
524 1600 569 1624 ut
598 1589 701 1623 idem
733 1586 964 1635 appositum,
995 1584 1101 1632 quod
1130 1585 1238 1625 locis,
1273 1586 1449 1621 tractatui
1478 1583 1595 1620 etiarn

243 1653 409 1689 locorum
440 1648 524 1682 dari
553 1642 906 1694 possit.rPlaneque
940 1641 1077 1675 eodem
1108 1641 1228 1676 modo
1261 1642 1369 1689 [upra
1389 1650 1439 1682 ,2,
1466 1649 1501 1685 4,
1528 1650 1591 1677 22.

245 1715 445 1744 tractatum
475 1705 639 1738 locorum
670 1701 914 1736 communium
943 1708 1136 1732 memorat
1167 1709 1202 1733 et
1224 1699 1434 1745 generalem
1456 1708 1493 1733 et
1505 1696 1592 1746 spe-

243 1765 387 1803 cialem,
421 1761 492 1809 qui
522 1758 628 1794 nihil
658 1755 766 1792 aliud
801 1755 849 1789 est
882 1768 999 1803 quam
1033 1763 1207 1789 tractatus
1238 1754 1403 1789 locorum
1434 1767 1593 1789 commu-

240 1824 343 1858 nium
372 1818 439 1854 vel
469 1815 701 1865 generalium
729 1810 795 1847 vel
815 1810 1050 1859 specialium.
1083 1811 1245 1845 Accedit
1274 1811 1316 1845 in
1347 1809 1475 1845 nostro
1503 1809 1592 1845 loco

242 1878 341 1914 ordo
371 1874 601 1913 verborum,
632 1873 661 1906 fi
691 1879 884 1916 receptam
919 1868 1056 1908 servas,
1088 1866 1297 1907 naturalis,
1336 1867 1378 1901 in
1404 1867 1594 1914 Campani

240 1935 428 1982 scriptura
470 1943 551 1966 non
588 1930 697 1964 item.
816 1926 915 1960 Mox
957 1933 1114 1958 tractam
1151 1937 1224 1971 pro
1264 1924 1451 1958 clamandi
1487 1923 1591 1957 miro

241 1989 452 2040 sphalmate
483 1986 619 2022 Turio.
652 1984 757 2020 Flor.
788 1994 817 2018 e.
846 1981 949 2015 Alm.
1010 1981 1136 2028 aliquo
1172 1979 1243 2027 secl
1274 1979 1376 2014 Ποῖ.
1428 1978 1593 2028 semper·

244 2061 313 2098 que
345 2044 515 2094 occupati
543 2042 696 2077 inverso
729 2040 867 2075 ordine
897 2037 1002 2072 Flor.
1123 2036 1268 2084 aliquid
1301 2035 1437 2070 habent
1470 2034 1590 2071 Goth.

245 2106 379 2152 Camp.
409 2115 441 2138 c.
472 2098 562 2136 Ald.
623 2097 696 2133 Sed
726 2094 886 2144 praestat
915 2093 1038 2134 aliud,
1077 2106 1125 2128 ne
1156 2092 1338 2127 videatur
1375 2092 1447 2126 effe
1481 2099 1591 2138 prae·

244 2163 357 2198 vium
388 2156 541 2207 aliquid
572 2155 617 2190 ad
645 2154 763 2202 ipsam
799 2152 943 2186 causam
976 2150 1154 2197 spectans.
1296 2156 1424 2182 matut.
1465 2149 1592 2182 vivent

245 2218 350 2253 Flor.
468 2217 563 2250 inter
583 2211 628 2262 se
648 2209 828 2260 subsellia
854 2207 987 2243 Turic.
1021 2205 1124 2241 Flor.
1216 2202 1382 2253 didiciffe
1413 2201 1590 2252 subsellia

244 2274 344 2311 Obr.

359 2361 396 2396 3.
422 2349 466 2401 se
498 2363 576 2386 om.
609 2346 707 2383 Obr.
794 2358 912 2393 paene
941 2345 1042 2392 prius
1070 2340 1187 2377 Goth.
1214 2339 1312 2378 Jens.
1343 2337 1433 2386 (tac.
1455 2329 1589 2385 Gesn.)

244 2421 282 2447 et
322 2409 408 2445 edd.
451 2407 544 2457 post.
585 2414 671 2442 ante
711 2406 834 2439 Stoer.
951 2413 1060 2448 quam
1100 2406 1140 2432 ut
1180 2397 1264 2432 aud.
1304 2396 1437 2430 Turic.
1481 2393 1587 2431 flor.

244 2469 380 2516 Camp.
416 2478 447 2502 c.
481 2464 585 2500 Alm.
644 2462 790 2496 mentiri
820 2457 925 2494 Flos.
1042 2469 1157 2504 neque
1176 2454 1302 2489 ducem
1323 2452 1458 2490 Turic.
1483 2450 1586 2486 Flor-

243 2535 276 2558 ο.
308 2523 411 2559 Alm.
470 2523 656 2570 pertineat
685 2517 783 2556 Jens.
816 2519 914 2560 (non
941 2514 1137 2560 pertinent,
1171 2524 1242 2546 err.
1276 2510 1404 2552 Gesn.)
1453 2509 1586 2543 decan-

244 2582 403 2616 taverint
435 2578 534 2618 Jenf.
567 2587 605 2612 et
633 2575 718 2611 edd.
749 2572 844 2622 post.
876 2581 963 2607 ante
993 2568 1082 2605 Ald.
1141 2567 1362 2603 reducantur
1393 2564 1538 2600 iidem..
1567 2580 1573 2590 1

297 2734 336 2770 3.
377 2724 607 2768 elamoribus,
639 2721 904 2762 audientium;
935 2718 1017 2755 vid.
1055 2714 1089 2757 6,
1114 2715 1154 2762 4.

1761 1953 1773 2872 σ-*ι-ε--π-τεξτ.ῧι-Π-ΤΜ
1762 1885 1768 1950 —0-
1761 1801 1768 1868 η--ο-
1763 1753 1768 1781 -»
