1779 3062
196 134 294 193 1722
669 126 1061 183 movi-Nm.

197 257 412 297 desudabis,
441 257 470 293 fi
491 258 668 294 timidam
687 260 806 297 nostri
825 271 1003 297 naturam
1024 268 1188 310 reputa-2·
1192 260 1289 297 eris:
1321 261 1391 309 qui
1412 273 1548 310 quam·

132 352 139 358 ,
195 316 256 352 vis
291 315 374 350 satis
405 316 649 350 manifestum
680 318 834 358 fecerat,
861 318 1050 353 vivorum
1072 317 1270 352 neminem
1292 317 1366 353 fibi
1382 319 1546 368 attingi:

197 383 324 408 tamen
354 385 433 407 non
468 372 621 420 potuit,
654 374 753 420 quin
779 374 952 409 satiricos
983 386 1064 409 non
1093 372 1215 408 solum
1243 372 1306 408 sed
1326 372 1473 420 lyricos
1493 387 1547 411 et·

195 429 272 463 iarn
303 428 360 464 sui
392 429 602 477 temporis,
650 442 731 467 non
758 430 984 466 nominatos
1009 429 1125 471 illoe,
1178 439 1281 465 tanta
1312 428 1426 467 laude
1461 445 1543 467 ma-

196 496 316 520 ctaret
335 485 387 528 (§.
416 494 480 533 94.
503 485 599 533 96.).
637 488 720 534 Qua
746 500 834 523 cum
857 500 906 523 ne
932 499 1055 523 unum
1084 486 1245 537 quidem
1276 486 1442 534 dignum
1471 500 1544 523 no-

194 542 344 577 minare
375 542 588 590 possimus:
599 544 703 593 ¹quid
736 545 884 580 mirum
909 544 938 580 [i
965 543 1081 580 illum
1115 556 1273 593 quoque
1301 544 1544 592 ignoramus.

194 611 311 646 quem
344 597 459 646 longe
488 597 582 640 alia,
615 614 731 649 quam
765 614 862 649 quae
887 601 1177 651 praetenditur,
1209 600 1315 635 causa
1343 600 1410 636 hic.
1440 599 1545 636 indi-

192 655 360 703 gitatum
390 655 473 694 effe,
505 655 584 704 ipsa
608 656 732 707 elogii
757 657 906 699 forma,
937 658 1046 709 quod
1077 656 1190 695 sensit
1218 657 1336 693 etiam
1364 656 1547 707 Spaldin-

193 711 294 761 gius,
328 711 601 750 demonstrat.

311 825 375 860 Ad
401 837 464 867 ιο,
500 827 772 870 1,'13o.„not.
806 838 914 876 exeg.
956 828 1151 876 Equidem
1185 828 1232 864 de
1256 827 1463 863 sententiae
1485 839 1549 863 ·re-

197 882 342 932 petitae
370 882 557 932 crimine‘,
600 884 709 931 quod
736 885 820 919 suae
843 884 923 933 ipse
950 885 1097 921 rationi
1116 884 1367 934 Spaldingius
1394 884 1548 931 objicit,

197 938 388 974 sollicitus
418 953 498 975 non
530 941 623 982 sim:
665 954 754 977 cum
783 954 865 977 non
895 943 990 978 haec
1018 942 1162 982 modo,
1193 942 1256 977 sed
1289 941 1422 977 omnia
1451 953 1551 989 quae

199 995 455 1045 quadruplici
480 995 553 1032 illo
576 995 613 1046 si
638 997 971 1039 introducuntur,
1010 998 1168 1035 nonnisi
1194 997 1336 1034 leviter
1362 997 1552 1033 variatam

201 1053 362 1088 eandem
385 1054 609 1089 sententiam
634 1053 865 1096 exhibeant:
898 1056 951 1091 ita
975 1066 1104 1091 tamen
1124 1065 1168 1091 ut
1189 1054 1349 1103 quidam
1369 1067 1440 1102 per
1465 1066 1551 1101 gra-

198 1108 269 1144 dus
302 1110 469 1145 ascensus
495 1111 654 1151 existat,
687 1123 805 1158 quern
837 1111 909 1148 hac
941 1112 1127 1148 sermonis
1160 1111 1288 1147 forma
1318 1109 1553 1146 manifestio·

195 1178 278 1201 rem
309 1166 480 1202 reddam.
541 1170 711 1208 „Seneca
742 1166 842 1203 levia
876 1169 992 1203 etiam
1023 1178 1063 1203 et
1088 1180 1185 1204 vero
1210 1177 1362 1203 oratore
1384 1167 1546 1214 indigna

193 1222 418 1263 „lenocinia
447 1236 521 1257 non
550 1225 698 1271 semper
718 1223 958 1273 contempsit:
985 1226 1069 1259 imo
1092 1222 1368 1272 concupiscebat
1387 1223 1468 1263 illa,
1491 1233 1546 1257 at-

192 1293 311 1327 „que‚
334 1290 378 1314 ut
399 1279 517 1315 verbo
541 1279 680 1320 dicam,
701 1278 906 1328 omniasua
930 1280 1104 1316 amabat:
1138 1293 1218 1328 quo
1240 1280 1394 1319 factum,
1419 1290 1464 1315 ut
1485 1292 1547 1313 re-

194 1349 307 1376 „rum
324 1336 497 1384 pondera
520 1334 1223 1386 minutssimissententiisfrangeret.‘⁸
1254 1337 1330 1372 Sed
1351 1336 1473 1372 durus
1495 1337 1551 1371 est·

194 1391 261 1427 ilie
291 1394 401 1428 vocis
432 1407 565 1440 parum
587 1393 688 1435 usus,
712 1406 829 1441 quem
858 1394 922 1443 Sp.
952 1394 1084 1442 fingit.
1149 1393 1256 1428 Mihi
1280 1393 1382 1429 illud
1412 1391 1548 1442 explo-

194 1459 322 1484 ratum
350 1449 410 1489 est,
442 1451 623 1486 excidisse
654 1449 738 1499 post
765 1449 875 1485 illam
897 1450 1137 1488 vocabulum
1160 1450 1283 1485 sensus
1302 1450 1412 1490 boni,
1441 1463 1461 1484 a
1481 1462 1548 1485 cu·

193 1506 254 1553 jus
284 1506 422 1555 primis
451 1506 593 1543 litteris
632 1505 759 1542 facilis
793 1507 987 1544 aberratio
1018 1506 1109 1543 esset
1137 1507 1182 1542 ad
1207 1506 1347 1542 similia
1371 1519 1467 1555 quae
1495 1507 1548 1542 se·

195 1573 394 1610 quuntur,
425 1563 467 1598 in
488 1563 595 1599 hunc
615 1563 780 1600 modum
802 1563 860 1605 „si
878 1577 1017 1612 parum
1039 1562 1329 1612 concupiscenda
1354 1576 1436 1599 non
1459 1575 1554 1600 con·

192 1619 411 1667 ‚‚cupiffet“
438 1619 507 1655 vel
525 1621 583 1661 „si
604 1632 744 1668 parum
766 1621 1027 1656 convenientia
1055 1633 1148 1656 non·
1172 1620 1452 1669 concupiffet.“
1492 1619 1551 1656 Cf.

195 1675 273 1711 Cic.
306 1675 444 1711 Famil.
476 1684 547 1719 15,
581 1676 617 1711 6.
659 1675 776 1711 honos
796 1679 874 1711 no'n
895 1678 1005 1711 nimis
1032 1674 1350 1724 concupiscendus.
1409 1675 1552 1713 Neston

193 1731 293 1767 infra
322 1745 388 1774 ιι,
418 1742 459 1777 5,
492 1739 584 1778 ¹80·
615 1742 749 1781 parum
772 1734 992 1768 conveniens
1014 1731 1196 1782 personae
1217 1731 1323 1781 risus.
1357 1740 1360 1741 ’

305 1833 366 1869 Ad
407 1848 452 1870 11
471 1861 482 1876 ‚
521 1848 537 1869 ι
556 1859 568 1873 D
599 1842 665 1877 73.
727 1833 983 1871 Veriffimum
1015 1834 1067 1870 est
1094 1832 1315 1883 Spaldingii
1339 1833 1553 1881 judicium.

192 1891 374 1926 codicum
400 1891 626 1940 scripturam
649 1904 770 1926 verum
795 1900 831 1926 et
851 1888 953 1939 justa
970 1889 1026 1941 sic
1044 1890 1241 1938 faciendo,
1272 1903 1442 1939 quorum
1465 1904 1553 1926 ver·

191 1947 334 1984 borum
366 1948 511 1983 sensum
543 1958 648 1982 recte
682 1947 869 1996 exponit.
913 1947 1175 1984 indubitatam
1210 1946 1283 1982 effe
1317 1946 1555 1994 Quintiliani

192 2017 367 2039 manum.
428 2004 504 2041 Sed
527 2003 741 2053 accuratius
765 2016 808 2038 ea
828 2004 1002 2041 intuenti
1022 2003 1102 2039 hoc
1130 2003 1247 2040 etiam
1267 2004 1370 2042 mihi
1390 2004 1554 2039 manife-

193 2061 288 2096 stum
320 2060 389 2102 fit,
431 2071 518 2097 ante
547 2060 642 2095 haec
670 2060 750 2108 ipsa
779 2060 900 2097 verba
933 2059 1114 2097 excidiss'e
1141 2060 1333 2108 quaedam
1363 2073 1445 2096 non
1475 2071 1554 2096 tam

193 2117 324 2154 brevis
351 2118 474 2167 spatii,
509 2130 626 2166 quam
657 2116 784 2152 visum
810 2117 861 2152 est
883 2118 1024 2154 eidem.
1053 2116 1262 2154 ‘Nimirum
1291 2116 1442 2152 excidit
1466 2127 1554 2152 anto

194 2174 327 2209 omnia
359 2174 529 2210 verbum
561 2173 666 2209 unde
697 2173 920 2222 pendebant
951 2175 1046 2211 haec
1076 2187 1151 2210 non
1176 2171 1221 2222 se
1240 2193 1296 2202 --
1315 2171 1387 2223 effe
1408 2172 1554 2221 sollici-

197 2240 296 2266 tum.-
338 2230 412 2266 hae
444 2241 572 2267 autem
602 2229 816 2280 particulae
843 2245 968 2268 verum
997 2238 1033 2267 ει·
1061 2230 1212 2267 indicio
1240 2231 1338 2271 sunt,
1370 2228 1553 2265 excidiffe

197 2287 269 2322 alia
294 2298 506 2337 praeterea,
532 2300 629 2336 quae
655 2286 700 2323 ab
725 2287 866 2322 eodem
888 2289 1012 2324 verbo
1033 2287 1258 2337 penderent.
1322 2288 1409 2322 Hoc
1429 2297 1552 2335 porro

195 2344 361 2380 'verbum
384 2358 465 2381 non
485 2346 703 2380 [ermonem
724 2342 897 2392 aliquem
921 2344 1125 2381 Ciceronis
1150 2342 1334 2379 indieaffe
1355 2355 1465 2393 puto,
1490 2340 1554 2377 sed

197 2400 308 2436 fuisse
340 2398 557 2449 ostendendi
590 2402 708 2437 sensu.
777 2403 833 2436 Ita
867 2414 1005 2438 eorum
1035 2413 1132 2448 quae
1168 2399 1236 2436 hic
1269 2400 1557 2436 interciderunt

198 2470 277 2492 non
302 2458 462 2506 quidem
484 2458 604 2507 ipsam
625 2457 865 2500 sententiam.
895 2458 1040 2496 nedum
1064 2455 1143 2506 ipsa
1163 2457 1296 2498 verba,
1321 2457 1382 2492 sed
1405 2456 1556 2492 schema

198 2523 325 2550 tamen
356 2514 541 2550 exhibere
569 2514 744 2551 conabor
775 2513 842 2549 ita.
902 2514 1050 2557 „Dixit
1083 2513 1126 2550 C.
1156 2525 1229 2561 pro
1255 2514 1424 2550 Gabinio
1457 2522 1495 2548 et
1510 2515 1554 2548 Ρ.

196 2571 399 2611 „Vatinim
434 2571 714 2608 inimiciffimis
736 2580 844 2607 antea
872 2572 944 2608 fibi
963 2569 1210 2610 hominibus,
1233 2571 1328 2606 etin
1350 2583 1449 2619 quos
1470 2581 1554 2604 ora-

198 2626 355 2667 „tiones
380 2628 495 2663 etiam
525 2629 618 2677 :erip
636 2637 729 2664 erat.
795 2625 969 2675 Ostendit
998 2629 1145 2674 itaque,
1173 2640 1244 2676 pro
1277 2627 1352 2662 illl&
1380 2640 1473 2662 nunc
1495 2625 1553 2661 ‘11'-

198 2682 355 2725 „cenam
387 2697 463 2721 non
491 2685 588 2721 adeo
613 2685 736 2721 malos
752 2682 869 2736 Juiffo
890 2685 1002 2727 illos,v
1020 2696 1133 2734 quam
1163 2684 1282 2720 videri
1302 2691 1480 2734 poterant
1510 2694 1554 2718 ex
