1789 3068
663 172 1139 220 PRAEFATIO.
1527 189 1562 220 v

209 311 351 362 vitae
374 309 494 358 suae
521 326 722 360 munus
751 309 1008 374 exegiffet‚
1046 311 1106 361 id
1125 311 1258 361 meis
1277 309 1442 377 ipsius
1470 309 1560 360 ad-

206 405 482 464 junxeram
503 400 791 457 laboribus,
824 401 920 463 qui
938 417 1114 466 neque
1133 400 1333 466 deponi
1357 396 1560 465 poffent

176 505 302 538 ·nec
334 488 602 545 deminui3
665 505 692 535 a
728 488 926 552 quibus
958 505 1071 537 non
1098 490 1169 537 ita
1204 489 1438 538 multum
1471 486 1557 537 su-

202 576 418 642 perfore
452 576 548 626 otii
576 575 825 623 videbam
856 577 1101 641 negotio,
1161 576 1312 642 quod
1351 574 1555 625 summa

202 682 328 713 cum
367 662 478 712 fide
511 673 563 711 et
597 664 859 730 religione
892 665 1084 729 exequi
1126 664 1239 732 ipsa
1278 662 1555 715 decefforis

200 754 482 801 auctoritas
505 752 737 817 cogebat.
817 753 953 801 Mox
975 753 1067 800 illa
1087 753 1397 803 inciderunt
1420 765 1554 804 tem-

199 857 344 906 pora,
356 857 450 906 per
462 857 595 906 quae
618 838 815 889 constat
826 840 1183 891 maximorum
1197 842 1552 892 minimorum

195 929 542 994 negotiorum
583 939 826 977 tenorem
865 932 1230 995 interruptum
1273 928 1551 979 substitisse

196 1017 545 1082 aliquamdiu.
593 1018 745 1066 Plura
758 1035 872 1067 non
889 1018 1074 1066 attinet
1094 1014 1280 1066 afferre
1306 1018 1372 1067 ad
1392 1035 1550 1070 excu-

193 1103 407 1153 sandam
426 1104 725 1155 tarditatem
744 1122 934 1166 meam,
955 1107 1067 1169 qui,
1084 1105 1234 1171 quod
1246 1107 1382 1155 intra
1397 1125 1550 1156 men-

191 1192 331 1243 sium
347 1195 552 1258 aliquot
565 1194 790 1261 spatium
807 1204 1144 1260 peracturum
1159 1211 1244 1242 me
1257 1193 1547 1260 sperassem,

191 1299 339 1331 nunc
360 1282 597 1340 demum,
614 1285 750 1331 inito
766 1284 958 1349 quinto
982 1281 1097 1348 post
1111 1282 1408 1349 Spaldingii
1429 1284 1547 1335 obi-

192 1379 310 1419 tum
336 1387 493 1428 anno,
513 1370 822 1436 peregerim.

307 1460 460 1507 Novi
482 1469 757 1524 apparatus
777 1459 948 1507 critici
960 1457 1087 1507 inde
1108 1475 1136 1505 a
1149 1459 1292 1508 tertii
1308 1460 1543 1510 volumi-

187 1546 273 1596 nis
291 1545 527 1595 editione
547 1547 688 1594 nihil
704 1545 900 1594 editori
921 1543 1187 1594 accesserat
1205 1557 1412 1614 praeter
1427 1548 1540 1601 duo

189 1634 400 1683 codices
434 1651 547 1683 non
572 1633 703 1684 adeo
728 1635 908 1700 magni
938 1633 1159 1700 quidem
1182 1636 1367 1700 pretii,
1403 1654 1541 1702 quos

187 1733 368 1772 tamen
387 1733 595 1790 paratos
614 1724 884 1788 negligere
907 1723 1098 1772 noluit.
1144 1724 1356 1792 Quippe
1371 1726 1456 1774 vir
1473 1726 1539 1774 il-

182 1809 516 1861 lustriffimus
538 1822 590 1860 et
612 1809 939 1861 doctissimus
960 1815 1024 1860 H.
1041 1814 1093 1860 F.
1112 1810 1178 1859 de
1191 1813 1341 1871 Diez,
1365 1815 1424 1862 in
1445 1831 1537 1864 cu-

183 1901 271 1960 ius
294 1897 538 1949 ditiffimo
560 1917 742 1950 rerum
767 1900 832 1948 ad
845 1898 1043 1949 nostras
1057 1901 1254 1950 litteras
1268 1903 1539 1967 pertinen-

172 1987 324 2036 -tium
356 1985 602 2038 thesauro
631 1989 828 2054 primas
851 1998 1023 2054 partes
1049 1999 1271 2056 occupat
1299 1988 1539 2059 supellex

99 2060 101 2063 ⁵
179 2075 425 2124 Santenii
453 2076 722 2135 litteraria,
758 2077 963 2142 quique
996 2077 1158 2137 hujus
1188 2076 1344 2127 usum
1377 2080 1538 2130 bonis

183 2164 495 2230 permittere
518 2167 576 2214 in
597 2165 758 2215 laude
782 2163 871 2214 sua
894 2167 1062 2230 ponit,
1084 2166 1393 2234 Spaldingio
1408 2168 1536 2217 inde

182 2259 303 2300 tum
335 2252 584 2302 libellum
608 2255 807 2303 obtulit
840 2255 1009 2304 varias
1042 2255 1295 2305 lectiones
1323 2259 1537 2325 Quinti·

182 2338 319 2389 liani
349 2357 413 2388 ex
446 2341 629 2390 codice
661 2343 844 2406 aliquo
868 2353 1130 2409 excerptas
1157 2344 1536 2405 continentem,

181 2435 302 2476 tum
318 2429 666 2495 Florilegium
683 2432 746 2480 ab
768 2432 985 2497 antiqua
1004 2449 1169 2480 manu
1193 2433 1251 2481 in
1276 2435 1536 2483 membra-

182 2514 267 2565 nis
283 2513 551 2582 scripturn,
579 2518 970 2585 sententiasque
994 2538 1056 2568 ex
1077 2521 1390 2571 Latinorum
1415 2522 1537 2572 scri-

185 2612 407 2669 ptorum
434 2609 683 2672 operibus
708 2608 954 2657 collectas
978 2608 1245 2658 exhibens.
1326 2614 1538 2663 Horum

169 2690 454 2745 ⁸librorum
478 2696 621 2756 alter,
645 2713 807 2764 quem
825 2696 930 2748 hoc
948 2695 1098 2763 signo
1115 2697 1244 2750 Eme.
1273 2700 1418 2751 Sant.
1439 2720 1539 2753 no-
