1779 3062
260 172 360 222 384
571 163 646 210 Μ.
682 165 818 210 FAB.
856 151 1274 226 QUINT-ILIANI

187 281 240 351 &0
265 289 595 355 obsequatur.
689 286 939 352 Aspectus
981 289 1124 336 enim
1166 287 1368 354 semper
1409 288 1601 339 eodem

264 368 506 423 vertitur,
525 374 638 430 quov
659 363 847 429 gestus,
869 365 1095 429 exceptis
1118 383 1251 430 quae
1270 377 1362 415 aut
1389 365 1603 414 damna·
1716 362 1721 374 ’

263 462 347 504 re,
386 453 476 492 aut
496 459 610 490 non
635 439 948 498 concedere,
986 451 1076 488 aut
1098 459 1125 488 a
1147 442 1303 492 nobis
1325 457 1602 492 removere
1658 430 1666 434 χ

263 519 556 589 oportebit:
642 528 704 566 ut
742 516 885 565 idem
943 516 1084 565 illud
1123 519 1282 568 vultu
1325 517 1603 569 videamur

264 596 503 654 aversari,
543 611 704 643 manu
727 594 1010 660 repellere:

313 749 369 761 -
391 749 447 758 —-
486 728 566 785 Di}
593 726 715 764 talem
748 727 916 763 avertite
937 725 1101 774 pestem.

315 829 370 839 --
394 827 452 838 —-
488 805 627 845 Haud
650 804 831 858 equidem
860 804 937 841 tali
966 813 1028 841 me
1059 803 1207 855 dignor
1234 803 1396 845 honore.
1600 800 1694 842 ¹0¹4

188 942 240 979 71
267 921 539 990 Significat
575 937 705 970 vero
738 920 986 987 plurimis
1020 919 1207 968 modis.
1290 922 1430 970 Nam
1456 936 1604 986 prae-

264 1013 344 1051 ter
371 997 660 1057 annuendi,
699 995 979 1055 renuendi,
1006 996 1467 1063 confirmandique
1488 1014 1605 1059 mo-

353 1156 417 1189 70.
452 1152 517 1180 aut
531 1157 610 1192 ⁴non
628 1141 836 1184 concedere,
858 1152 923 1180 aut
942 1157 965 1178 a
985 1141 1102 1178 nobis.
1134 1142 1268 1177 Turio.
1282 1141 1386 1178 Flor.
1403 1151 1470 1178 aut
1480 1155 1509 1176 c.
1525 1155 1548 1176 a
1567 1155 1604 1176 n.

263 1203 398 1240 Ambr.
417 1210 452 1236 2.
477 1199 601 1235 Guelf.
623 1200 756 1246 Camp.
781 1215 815 1235 α.
837 1214 864 1234 c.
898 1213 932 1234 a.
955 1213 978 1233 α
1000 1213 1034 1232 η.
1069 1210 1158 1232 cum
1179 1198 1279 1235 Voff.
1293 1209 1328 1233 2.
1353 1209 1390 1233 et
1411 1197 1496 1233 edd.
1519 1208 1606 1233 ante

265 1257 414 1306 Gryph.
434 1257 503 1304 qui
512 1255 662 1304 primus
682 1253 797 1291 habet
817 1268 902 1290 non.
935 1254 1051 1301 Quod
1066 1252 1159 1288 Obr.
1184 1254 1297 1300 ejecit
1314 1254 1455 1289 denuo.
1489 1256 1606 1288 Recte

225 1306 231 1317 ’
263 1316 340 1351 hoc
352 1312 440 1349 fieri
460 1321 574 1360 negat
585 1312 841 1352 Burmannus,
865 1311 955 1358 quia
969 1311 1012 1345 in
1032 1309 1211 1358 exemplo
1223 1310 1337 1346 Haud
1356 1310 1522 1359 equidem
1535 1319 1606 1344 cet.
1620 1349 1630 1358 ,

263 1371 372 1408 nulla
407 1369 455 1403 sit:
485 1367 689 1403 concessio.
750 1367 945 1415 Equidem
976 1377 1052 1401 tam
1079 1376 1282 1414 negantem
1306 1379 1421 1414 quam
1443 1366 1608 1411 aientem

263 1428 358 1464 hinc
395 1425 558 1460 alienam
587 1424 721 1470 judico
751 1424 997 1463 [e11tentian13
1055 1435 1220 1470 cumque
1261 1423 1304 1457 in
1343 1421 1608 1458 vetustiffimis

250 1497 389 1520 runum
423 1492 573 1516 tantum
603 1479 770 1515 verbum
801 1479 994 1515 concedere
1022 1479 1281 1524 interjiciatur
1309 1479 1388 1516 istis
1418 1488 1483 1515 aut
1507 1489 1543 1513 et
1563 1490 1610 1517 a,-

264 1540 368 1589 illud
389 1550 545 1586 quoque
567 1548 791 1583 expungere
814 1535 969 1576 malim,
1000 1548 1116 1583 quam
1136 1535 1349 1582 quidquam
1373 1535 1607 1583 corrigendo

266 1597 305 1633 ei
336 1594 433 1630 foris
464 1592 656 1627 arcessere.
716 1590 908 1640 Exempla
939 1591 1094 1626 nonnisi
1123 1591 1201 1625 duo
1235 1592 1447 1627 afferuntur
1477 1602 1513 1626 et
1542 1592 1606 1626 da-

265 1650 419 1688 mnandi
440 1660 476 1684 et
497 1663 520 1684 α
543 1647 585 1696 se
608 1648 832 1688 removendi,
864 1659 989 1693 neque
1019 1657 1095 1681 tam
1115 1645 1266 1695 placent
1294 1648 1360 1682 hic
1390 1658 1496 1684 terna
1523 1656 1603 1688 aut,

267 1720 386 1757 quam
419 1705 522 1741 bina.
556 1704 602 1738 cf.
623 1715 684 1743 11,
715 1715 747 1744 1,
773 1703 837 1747 63.
857 1712 893 1737 et
911 1702 977 1738 hic
1000 1702 1031 1746 ᾖ.
1057 1709 1122 1745 55.
1153 1703 1215 1737 An
1234 1703 1334 1739 forte
1351 1703 1491 1752 aliquis
1511 1701 1603 1738 alle.

261 1773 373 1800 verat
402 1762 448 1796 ad
484 1761 660 1795 damnare
690 1759 949 1806 synonymum
980 1758 1239 1799 condemnare,
1270 1760 1373 1795 unde
1396 1761 1537 1794 tactum
1559 1759 1605 1794 sit

264 1819 490 1856 concedere?
530 1815 658 1851 Guelf.
690 1814 887 1863 adversari.
937 1815 1036 1849 Mox
1068 1815 1179 1849 εει-νίς
1202 1828 1221 1849 e
1249 1816 1362 1850 versu
1380 1813 1602 1862 Virgiliano

264 1876 452 1912 omittunt
478 1873 684 1908 nobiscum
706 1871 838 1907 Turio.
863 1869 965 1906 Flor.
985 1869 1119 1906 Ambr.
1143 1880 1178 1906 2.
1208 1870 1334 1907 Guelf.
1355 1872 1485 1918 Camp.
1513 1883 1604 1906 cum

226 1978 229 1981 r
262 1932 369 1969 Voss'.
400 1938 437 1972 5.
469 1929 576 1976 quod
609 1940 680 1975 ego
714 1941 793 1963 non
822 1928 912 1961 inde
930 1937 1063 1975 repeto
1088 1939 1176 1962 cum
1199 1928 1345 1968 Burm„
1378 1928 1467 1976 quia
1488 1926 1606 1962 libra·

264 1989 348 2023 rius
371 1984 561 2020 memoria
585 1984 824 2019 aberraverit
852 1983 898 2018 ad
919 1985 1014 2019 Aen.
1038 1993 1076 2026 5,
1105 1983 1197 2026 265.
1225 1984 1277 2018 Di
1310 1985 1420 2019 talem
1451 1985 1607 2020 avertite

267 2042 412 2092 casum3
440 2041 500 2076 sed
524 2053 543 2074 a
562 2039 670 2076 solita
701 2041 820 2088 ipsius
842 2039 960 2074 nostri
982 2039 1154 2080 incuria3
1188 2039 1234 2074 cf.
1261 2047 1298 2082 5,
1321 2053 1385 2081 11,
1404 2050 1469 2076 20.
1504 2051 1538 2087 9,
1568 2046 1606 2084 4,

267 2106 336 2144 85.
377 2097 522 2133 Iisdem
551 2096 776 2132 auctoribus
810 2096 913 2130 inter
945 2095 1023 2130 duo
1055 2093 1138 2130 loca
1169 2095 1310 2143 Virgil.
1335 2095 1538 2149 proscripsi
1556 2104 1606 2136 ec,
1645 2138 1654 2141 .

269 2156 414 2204 quibus
436 2152 622 2189 accedunt
634 2152 750 2187 Goth.
774 2152 872 2190 Jens.
887 2148 976 2196 (tac.
991 2151 1119 2200 Gesn.)
1141 2163 1227 2185 cum
1246 2151 1331 2186 edd.
1349 2163 1433 2187 ante
1454 2151 1605 2200 Gryph.

268 2211 314 2246 cf.
340 2212 376 2251 6,
400 2220 436 2252 2,
461 2219 525 2254 52.
559 2208 809 2243 Turic.Flor.
838 2208 997 2257 quidem.
1023 2201 1158 2242 Axhbr.
1181 2216 1219 2241 2.
1248 2220 1317 2255 ego
1348 2208 1495 2257 quidem
1517 2220 1606 2243 cum

267 2267 373 2308 Voff.
408 2277 446 2310 5.

358 2355 425 2388 71.
473 2341 800 2391 confirmandique.
853 2340 980 2376 Guelf.
1015 2340 1283 2389 conformandi.
1327 2344 1420 2378 Exc.
1453 2345 1607 2381 Samen.

269 2401 611 2449 conformandique.
641 2398 772 2432 Turic.
804 2396 907 2432 flor.
938 2398 1071 2446 Camp.
1108 2399 1295 2434 omittunt
1324 2409 1359 2434 et
1385 2399 1606 2435 admiratio-

267 2460 327 2493 nis
349 2471 438 2492 cum
465 2456 571 2494 Voss'.
587 2464 623 2499 5.
657 2451 750 2500 cestu
778 2451 957 2500 miscenici
987 2454 1120 2489 turbae
1153 2455 1238 2489 sunt
1262 2454 1364 2491 Flos.
1385 2455 1447 2490 sed
1473 2454 1600 2494 Guelf-

267 2528 306 2563 ὃ,
323 2513 450 2563 scenia
480 2523 517 2549 et
534 2519 758 2560 putaverunt
788 2507 973 2557 vitiosum.
997 2511 1132 2546 Locat.
1154 2512 1249 2549 Ven.
1273 2511 1381 2546 Rusc-
1407 2511 1606 2548 communi

328 2647 392 2682 70.
426 2647 491 2672 auc
512 2649 585 2671 non
608 2634 811 2673 concedere,
841 2641 905 2667 aut:
966 2632 1182 2680 Virgiliana
1211 2633 1303 2671 vide
1330 2634 1426 2670 Aen.
1447 2641 1484 2678 ὅ,
1511 2633 1604 2672 620.

269 2707 295 2731 a
323 2693 441 2730 nobis.
473 2693 521 2729 cf.
554 2701 636 2729 not.
667 2690 752 2728 crit.
804 2689 910 2724 Loca
972 2703 1007 2732 ¹2
1028 2690 1121 2735 555ss
