1779 3062
362 132 524 178 INST.
563 129 841 177 ORATOR.
880 133 999 176 ΜΒ.
1038 133 1123 188 xl,
1160 144 1204 187 3.
1356 141 1452 188 545

110 277 220 313 non
253 257 343 306 sit:
381 256 473 305 sed
504 257 804 306 exercitatio
845 262 959 318 ejus
999 259 1114 307 talis
1149 257 1240 315 fit,
1281 259 1453 323 qualis

109 337 262 387 usus:
303 351 401 383 nec
419 333 628 383 silentio
656 331 899 391 subsidat,
940 332 1027 382 sed
1059 333 1307 383 firmetur
1329 353 1454 385 con-

107 412 407 469 suetudine,
431 429 535 476 qua
561 408 846 459 difficultas
871 413 1044 460 omnis
1070 412 1290 461 levatur.
1328 413 1454 461 Edi-

62 494 67 502 ‘
106 489 246 538 scere
281 500 481 546 autem,
523 506 632 553 quo
665 490 978 545 exercearis,
1029 489 1128 536 erit
1159 491 1452 553 optimum:

107 585 232 616 nam
258 583 321 614 ex
352 577 592 632 tempore
627 563 860 613 dicentes
892 576 1075 613 avocat
1100 583 1126 612 a
1158 582 1279 613 cura
1307 569 1455 616 vocis

109 645 230 702 ille,
270 644 366 708 qui
402 660 464 691 ex
487 642 645 691 rebus
680 640 806 707 ipsis
842 643 1171 708 concipitur,
1211 639 1454 692 affectus:

109 731 162 770 et
198 719 425 769 ediscere
460 737 620 785 quam
655 719 882 767 maxime
916 721 1077 777 varia,
1122 735 1255 783 quae
1281 732 1331 767 et
1355 721 1456 768 cla-

110 815 343 856 morem,
398 808 448 845 et
478 797 918 862 disputationem,
956 807 1007 843 et
1040 795 1363 854 sermonem,
1405 809 1456 846 et

111 874 280 925 flexus
314 875 569 933 habeant,
610 885 672 924 ut
705 872 866 923 simul
896 874 955 922 :in
980 875 1160 921 omnia
1192 891 1454 939 paremur.

110 1012 198 1034 curn
222 999 336 1034 Bern.
361 1012 470 1048 quam
490 995 674 1047 desertura
691 995 748 1047 sit
767 1017 823 1027 -—
839 995 875 1046 f.
899 1012 927 1032 c.
961 997 1092 1045 Camp.
1118 1010 1206 1035 curn
1233 997 1352 1034 Goth.
1384 996 1459 1047 (de

111 1056 246 1092 omissa
265 1067 363 1091 voce
382 1068 455 1091 non
475 1064 545 1091 tac.
569 1056 698 1099 Gesn.)
728 1056 831 1092 Voss.
856 1065 892 1090 2.
912 1054 1014 1093 Vall.
1038 1069 1132 1103 quae
1155 1052 1364 1102 desiderata
1385 1070 1461 1091 non

102 1112 157 1163 sit
176 1112 278 1160 —f.
301 1126 328 1148 c.
368 1113 470 1148 Voff.
497 1122 534 1156 5.
566 1126 675 1160 quam
707 1111 957 1162 desideratura
988 1127 1063 1148 non
1082 1110 1214 1160 sic—
1239 1111 1273 1159 f.
1298 1127 1325 1147 c.
1359 1114 1460 1152 Jens.

112 1183 201 1205 cum
228 1169 312 1204 edd.
344 1170 501 1218 poster-1
535 1179 620 1204 ante
651 1169 739 1206 Ald.
793 1171 893 1208 Cum
926 1181 962 1206 et
994 1169 1088 1205 haec
1120 1167 1461 1205 vetufiissimmum

111 1227 342 1262 auctoritate
376 1238 547 1264 careant,
599 1225 721 1262 fateor
752 1241 813 1262 me
843 1240 965 1275 prope
948 1227 1085 1262 ‘wudese
1116 1227 1159 1261 in
1189 1224 1297 1261 illam
1324 1227 1459 1262 Ambr.

111 1283 350 1331 scriptumm,
384 1283 447 1317 0111
475 1297 543 1330 pai·
573 1283 651 1317 fere
681 1294 807 1318 tamen
837 1283 957 1318 fueiit
985 1283 1103 1318 Goth.
1124 1283 1244 1318 modo
1274 1283 1462 1318 scribatur

112 1353 217 1388 quae.
268 1339 405 1374 Nostra
440 1339 601 1374 debetur
638 1340 752 1387 Regii
780 1340 962 1388 ingenio,
997 1340 1065 1388 qui
1096 1353 1170 1374 non
1191 1340 1266 1384 jam
1286 1339 1461 1377 invenie-

110 1396 177 1431 bat
209 1396 251 1431 in
281 1395 406 1431 libris.
464 1396 588 1431 Modo
620 1396 846 1437 imbuamur,
873 1397 976 1444 quod
1002 1395 1190 1443 plurimae
1211 1395 1354 1431 habent
1375 1396 1461 1434 edd.

112 1454 209 1496 (11011
224 1454 375 1499 Camp.)
387 1453 428 1487 111
446 1452 557 1487 nullo
572 1452 621 1487 est
635 1453 716 1487 MS.
738 1454 892 1487 Deinde
905 1453 1113 1502 nesilentio
1125 1452 1259 1487 Ambr.
1274 1461 1309 1487 2.
1327 1455 1461 1502 Camp.

113 1522 199 1544 cum
232 1509 348 1544 Goth.
381 1510 477 1547 Jens.
509 1510 624 1543 Τίον.
651 1506 845 1557 subsideat
867 1520 996 1545 autem
1015 1510 1114 1547 Jens.
1136 1519 1172 1544 et
1192 1508 1276 1543 edd.
1304 1509 1462 1556 posterr-

111 1576 198 1601 ante
215 1565 295 1600 Ald.
317 1566 362 1600 de
375 1566 490 1600 Goth.
507 1579 578 1600 err.
599 1565 706 1600 Gesn.
732 1566 801 1613 qui
822 1579 1024 1615 perperam
1049 1565 1162 1600 etiam
1177 1564 1268 1600 inde
1288 1568 1463 1603 enotavit

105 1620 281 1670 firmiter.
325 1624 422 1659 stiox
441 1623 580 1658 levetur
598 1633 748 1671 praetei
766 1623 882 1658 Goth.
905 1636 942 1660 et
961 1623 1063 1661 Voff.
1086 1635 1118 1657 1.
1144 1620 1210 1669 (an
1233 1631 1253 1656 2
1268 1621 1307 1667 ?)
1327 1625 1459 1672 Camp.

114 1692 294 1728 quoque,
326 1691 371 1715 ut
400 1679 592 1727 suspicor;
631 1678 743 1714 male.
808 1670 1044 1716 Sententiam
1077 1679 1175 1714 hanc
1205 1679 1464 1729 consuetudine

113 1732 318 1784 dffcultas
345 1738 464 1771 omnis
483 1736 540 1770 lez
535 1745 629 1770 atur
651 1736 838 1785 excerpsit
856 1736 1218 1784 F101ileg.Santen.

200 1800 264 1834 25.
300 1807 371 1843 qno
390 1794 704 1832 earm-reminierit.
739 1765 1109 1838 T111iC.F101.0(hic
1132 1806 1150 1826 a
1176 1807 1232 1841 pr.
1259 1796 1337 1836 111.)
1362 1795 1463 1842 quod

114 1862 189 1884 non
219 1863 251 1884 e.
474 1849 634 1883 dicentes
661 1858 797 1884 avocat
822 1863 856 1883 a.
899 1850 1032 1884 Turic.
1071 1849 1205 1884 Ambr.
1238 1857 1273 1883 2.
1310 1850 1464 1884 dicentis

97 1913 272 1941 'avocata
305 1917 393 1940 cum
416 1905 520 1941 Voss.
548 1914 584 1947 3.
639 1905 713 1939 Sed
738 1904 843 1940 Flos.
870 1906 1022 1941 dicentis
1044 1915 1232 1941 avocatur.
1253 1905 1381 1941 Guelf.
1410 1908 1465 1943 di-

116 1964 230 1997 centis
249 1977 271 1997 a
293 1970 438 1996 notata.
465 1962 597 2009 Camp.
631 1961 786 1996 dicentis
807 1963 983 1998 advocati
1007 1976 1094 1998 011111
1117 1963 1222 2001 Voff.
1249 1972 1284 1997 2.
1313 1963 1466 1999 dicentis

106 2021 267 2054 ,αυοεαῐί
295 2018 413 2053 Goth.
455 2018 635 2052 (licentem
663 2019 848 2053 advocata
879 2020 976 2056 Jens.
1012 2033 1100 2055 cum
1132 2019 1216 2054 edd.
1254 2031 1338 2054 ante
1373 2020 1462 2057 Ald.

117 2076 299 2111 <licentem
320 2083 453 2110 avocat
484 2089 507 2109 a
527 2076 634 2110 Gesn.
659 2075 745 2122 Bip.
787 2075 948 2124 Reliqui
974 2077 1112 2111 dicenti
1132 2086 1320 2112 avocatur.
1381 2077 1466 2113 No-

115 2133 236 2169 strum
269 2146 288 2167 e
320 2131 561 2175 conjectura,
594 2142 802 2179 praeeunte
835 2133 1015 2168 Gesnero.
1071 2135 1170 2168 Mox
1194 2134 1325 2168 Turic.
1361 2148 1465 2183 quae.

115 2190 204 2225 Post
225 2188 378 2236 affectus
399 2188 586 2223 omittunt
605 2196 641 2222 et
662 2188 796 2223 Ambr.
824 2200 859 2225 2.
894 2189 1021 2225 Guelf.
1047 2204 1135 2225 cum
1161 2190 1277 2225 Goth.
1309 2190 1406 2228 Jens.
1431 2204 1469 2228 et

119 2246 205 2281 edd.
233 2244 390 2293 posterr.
416 2254 500 2278 ante
521 2243 636 2285 Ald.;
669 2244 781 2283 male,
814 2256 857 2281 ut
876 2257 985 2282 notat
1004 2248 1160 2295 Regius.
1328 2247 1466 2293 flexus.

118 2303 254 2337 Turio.
282 2302 413 2349 Camp.
439 2301 613 2347 deflexm.
649 2302 726 2336 Hic
747 2315 794 2336 ne
817 2303 889 2351 ipsi
910 2303 1069 2351 quidem
1092 2302 1340 2339 vetustissimo
1364 2306 1469 2340 obse·

120 2357 320 2406 quendum
344 2356 453 2395 duxi,
484 2357 576 2404 quia
599 2357 644 2392 de
666 2371 764 2393 voce
787 2360 936 2408 semper
957 2359 1151 2407 estflexus,
1186 2373 1266 2395 non
1289 2360 1465 2407 deflexus.

120 2415 220 2449 Mox
242 2415 277 2448 in
301 2415 424 2448 omnia
447 2413 636 2450 omittunt
656 2415 789 2451 Turio.
812 2415 916 2452 Flos.
944 2416 1026 2462 (1110
1048 2431 1065 2451 a
1083 2430 1142 2465 pr.
1168 2420 1241 2461 m.)
1264 2431 1350 2453 cum
1363 2419 1466 2456 Alm.

174 2516 389 2549 exercitatio
404 2533 455 2541 ——
469 2515 587 2563 qualis
608 2514 698 2566 usus.
715 2517 761 2554 cf.
822 2518 889 2554 ille
910 2520 1038 2558 sonus,
1067 2519 1114 2553 ad
1135 2520 1326 2556 canticum
1349 2536 1469 2572 paene

123 2581 187 2619 29.
210 2572 300 2606 item
332 2585 363 2611 1,
392 2574 453 2612 in,
484 2579 545 2618 14.
824 2577 1016 2611 accedens.
1042 2576 1087 2611 cf.
1105 2579 1137 2623 ᾗ.
1157 2586 1246 2616 170.
1276 2592 1306 2618 1,
1328 2592 1387 2619 11.
1408 2592 1469 2616 12.

181 2637 244 2671 25.
278 2628 488 2674 ecflexusi.
513 2642 544 2663 e.
571 2629 765 2675 ejusmodi
825 2632 964 2666 Malim
1004 2633 1086 2668 sane
1120 2632 1267 2679 flexum
1305 2636 1471 2685 singula-

121 2682 243 2725 locos,
268 2697 367 2733 quos
391 2684 519 2719 deceat
537 2687 766 2723 miserabilis
823 2689 931 2724 litei·-
