1779 3062
409 125 575 172 INST.
617 125 900 173 ORATOR.
938 126 1061 172 LIB.
1097 88 1211 183 ΧΠ,
1250 141 1294 172 2.
1435 135 1532 182 535

186 252 324 303 tueri
347 249 466 300 satis
492 251 691 310 credat,
726 251 817 301 sed
845 270 1058 302 omnem
1089 250 1402 317 posteritatis
1423 269 1535 301 rne-

186 330 440 385 moriam,
480 326 707 395 spatium
742 329 884 376 vitae
913 328 1178 386 honestae,
1218 339 1268 376 et
1291 328 1529 377 curricu-

183 405 302 454 lum
332 404 505 454 laudis
540 403 811 453 existimet.
850 406 989 454 Hinc
1022 405 1159 455 mihi
1184 406 1277 453 ille
1301 403 1528 466 justitiae

182 587 310 624 excusi
345 589 393 624 ad
433 601 558 624 unum
597 601 731 624 omnes
761 597 912 636 praeter
943 589 1151 625 Gesnerum
1184 602 1221 626 et
1250 592 1338 639 Bip.
1371 590 1442 638 qui
1471 591 1526 626 lo-

181 658 332 693 cumque
361 659 398 693 p.
459 646 565 692 Quae
592 644 723 684 illius,
762 644 837 679 nisi
864 643 913 678 est
942 644 1131 691 sphalma,
1178 646 1363 681 audacula
1395 648 1525 693 conje-

181 713 287 737 ctura
317 702 389 737 vix
418 702 599 750 cuiquam
630 700 876 749 probabitur.
934 701 1146 748 Acquievit
1175 714 1301 738 antem
1333 704 1524 738 Gesnerus

179 758 223 793 in
255 771 318 798 ea,
357 769 495 806 quam,
535 758 582 793 ab
613 757 695 805 ipso
729 756 889 805 quidem
919 769 998 791 non
1030 760 1274 798 nominatus,
1305 759 1525 806 praeiverat

180 814 515 862 Capperonerius,
545 814 886 861 interpretatione,
923 823 967 847 ut
994 822 1136 847 tantum
1167 829 1241 849 non
1273 815 1363 850 esset
1390 827 1522 863 prope,

180 869 402 917 diceretque
433 870 508 917 Qu.
563 870 827 917 „Quicunque
857 868 1090 917 posteritatis
1127 872 1317 906 memoria
1349 870 1524 906 curricu-

178 925 290 966 „lum
320 925 446 961 laudis
477 926 672 965 metietur,
703 925 736 960 is
768 925 859 960 sciet
886 925 914 961 i.
945 939 977 960 e.
1011 926 1156 966 sentiet,
1190 927 1222 961 se
1246 927 1380 962 idem“
1411 925 1520 974 (pro-

179 981 248 1018 bat
277 981 380 1016 enim
397 982 504 1017 Gesn.
536 981 755 1017 Gothanam
788 982 1035 1029 scripturam)
1065 982 1090 1016 ἰ.
1123 996 1154 1017 e.
1187 984 1233 1017 ad
1257 984 1415 1018 eandem
1436 995 1522 1017 rem

177 1038 380 1086 „cognatis
413 1051 536 1086 prope
567 1037 756 1085 exemplis
789 1038 1032 1074 admoneri.“
1088 1039 1261 1073 Eandem
1301 1053 1376 1074 rem
1404 1037 1522 1073 intel·

177 1088 290 1142 ligit',
335 1094 498 1143 opinor,
538 1094 726 1130 virtutem
768 1093 923 1143 qualem
952 1094 1221 1143 praestiterunt
1260 1095 1427 1131 Romani
1456 1093 1523 1128 illi.
1561 1135 1563 1138 .

176 1149 329 1185 heroes.
384 1151 505 1198 Prope
543 1161 673 1186 autem
713 1159 872 1198 cognata
911 1153 1079 1199 exempla
1117 1162 1254 1193 vocat,
1291 1165 1388 1200 quae
1421 1151 1522 1197 ejus-

178 1206 265 1243 dem
304 1206 391 1242 funt
426 1205 589 1255 populi,
642 1219 863 1256 quanquam
903 1221 984 1242 non
1014 1208 1186 1254 ejusdem
1224 1207 1407 1243 familiae.
1468 1207 1521 1241 At

175 1260 291 1312 quam
324 1262 408 1297 leve
441 1263 529 1304 hoc,
562 1276 754 1311 quamque
783 1276 862 1298 non
892 1263 1079 1312 dignum,
1112 1265 1218 1312 quod
1251 1275 1326 1300 tam
1359 1263 1519 1312 operose

174 1319 474 1368 significaretur!
534 1320 643 1354 Adde
683 1319 791 1368 quod
831 1318 930 1355 hanc
968 1332 1114 1355 vocum
1147 1330 1290 1356 tantum
1321 1334 1394 1355 non
1424 1320 1519 1354 stru-

174 1387 324 1412 cturam
355 1375 455 1423 apud
485 1376 655 1411 nostrum
690 1389 768 1411 non
799 1377 975 1424 reperio:
1010 1377 1056 1412 cf.
1091 1377 1136 1412 ad
1168 1377 1203 1416 6,
1239 1387 1274 1417 2,
1309 1383 1344 1420 4.
1389 1378 1518 1422 Quan-

174 1445 288 1482 quam
319 1432 362 1466 in
388 1431 618 1468 Declamam
651 1433 784 1479 Quint.
815 1433 945 1467 eadem
980 1432 1028 1468 est
1059 1433 1172 1468 etiam
1203 1433 1398 1481 frequens.
1431 1432 1518 1468 Nec

177 1488 392 1537 quidquam
433 1488 560 1535 agitur
603 1490 867 1525 recentiorum
906 1488 1147 1537 quibuslibet
1186 1488 1518 1537 interpretationi·

175 1545 261 1585 bus,
293 1557 381 1580 cum
414 1545 522 1579 omni
551 1546 778 1580 anctoritate
810 1556 945 1584 careat,
977 1545 1078 1580 unde
1113 1546 1279 1592 pendent
1306 1544 1407 1584 illae,
1432 1557 1518 1579 ver-

173 1602 271 1637 bum
294 1600 399 1650 sciet.
458 1600 576 1636 Nihil
608 1601 789 1650 equidem
825 1601 1025 1642 extundo;
1059 1602 1119 1639 sed
1152 1602 1227 1636 hoc
1249 1601 1434 1648 dispicere
1455 1599 1517 1635 vi·

174 1659 283 1699 deor,
315 1664 457 1696 tantum
486 1658 588 1707 quod
616 1671 691 1693 non
718 1671 961 1706 nequaquam
992 1657 1062 1693 effe
1094 1657 1379 1697 solicitandum,
1406 1655 1517 1705 quod

173 1714 336 1763 speciem
370 1713 548 1761 praebeat
581 1713 690 1749 illius
729 1714 831 1762 apud
862 1714 1092 1750 Ciceronem
1125 1727 1305 1762 quoque,
1339 1726 1411 1761 pro
1442 1710 1544 1760 nisiv

175 1771 275 1819 quod
306 1783 392 1809 non,
424 1771 662 1806 occurrentis
693 1771 905 1806 formulae:
954 1770 1001 1804 cf.
1034 1770 1177 1805 Ernest.
1214 1769 1320 1806 Clav.
1354 1783 1392 1805 v.
1429 1777 1512 1803 tan-

176 1836 264 1866 tum,
294 1837 331 1862 et
359 1827 536 1864 Gronov.
570 1826 617 1860 ad
645 1827 734 1862 Liv.
767 1836 833 1870 δι,
862 1833 900 1872 4,
933 1826 969 1862 6.
1003 1826 1096 1872 (err.
1129 1827 1256 1872 Era).
1310 1823 1515 1861 Turi-:ensi

170 1882 235 1919 illi
263 1895 336 1931 pro
369 1884 536 1929 cognatis
575 1883 782 1930 scripturae
823 1882 977 1931 aliquid
1005 1882 1247 1919 reconditius
1280 1880 1420 1917 subesse
1453 1881 1511 1915 su-

170 1941 316 1990 spicorz
349 1948 386 1974 et
414 1940 456 1974 in
487 1937 567 1975 illis
589 1937 770 1988 sideribus
800 1940 892 1975 latet
921 1939 1073 1975 fortaffe
1095 1937 1165 1988 sed
1196 1937 1301 1973 rebus
1330 1950 1419 1973 cum
1441 1949 1511 1985 op-

156 1995 363 2049 positione
399 1996 646 2045 praecedenti
682 1996 851 2033 ablativo
891 1995 1098 2032 reddenda.
1164 1996 1225 2030 Ex
1264 1994 1345 2030 illis
1380 2004 1511 2029 autem

169 2054 220 2090 ad
248 2054 355 2103 veri„
387 2053 560 2088 addenda
589 2052 717 2088 littera
748 2061 784 2092 t,
813 2053 978 2088 verbum
1008 2052 1168 2088 finitum
1200 2051 1248 2087 est
1279 2049 1508 2086 eruendum.

167 2110 351 2158 Denique
381 2109 459 2144 hoc
489 2109 604 2145 etiam
636 2109 844 2159 diligenter
871 2108 1162 2148 attendendum,
1193 2108 1316 2143 sintne
1342 2106 1412 2142 illa
1436 2119 1509 2141 cre-

173 2167 262 2206 dat,
294 2163 494 2214 existimet,
532 2176 577 2201 ut
600 2179 704 2202 nunc
733 2167 803 2206 est,
845 2166 958 2201 modi
985 2164 1215 2214 potentiales
1244 2162 1431 2203 habendi,
1461 2175 1510 2197 an

174 2223 404 2271 refingendo
435 2221 507 2259 illo
547 2224 610 2272 qui
649 2224 771 2269 (ficut
795 2225 882 2272 quin
910 2222 1044 2259 scribit
1074 2222 1190 2268 0321.)
1232 2221 1278 2255 ad
1315 2218 1511 2269 praecepti

175 2280 370 2315 rationem
399 2279 636 2315 traducendi.
698 2279 822 2316 Dolet
857 2280 942 2314 sane
979 2277 1208 2314 hariolantis
1249 2275 1510 2324 eun-epidau-

174 2337 227 2371 tis
256 2346 381 2384 partes
410 2348 522 2384 agere
561 2334 604 2370 in
634 2335 724 2373 loeo
754 2335 906 2372 honesti
935 2335 1091 2371 affectus
1130 2333 1372 2382 plenissimo,
1425 2343 1509 2366 non

172 2390 433 2440 explanantis;
491 2392 562 2428 sed·
583 2394 652 2442 qui
680 2393 807 2429 adhuc
836 2392 910 2428 sibi
935 2393 1010 2428 visi
1040 2393 1124 2427 sunt
1153 2389 1387 2439 intelligere,
1420 2387 1507 2423 lon·

173 2448 262 2496 gius
303 2448 415 2483 etiam
456 2462 475 2483 a
509 2461 605 2486 vero
640 2451 814 2486 fuerunt.
875 2449 1055 2495 Quorum
1096 2448 1308 2496 Gedoynus
1346 2444 1508 2493 quidem

172 2503 313 2540 robori
352 2515 389 2540 et
425 2506 607 2554 gravitati
644 2508 849 2543 sententiae
886 2505 1055 2541 maxime
1094 2505 1313 2553 prospexit,
1353 2502 1507 2537 securus

173 2571 301 2596 tamen
338 2560 546 2597 verborum
586 2564 796 2613 scriptoris.
903 2563 999 2598 Hinc
1030 2572 1115 2597 ante
1147 2561 1237 2596 mihi
1267 2573 1343 2596 om.
1374 2557 1506 2594 Turic.

171 2615 277 2654 Flor.
308 2618 441 2654 Ambr.
471 2628 508 2655 2.
539 2619 668 2658 Guelf,
701 2621 834 2670 Camp.
862 2631 903 2659 „cs
933 2618 1035 2656 Alm.
1067 2617 1171 2660 Voff.
1202 2626 1240 2661 5.
1288 2615 1508 2666 superatam

175 2673 384 2712 libertatem
414 2673 542 2713 Gueffi
