1779 3062
286 169 391 217 450
589 156 667 203 M.
713 122 849 201 m.
898 156 1316 220 QUiNTILIANI

289 282 536 334 faucibus
563 300 618 331 ac
638 281 848 332 [ummo
863 286 1074 348 'pectore
1096 281 1354 331 abducere
1376 281 1510 328 licet.
1531 279 1629 329 Ar-

291 361 424 410 dent
443 360 586 408 enim
611 363 716 421 jani
742 360 933 408 omnia.
1012 361 1077 407 Et
1107 369 1168 407 ut
1202 375 1307 407 vox
1340 358 1628 406 vehemen-

294 439 403 486 tior
442 454 499 484 ac
532 438 696 501 magis
729 437 873 484 varia
906 434 1005 492 est,
1043 433 1114 483 sic
1154 436 1374 483 amictus
1410 449 1629 498 quoque

219 514 454 572 146-habet
472 523 646 561 actum
668 511 934 577 quendam
957 513 1107 561 velut
1130 512 1492 576 proeliantem.
1530 513 1629 557 lta-

287 596 401 656 que
426 600 484 639 ut
506 591 708 638 laevam
726 590 1003 638 involvere
1024 599 1143 652 toga
1166 597 1216 634 et
1239 587 1441 650 incingi
1463 601 1631 650 paene

291 665 559 718 furiosum
587 664 687 714 est:
726 665 901 715 sinum
922 682 1053 714 vero
1087 665 1144 712 in
1168 664 1411 712 dextrum
1442 662 1632 711 hume-

293 761 418 794 rum
454 743 517 791 ab
553 744 664 792 imo
704 743 918 804 rejicere
958 740 1191 790 solutum
1227 757 1283 787 ac
1321 739 1632 797 delicatum,

294 819 546 885 fiuntque
569 818 743 868 adhuc
762 823 915 886 pejus
939 819 1138 882 aliqua:
1177 819 1247 866 ita
1265 834 1359 865 cur
1378 816 1634 864 laxiorem

294 895 476 946 sinum
501 895 706 945 sinistro
728 895 946 945 brachio
981 913 1091 944 non
1113 892 1450 955 subjiciamus
1465 893 1488 940 ’ἓ
1528 894 1634 939 Ha-

294 974 388 1022 bet
420 974 564 1021 enim
600 989 714 1021 acre
743 972 998 1037 quiddam
1025 982 1180 1036 atque
1212 969 1544 1037 expeditum,
1581 978 1634 1015 et

221 1051 462 1107 ³47calori
506 1051 957 1114 concitationique
1000 1065 1112 1096 non
1153 1048 1403 1097 inhabile.
1491 1047 1632 1094 Cum

293 1143 424 1176 vero
449 1142 635 1190 magna
655 1143 772 1190 pars
794 1124 865 1173 est
883 1124 1126 1173 exhausta
1148 1125 1416 1180 orationis,
1441 1123 1629 1186 utique

296 1199 505 1251 afflante
526 1200 770 1258 fortuna,
809 1218 974 1266 paene
1009 1203 1186 1249 omnia
1219 1200 1430 1256 decent,
1469 1197 1633 1247 sudor

293 1271 403 1347 ipse
437 1287 489 1325 et
520 1275 787 1343 fatigatio,
826 1287 878 1325 et
904 1277 1259 1342 negligentior
1294 1276 1542 1332 amictus,
1581 1283 1633 1321 et

295 1455 512 1491 ministerio
540 1454 718 1491 adhiberi
746 1455 891 1492 laevam
918 1468 1089 1496 manum,
1115 1468 1211 1504 quae
1234 1454 1436 1490 difficilius
1461 1453 1502 1488 id
1529 1464 1638 1500 pera·

292 1523 371 1562 gat.
435 1513 577 1547 Contra
601 1510 783 1559 sisinum,
816 1525 895 1561 quo
917 1512 1110 1547 vocabulo
1134 1512 1260 1546 utitur
1281 1513 1536 1548 Burmannus,
1569 1507 1633 1542 ab·

296 1569 485 1604 ducemus
514 1581 533 1601 a
559 1567 735 1602 faucibus
764 1570 821 1613 (et
847 1569 951 1603 hunc
981 1568 1236 1602 accusativum
1265 1580 1283 1602 e
1304 1567 1487 1614 proximo
1509 1563 1636 1612 repeti

298 1624 593 1660 consentaneum
616 1624 704 1666 est);
736 1637 817 1659 non
836 1625 966 1662 video,
981 1625 1076 1671 quid
1097 1636 1192 1672 opus
1212 1624 1259 1658 fit
1279 1637 1299 1657 a
1320 1623 1496 1661 faucibus
1515 1620 1637 1655 abdu—

300 1693 386 1715 cere
411 1679 454 1713 id
482 1679 588 1726 quod
614 1681 691 1726 jam
722 1679 887 1715 humero
918 1681 1107 1725 dejectum
1139 1680 1199 1717 est.
1258 1681 1319 1714 An
1347 1689 1384 1713 et
1414 1679 1480 1713 hic
1508 1675 1636 1713 fraudi

298 1736 415 1771 nobis
439 1736 489 1770 est
508 1735 704 1782 ignoratio
723 1737 883 1772 amictus
910 1736 1109 1771 Romani?
1141 1737 1248 1771 ardel:
1272 1737 1368 1770 enim
1388 1734 1520 1770 Turio.

394 1791 484 1834 146.
519 1800 621 1838 toga.
644 1791 776 1827 Turic-
801 1791 904 1828 Flor.
927 1793 1062 1827 Ambr.
1089 1804 1125 1828 2.
1152 1793 1284 1841 Camp.
1315 1800 1441 1838 rogam
1471 1791 1549 1834 (sed
1570 1789 1636 1824 hic

302 1858 340 1883 et
361 1847 443 1883 leva
465 1847 614 1890 modo).
645 1843 763 1895 estsic
782 1847 907 1896 sinum
929 1849 967 1881 in
986 1849 1105 1884 dextr.
1132 1850 1264 1898 Camp.
1290 1844 1455 1895 estsinui
1479 1860 1514 1882 v.
1544 1848 1567 1882 ι’.
1597 1846 1635 1881 d.

299 1904 434 1940 Turic.
464 1902 568 1938 Flor.
602 1903 804 1950 deligatum
832 1904 963 1939 Turio.
994 1906 1022 1939 F
1026 1904 1098 1941 lor.
1112 1904 1152 1954 si
1181 1902 1303 1952 nostro
1328 1902 1475 1939 brachio
1496 1902 1636 1948 firmic.

301 1960 426 1996 calore
447 1961 767 2007 concitationisque
789 1961 922 1995 Turic.
947 1960 1053 1998 Flor.
1518 1963 1520 1967 ’

392 2021 483 2059 147.
505 2014 691 2062 fatigatio
715 2016 924 2065 neglentior
952 2026 1017 2052 aut:
1039 2019 1131 2052 ictus
1151 2017 1285 2054 Turio.
1306 2015 1410 2052 Flor.
1434 2023 1471 2050 et
1491 2013 1638 2052 omittit

302 2071 437 2121 Camp.
466 2084 635 2120 quoque.

396 2228 489 2274 146.
557 2229 700 2265 laevam
758 2230 944 2266 involvere
1001 2231 1050 2267 tis
1072 2231 1312 2267 manifestum
1335 2230 1394 2268 est,
1409 2238 1636 2268 cum,revo-

303 2295 408 2334 toga.
473 2287 561 2321 Hoc
596 2287 756 2321 amictus
794 2287 942 2322 schema
1001 2299 1077 2323 cata
1102 2302 1119 2322 a
1143 2299 1252 2336 tergo
1273 2289 1315 2322 in
1333 2296 1464 2336 pectus
1483 2282 1636 2322 lacinia,

292 2341 402 2393 *locis
432 2342 545 2377 valde
577 2342 755 2390 appositis
779 2341 943 2377 illustrat
998 2344 1070 2379 sibi
1094 2345 1171 2393 ipsa
1192 2344 1242 2379 est
1261 2343 1419 2391 cingulo
1443 2352 1542 2389 toga.
1558 2338 1637 2385 Qui

301 2399 449 2434 Ferrar.
487 2413 526 2446 p.
556 2398 646 2434 626.
675 2400 718 2434 B.
751 2399 794 2434 C.
832 2397 942 2434 velut
1000 2410 1111 2448 togae
1140 2400 1294 2436 habitus
1319 2399 1472 2448 quoties
1492 2393 1636 2431 furori-

302 2454 415 2489 Livii
449 2462 521 2498 55,
557 2455 624 2494 16,
669 2467 730 2490 ιι.
763 2453 833 2489 ubi
858 2454 940 2490 vid.
997 2456 1070 2492 bus
1097 2457 1200 2505 quafi
1223 2455 1429 2491 accinxerit
1451 2450 1637 2488 civilibus

305 2509 456 2546 Duker.
480 2521 518 2546 et
538 2510 734 2546 Drakenb.
997 2514 1215 2553 Romanos,
1273 2511 1374 2561 apud
1419 2509 1637 2558 Appianum

393 2565 800 2615 incingi—furiosum.
824 2567 940 2602 Hunc
995 2568 1190 2617 imprimis
1219 2568 1353 2603 videre
1390 2567 1461 2606 est,
1492 2564 1520 2598 si
1549 2561 1636 2613 qjlis

307 2623 380 2658 effe
429 2623 602 2658 cinctum
637 2623 852 2663 Gabinu1n‚
892 2623 939 2657 de
996 2625 1167 2660 consulat
1215 2624 1386 2659 indicem
1435 2618 1635 2666 Schweig-

306 2689 385 2726 quo
418 2678 567 2727 egimus
600 2679 647 2714 ad
679 2683 711 2728 ᾗ.
738 2687 836 2727 159,
883 2679 936 2715 sa·
994 2678 1170 2717 haeuseri
1198 2692 1297 2718 voce
1333 2673 1605 2724 διαζωσάμενος·
