1779 3062
405 148 572 195 INST.
609 149 893 198 ORATOR.
929 150 1053 196 LIB.
1078 150 1189 208 XII,
1218 164 1294 196 10.
1431 152 1530 221 675

170 279 398 334 timum,
466 277 563 343 qui
593 275 852 328 vitiosum
884 288 937 327 et
968 289 1285 344 corruptum
1317 277 1535 330 dicendi

170 371 366 421 genus,
407 354 558 424 quod
600 365 693 404 aut
731 355 1025 406 verborum
1065 357 1534 417 licentiaexultat,

170 442 266 482 aut
307 431 612 499 puerilibus
651 430 986 484 sententiolis
1026 432 1257 494 lascivit,
1299 446 1389 486 aut
1428 437 1534 486 im-

167 509 387 560 modico
428 521 645 559 tumore
681 509 956 576 turgescit,
1026 523 1118 562 aut
1157 514 1410 564 inanibus
1449 514 1533 563 lo-

169 588 244 637 cis
281 588 609 647 bacchatim,⁴
646 597 736 637 aut
784 583 1002 647 casuris,
1060 589 1104 639 si
1144 591 1336 640 leviter
1371 608 1533 641 excu-

168 666 399 723 tiantur,
448 663 683 715 flosculis
723 666 883 725 nitet,
947 678 1039 716 aut
1073 670 1384 735 praecipitia
1426 687 1528 735 pro

166 741 487 793 sublimibus
522 743 711 801 habet,
752 753 844 793 aut
880 741 1051 809 specie
1092 746 1350 797 libertatis
1392 746 1531 796 insa-

167 822 276 880 nit,
330 821 495 886 magis
536 820 835 870 existimant
872 822 1134 888 populare
1175 833 1335 889 atque
1374 825 1529 891 plau-

163 897 333 947 sibile.
382 897 546 968 Quod
585 897 808 963 quidem
848 898 1055 964 placere
1095 902 1281 952 multis
1319 918 1420 952 nec
1441 903 1526 952 in-

165 973 345 1034 fitior,
397 991 497 1024 nec
535 976 720 1024 miror.
812 974 902 1026 Est
943 976 1088 1025 enim
1127 977 1368 1038 jucunda
1407 981 1528 1028 auri

162 1070 225 1102 ac
252 1051 582 1111 ‘favorabilis
623 1054 1013 1119 qualiscunque
1054 1055 1396 1120 eloquentia,
1476 1067 1530 1106 et

168 1129 319 1181 ducit
352 1132 561 1180 animos
596 1132 830 1182 naturali
868 1133 1146 1198 voluptate
1186 1150 1295 1184 vox
1319 1134 1527 1185 omnis:

167 1323 337 1374 sphalma
360 1323 525 1373 fallunt)
557 1333 594 1359 et
622 1322 718 1372 post.
752 1332 838 1358 ante
858 1322 953 1359 Bad.
1188 1323 1342 1359 exultat.
1371 1324 1436 1360 Sic
1453 1337 1526 1362 nos

169 1395 218 1416 ex
248 1381 382 1417 Tui-ic.
413 1379 520 1416 Flor.
554 1380 597 1415 in
630 1379 776 1428 quibus
807 1391 937 1415 tamen
968 1379 1109 1415 exultet
1137 1380 1336 1430 scriptum.
1377 1380 1528 1431 resultet

169 1437 301 1475 Guelf.
332 1439 466 1487 Camp.
511 1437 666 1487 resulcat
694 1437 863 1486 reliqui3
894 1436 942 1472 cf.
978 1449 1014 1484 9,
1046 1443 1085 1484 4,
1117 1444 1184 1482 23.
1448 1448 1528 1474 tun

169 1504 293 1531 oretur
321 1492 433 1544 gestit
464 1494 570 1532 Flor.
630 1494 996 1542 leniter—floribus
1027 1495 1161 1544 Camp.
1194 1504 1281 1531 avet
1308 1509 1382 1545 pro
1413 1495 1527 1532 habet

168 1552 269 1591 Jens.
303 1551 394 1602 (tac.
430 1553 559 1596 Gesn.)
591 1562 629 1588 et
657 1552 754 1601 post.
787 1562 873 1587 ante
902 1551 992 1586 Ald-
1169 1549 1377 1599 existiment
1404 1552 1526 1590 Goth.

167 1608 273 1647 Voff.
306 1618 344 1644 2.
377 1608 511 1658 Camp.
539 1609 635 1645 Bad.
679 1605 863 1656 existimet
891 1608 1026 1644 Turio.
1057 1608 1163 1644 Flor.
1199 1609 1328 1645 Guelf.
1359 1611 1459 1648 Jens.
1489 1619 1529 1646 et

165 1666 263 1715 post.
297 1676 383 1702 ante
413 1667 507 1703 Bad.
566 1665 687 1704 Vides
718 1665 979 1701 indicativum
1011 1665 1125 1701 nullo
1157 1665 1250 1714 (nisi
1281 1666 1391 1715 quod
1419 1665 1527 1702 Alm.

162 1722 318 1767 siletur)
348 1723 491 1772 scripto
522 1722 611 1759 niti.
671 1722 979 1768 conjunctivum
1013 1732 1143 1757 tamen
1173 1735 1302 1770 neque
1334 1723 1525 1772 exemplis

164 1779 372 1816 destitutus
402 1792 608 1828 reponere,
637 1792 766 1827 neque
791 1778 912 1815 nimis
948 1778 1126 1814 festinato
1157 1778 1309 1825 judicio
1342 1779 1525 1815 damnare

164 1836 299 1872 ausim.
375 1836 483 1884 Quid
513 1835 618 1871 enim
649 1836 679 1872 si
707 1847 782 1883 pro
810 1848 856 1870 eo
891 1835 1000 1884 quod
1029 1833 1184 1882 plenius
1215 1833 1305 1871 effet
1334 1834 1529 1877 „Fallun-

164 1903 276 1935 „tun
307 1892 336 1928 fi
368 1893 439 1942 qui
463 1893 561 1933 sunt,
593 1892 665 1941 qui
695 1892 940 1928 existiment“
972 1890 1241 1939 Quintilianus
1270 1892 1436 1940 preffius
1469 1891 1530 1928 di-

167 1961 255 1986 cere
283 1951 418 2000 potuit
446 1960 513 1985 aut
542 1949 677 1986 voluit
704 1948 950 1993 „nnuman
982 1949 1052 1998 qui
1082 1946 1353 1987 existiment“?

261 2035 328 2075 74.
362 2028 551 2078 infinitior
579 2028 687 2066 Flor.
768 2029 1004 2075 jucundioris
1035 2025 1531 2076 etfavorahilisqualiscurz·

167 2092 239 2137 'que
269 2088 517 2138 eloquentiae.
576 2088 681 2121 Haec
723 2085 772 2121 est
803 2085 978 2121 constans
1007 2083 1292 2134 plerorumque
1331 2083 1530 2121 librorum

167 2143 358 2194 scriptura
389 2157 477 2180 cum
510 2142 583 2179 hac
613 2154 764 2179 tantum
793 2142 1002 2179 varietate:
1030 2141 1186 2187 jucundi
1207 2143 1282 2176 oris
1301 2140 1345 2176 in
1367 2142 1527 2178 Voff.2.

169 2211 209 2236 et
246 2201 291 2236 in
328 2199 416 2236 aliis
447 2200 573 2236 Badio
603 2200 696 2237 visis
726 2200 884 2237 divisim
913 2199 1124 2248 scriptum:
1179 2197 1394 2246 favorabili
1422 2198 1530 2236 Flor-

160 2255 450 2306 favorabilioris
489 2256 643 2306 aliquot
683 2257 770 2293 edd.
810 2270 870 2306 ap.
909 2257 1047 2292 Burm.
1089 2267 1166 2290 acc.
1209 2254 1361 2303 Gryph.
1409 2261 1531 2302 1544.

168 2313 384 2364 eloquentia
414 2315 534 2350 Goth.
564 2313 671 2354 Vols.
705 2324 742 2350 2.
782 2313 892 2350 Mihi
922 2312 1080 2349 Gesneri
1110 2311 1335 2358 conjectura
1365 2310 1412 2347 ab
1443 2311 1531 2348 lon-

1557 918 1606 962 74

170 2383 223 2421 go
253 2371 347 2407 inde
378 2382 556 2422 tempore
585 2372 629 2408 in
658 2371 763 2409 notis
797 2369 971 2422 prostans
999 2380 1152 2409 matura
1182 2366 1341 2404 tandem
1367 2367 1530 2406 videba-
1586 2370 1590 2373 '

231 2551 299 2588 73.
341 2543 434 2581 locis
460 2544 669 2585 bacchatur.
727 2544 825 2581 Non
938 2537 1302 2594 qui—existimant.
1333 2539 1418 2578 vid.
1446 2550 1531 2580 not.

172 2599 358 2650 displicet
382 2601 600 2639 observatio
619 2601 745 2642 Badii,
770 2601 824 2637 al.-
882 2600 969 2638 crit.

170 2657 261 2694 Iudi
293 2658 361 2694 hic
388 2659 437 2694 ad.
466 2658 551 2696 loca
575 2670 721 2700 terrae,
752 2670 825 2711 per
939 2668 1007 2703 74.
1033 2655 1198 2703 jucunda
1218 2655 1312 2691 auri.
1346 2652 1429 2690 vid.
1448 2663 1533 2690 not.

172 2727 272 2766 quae
289 2715 463 2754 Bacchae
482 2727 687 2768 vagantur.
883 2713 966 2754 crit.
991 2713 1212 2764 favorabile
1233 2722 1362 2749 autem
1381 2710 1455 2749 effe
1468 2709 1533 2748 cui

977 2796 1108 2832 'Uuz
