1820 3062
284 187 349 231 23
607 175 683 222 M.
737 174 872 221 ΕΑΒ.
925 176 1343 238 QmNTiLIANt

286 297 608 370 Sallustiana
654 298 906 359 brevitas,
956 320 1059 367 qua
1112 303 1251 351 nihil
1299 300 1443 366 apud
1478 317 1629 350 aures

282 395 472 427 vacuas
517 389 674 442 atque
717 379 946 427 eruditas
997 378 1164 444 potest
1200 375 1296 426 effe
1329 376 1628 442 perfectius,

282 454 426 520 apud.
469 463 783 519 occupatum
831 456 989 504 variis
1042 455 1449 520 cogitationibus
1487 453 1629 514 judi-

282 548 421 588 cem,
452 541 523 578 >et
554 529 755 595 saepius
784 531 1144 588 ineruditum,
1195 529 1446 595 captanda
1473 530 1629 578 nobis

282 606 384 656 est:
422 624 595 671 neque
629 608 719 654 illa
741 608 887 657 Livii
923 607 1090 656 lactea
1112 605 1316 671 uberth
1337 605 1452 654 satis
1472 605 1628 654 doce·-

281 684 362 732 bit
396 701 547 741 eum,
599 685 694 748 qui
728 701 839 732 11011
874 682 1099 748 speciem
1139 682 1506 748 expositionis,
1538 679 1630 729 sed.

204 770 257 806 55
281 758 442 809 fidem
476 761 694 824 quaerit.
784 759 961 819 Adde,
1011 759 1162 823 quod
1197 762 1271 808 M.
1314 759 1527 807 Tullius
1560 773 1630 805 ne

279 836 661 903 Thucydidem
691 836 911 901 quidem
933 847 1023 886 aut
1045 837 1453 902 Xenophontem
1475 833 1632 883 utiles

277 988 386 1025 Bafil.
419 990 568 1038 Gryph.
604 988 800 1034 (1536.)
860 989 1111 1024 remetior-ibus
1132 1003 1161 1024 e.
1184 988 1207 1022 l.
1241 987 1372 1023 Turic.
1398 986 1501 1022 Flor.
1534 985 1631 1032 (hio

279 1059 295 1079 a
321 1059 379 1094 pr.
402 1046 473 1091 m.)
498 1046 750 1081 [amarioribus
769 1059 797 1081 e.
822 1045 846 1081 l.
871 1045 997 1082 Guelf.
1022 1045 1180 1094 Reliqui
1200 1044 1263 1079 lib.
1287 1052 1322 1078 et
1342 1057 1429 1080 rem.
1455 1043 1630 1079 nostrum

277 1102 467 1152 probante
494 1103 733 1138 Burmanno.

365 1167 430 1201 32.
462 1172 546 1207 qua.
608 1159 740 1192 Turic.
764 1157 867 1193 Flor.
889 1159 1016 1194 Guelf.
1049 1161 1136 1208 quia
1157 1171 1244 1193 cum
1272 1157 1369 1195 Jens.
1385 1157 1473 1198 (tac.
1495 1153 1631 1199 Gesn.)

278 1216 393 1250 Tarv.
428 1225 465 1249 et
492 1213 576 1249 edd.
614 1214 750 1261 poster.
783 1226 867 1249 ante
897 1215 984 1250 Ald.
1046 1215 1118 1249 Sed
1147 1213 1250 1252 Voss.
1275 1223 1312 1248 2.
1343 1211 1492 1247 omittit
1512 1210 1628 1244 haee:

279 1271 380 1318 apud
406 1268 818 1315 vacuas—perfectius
849 1271 923 1314 (cf.
955 1280 1020 1314 30.
1051 1271 1095 1305 it.
1129 1271 1236 1313 41·).
1409 1263 1529 1315 potest
1560 1261 1630 1312 effe

277 1325 488 1374 perfectius.
559 1325 691 1360 Turic-
732 1333 843 1371 potus
874 1324 944 1374 effe
974 1325 1182 1374 pe1fect1'us.
1249 1324 1354 1360 Fior.
1387 1325 1436 1368 (a
1464 1335 1522 1370 pr.
1551 1319 1630 1369 m.)

277 1383 402 1431 potius
432 1380 501 1430 effe
528 1381 737 1429 perfectius.
799 1381 869 1416 Ille
893 1378 1001 1416 a'sec.
1031 1396 1083 1416 m.
1114 1377 1233 1428 potest
1257 1378 1326 1428 effe
1344 1378 1566 1426 perfectum,
1592 1387 1632 1414 et:

276 1440 326 1473 fic
360 1438 487 1472 Guelf.
548 1438 674 1473 Nobis
708 1438 892 1473 vetustam
922 1438 1148 1486 scripturam
1176 1435 1502 1472 considerantibus
1522 1433 1630 1469 vide-

279 1505 343 1529 tur
377 1494 586 1541 legendum
627 1497 751 1541 potius
791 1503 826 1529 et
854 1492 1065 1542 perfectius.
1309 1493 1427 1526 Livii.
1495 1489 1629 1525 Turic-

280 1551 318 1594 (a
348 1564 407 1598 pr.
441 1551 512 1596 m.)
540 1549 643 1584 Flor.
680 1550 763 1584 levi.
995 1549 1154 1584 docebit.
1214 1547 1332 1585 Goth.
1364 1545 1506 1581 decebit
1539 1557 1630 1580 cum

276 1607 383 1642 Voff.
409 1614 443 1640 2.
476 1606 562 1641 edd.
591 1616 675 1640 ante
696 1604 806 1641 Bam,
829 1618 909 1640 exc.
932 1606 1064 1653 Camp.
1085 1604 1172 1640 Ald.
1377 1600 1629 1652 expositioni&

279 1662 398 1697 Goth.
426 1664 526 1703 (err,
550 1663 682 1705 Gesn.)
715 1660 990 1710 compositionis
1012 1674 1100 1695 cum
1125 1661 1230 1698 Voss.
1256 1671 1291 1695 2.

365 1727 428 1760 53.
460 1719 580 1758 Adde,
611 1718 720 1765 quod.
784 1718 915 1753 Tui-ic.
940 1717 1042 1752 Flor.
1073 1718 1204 1752 audeo.
1237 1718 1323 1764 quia
1355 1713 1629 1760 (eumAlm.)

277 1789 297 1810 a
321 1775 387 1809 sec.
408 1787 458 1808 m.
483 1785 646 1820 uterque
673 1775 786 1808 audio
809 1776 907 1823 quia.
954 1773 1083 1808 Guelf.
1104 1774 1216 1807 audio
1239 1775 1311 1820 qui.
1371 1771 1490 1807 Goth.
1514 1771 1628 1805 audt'o

192 1839 205 1859 δ
278 1831 376 1879 quod
406 1843 494 1864 cum
527 1829 630 1866 Voff.
663 1840 697 1864 2.
740 1842 776 1865 et
803 1830 887 1865 edd.
922 1839 1005 1865 ante
1037 1829 1125 1864 Ald.
1156 1842 1236 1864 exc.
1268 1829 1400 1877 Camp.
1424 1828 1493 1875 qui
1514 1827 1627 1861 Addo

278 1887 378 1935 quod
409 1899 496 1920 cum
529 1898 649 1933 marg.
686 1886 792 1922 Bafil.
852 1887 979 1932 Hujus
1010 1897 1137 1920 autem
1170 1895 1398 1919 contextum
1429 1882 1629 1928 (multum

277 1943 396 1978 licere
426 1943 495 1977 fibi
524 1950 634 1982 rato,
684 1943 753 1990 qui
785 1941 980 1989 conjecit)
1024 1941 1157 1977 habet:
1201 1941 1312 1992 Quod
1343 1941 1462 1974 dicere
1484 1938 1629 1987 fortius

279 1999 419 2038 audeo,
450 2001 548 2047 quia.
610 1998 725 2044 Quod
754 2011 832 2034 non
868 1998 1029 2034 debebat
1057 1998 1222 2046 probare
1252 1998 1384 2032 Burm.
1406 1997 1433 2030 st
1458 1996 1629 2030 maximo

279 2067 326 2088 ex
349 2055 460 2090 libris
484 2055 593 2089 esset:
627 2054 707 2088 vid.
739 2066 799 2094 12,
828 2071 860 2095 1,
890 2062 924 2099 4.
1127 2068 1172 2088 ne
1198 2053 1307 2088 Thau.
1367 2052 1499 2088 Turic.
1522 2051 1627 2087 Flor.

279 2110 407 2146 Guelf.
441 2125 505 2145 nec
539 2110 605 2146 le.
631 2111 729 2148 Jens.
762 2112 856 2153 (tac.
890 2112 1031 2157 Gesn.)
1063 2121 1101 2147 et
1127 2109 1210 2146 edd.
1240 2109 1377 2158 poster.
1412 2118 1498 2144 ante
1531 2107 1626 2143 Bad-

279 2180 394 2217 neque
419 2167 487 2204 Th.
528 2168 623 2203 item
649 2181 713 2202 nco
735 2168 787 2203 X.
818 2168 946 2205 Guelf.

333 2299 453 2350 potest
491 2298 561 2351 eſj'e
589 2299 796 2350 perfectius.
841 2299 922 2336 vid.
982 2297 1102 2336 Addit
1123 2298 1312 2335 Gesnerus
1334 2300 1442 2334 Brut.
1464 2305 1529 2343 83.
1562 2298 1627 2334 De

276 2358 373 2394 Not.
399 2359 494 2394 Crit.
982 2366 1061 2404 opt.
1096 2369 1180 2403 gen.
1217 2355 1339 2391 Oratt.
1363 2363 1384 2398 5
1413 2365 1532 2396 ext1·.;
1564 2352 1627 2388 sed

334 2416 442 2451 Livii
473 2415 593 2450 lactea
625 2413 782 2449 ubertas.
812 2412 859 2448 cf.
886 2423 922 2453 2,
982 2412 1027 2446 de
1073 2411 1332 2447 Demosthene
1381 2409 1627 2458 Thucydidis

281 2477 317 2514 5,
345 2483 407 2518 ¹9·
982 2467 1146 2503 studioso
1158 2467 1318 2502 Lucian.
1339 2468 1423 2502 adv.
1446 2465 1526 2502 ind.
1541 2469 1574 2514 ᾗ.
1590 2474 1627 2508 [4.

338 2527 586 2574 expofitiom's.
619 2525 665 2561 cf.
689 2535 725 2569 3,
748 2538 782 2573 9,
804 2536 840 2569 7.
980 2538 1018 2574 p.
1044 2524 1145 2558 Reiz.
1177 2534 1289 2558 102.:
1322 2523 1527 2571 saepiffime
1559 2534 1626 2556 au-

337 2591 403 2624 53.
436 2583 580 2617 Tullius
595 2602 650 2609 —
668 2582 922 2631 Thucydidem.
980 2591 1056 2616 tem
1080 2581 1137 2614 uti
1161 2578 1345 2627 exemplis
1357 2576 1626 2625 Thucydideis

277 2638 640 2686 —Xenophontenn
687 2640 791 2674 Loca
814 2638 921 2674 Cice·
981 2647 1190 2683 utrumque
1209 2635 1464 2682 Dionysium,
1496 2645 1533 2669 et
1550 2634 1627 2667 Ha·

278 2694 386 2730 ronis
406 2694 492 2729 [unt
516 2695 559 2730 iu
579 2695 685 2731 Orat.
708 2707 745 2743 9.
772 2705 834 2731 12.
860 2706 922 2742 19.
979 2691 1247 2729 ficarnaffeum
1271 2701 1309 2728 et
1328 2691 1568 2740 Longinum.
