1779 3062
265 134 360 182 392
582 122 658 168 M.
693 122 836 168 FAB:
867 122 1282 184 QmNT1L1AN1

192 258 242 297 78
267 246 565 296 deserviens
578 248 642 296 iis
655 246 1018 298 ministerium.
1045 251 1286 299 Multum
1302 260 1353 298 et
1373 247 1604 315 superci-

266 326 355 373 liis
378 326 562 389 agitur.
589 326 730 373 Nam
742 336 794 373 et
809 327 991 376 oculos
1004 325 1236 376 formant
1256 327 1604 391 aliquatenus,

268 412 321 449 et
343 400 510 450 fronti
529 402 804 467 imperant.
849 403 942 452 His
970 403 1315 460 contrahitur,
1330 404 1605 460 attollitur,

269 477 597 527 demittitur:
638 489 696 526 ut
725 496 833 527 una
861 496 943 528 res
968 481 1024 527 in
1049 497 1107 527 ea
1137 479 1258 544 plus
1287 481 1470 537 valeat,
1491 478 1606 527 san-

271 556 391 619 guis
407 554 514 613 ille,
538 555 633 619 qui
653 557 846 605 mentis
872 556 1060 604 habitu
1088 565 1351 612 movetur,
1385 567 1453 613 et,
1484 571 1606 604 cum

269 629 542 680 infirmam
555 631 874 681 verecundia
889 643 1065 682 cutem
1078 633 1290 698 accepit,
1307 628 1607 681 effunditur

411 780 612 830 deserviens
634 787 689 820 iis.
718 785 780 820 Sic
792 784 908 820 Goth.
925 786 1012 829 (tac.
1029 785 1154 828 Gesn.)
1167 783 1255 821 Ald.
1270 784 1362 820 Bad.
1377 784 1414 818 d.
1428 784 1457 818 is
1474 781 1609 819 Turio·

262 834 430 886 serviens
462 840 507 872 iis
531 840 665 877 Ambr.
689 852 724 876 2.
758 840 922 890 serviens
958 842 1012 875 h1's
1035 840 1162 876 Guelf.
1193 842 1287 876 Exc.
1315 843 1467 881 Santen.
1490 839 1610 888 deser-

268 895 371 929 viens
393 895 535 943 absque
566 897 798 944 pronomine
824 896 954 946 Camp.
981 896 1184 947 olfferviens
1213 899 1260 932 iis
1280 898 1378 936 Jens.
1402 909 1490 932 cum
1517 896 1606 942 edd.

268 961 358 985 ante
381 950 468 986 Ald.
500 952 658 1001 Reliqui
681 954 717 989 d.
745 954 810 989 his.

358 1058 423 1096 73.
455 1053 669 1089 demittitur.
701 1055 834 1091 Turic.
857 1055 959 1090 Flor.
988 1056 1122 1092 Ambr.
1136 1065 1171 1092 2.
1194 1053 1319 1092 Guelf,
1340 1056 1433 1091 Exc.
1455 1057 1609 1092 Santen.

271 1103 403 1156 Camp.
434 1112 612 1144 emittitur
647 1125 736 1146 cum
762 1111 878 1146 Goth.
904 1111 1008 1147 Voff.
1037 1126 1069 1146 1.
1092 1121 1128 1146 2.
1152 1121 1189 1154 5.
1231 1110 1330 1149 Vall.
1359 1123 1395 1146 et
1417 1111 1499 1146 edd.
1523 1122 1611 1146 ante

269 1162 358 1198 Ald.
391 1166 534 1212 Regius
565 1167 758 1206 correxit,
788 1167 1006 1202 necessario.
1047 1167 1227 1203 Protinus
1260 1176 1297 1201 et
1327 1166 1430 1203 Flor.
1459 1180 1531 1215 pro
1556 1175 1608 1203 ut.

272 1219 406 1268 Camp.
440 1231 478 1254 ut
511 1222 588 1255 ulla
620 1224 657 1255 in
686 1235 740 1256 eo.
771 1222 858 1256 Ald.
885 1238 917 1257 u.
941 1223 1042 1259 nulla
1062 1237 1089 1258 r.
1119 1224 1141 1258 ι’.
1169 1238 1198 1258 e.
1220 1235 1306 1257 cum
1328 1222 1436 1257 Bafil.
1459 1223 1609 1270 Gryph-

268 1276 461 1325 Probante
494 1277 535 1311 id
568 1277 705 1324 Regio.
738 1288 902 1313 movetur
934 1288 974 1313 uc
1002 1293 1081 1313 cum
1105 1278 1222 1316 Goth.
1248 1279 1344 1317 Jens.
1367 1276 1460 1326 (tac.
1482 1280 1612 1323 Gesn.)

270 1344 362 1367 cum
396 1332 500 1369 Voff.
526 1342 561 1367 2.
596 1344 631 1368 et
663 1334 747 1369 edd.
779 1334 934 1381 posterr.
968 1346 1052 1371 ante
1087 1334 1176 1373 Ald.
1208 1335 1277 1383 qui
1308 1335 1386 1383 ipse
1408 1347 1494 1369 cum
1515 1334 1608 1369 Bad.

269 1402 370 1423 mor.
406 1402 484 1422 cum
518 1389 563 1423 ad
596 1391 710 1438 Regii
742 1401 924 1427 mentem.
963 1392 1162 1426 Diiemtio
1193 1402 1319 1426 autem
1339 1401 1424 1426 ante
1445 1391 1612 1427 Chouet.

268 1444 545 1493 perversissima
565 1445 726 1486 obtinet,
758 1457 801 1482 ut
821 1458 905 1483 ante
920 1447 1076 1496 sanguis
1096 1447 1404 1495 interpungatur.

388 1503 540 1552 accepit.
567 1502 629 1536 Sic
642 1503 772 1539 Turio.
789 1502 892 1539 Flor.
907 1503 1107 1540 cumAlm.
1129 1503 1289 1551 Reliqui
1307 1505 1454 1552 accipit
1486 1503 1611 1540 Modo

333 1640 399 1678 78.
445 1644 486 1670 ut
516 1649 588 1671 una
615 1648 670 1671 res
686 1654 742 1664 —
757 1635 915 1685 sanguis
972 1649 1128 1671 omnem
1152 1635 1399 1671 erubescendi
1419 1637 1614 1672 rationem

271 1691 350 1726 ille.
410 1692 510 1732 Hic,
551 1692 622 1727 ubi
650 1692 826 1740 plerique
856 1694 913 1727 in·
971 1703 1135 1740 ponunt.
1184 1691 1376 1738 Infirmam
1395 1694 1613 1728 verecundia

268 1757 457 1795 terpretes
481 1747 584 1782 nihil
604 1748 799 1788 viderunt,
824 1761 913 1783 cum
975 1758 1092 1783 cutem
1118 1748 1183 1782 hic
1205 1747 1373 1796 appellat
1397 1749 1503 1795 quod
1526 1748 1617 1784 aliis

269 1815 410 1849 aquam
448 1803 521 1838 sibi
567 1803 725 1839 haerere
764 1804 913 1850 testatus

271 1858 361 1893 effer
378 1860 526 1900 Burni„
549 1860 912 1908 debebantCapper.

270 1923 309 1948 et
349 1916 556 1956 Gesnerus,
615 1929 783 1964 quorum
820 1915 915 1950 alter

267 1971 447 2019 profecto
509 1971 639 2007 locum
707 1971 913 2011 intellexit,

270 2024 424 2074 aliquid
443 2027 542 2063 lucis
565 2028 771 2063 affundere.
829 2028 914 2063 Neo

273 2082 325 2117 est
351 2082 507 2118 difficile
529 2084 762 2125 attendenti,
794 2084 914 2133 ipsam

273 2151 357 2173 eam
378 2152 460 2174 rem
482 2153 609 2180 unam,
630 2154 724 2187 quae
737 2140 812 2175 fola
827 2139 914 2187 plus

270 2194 488 2243 superciliis
528 2196 570 2230 in
610 2196 736 2232 fronte
776 2197 913 2235 valeat,

271 2252 344 2286 effe
378 2251 596 2299 sanguinem
618 2253 754 2292 illum,
786 2251 914 2299 quiin

269 2306 399 2342 fronte
431 2319 498 2342 aut
533 2309 712 2357 profusus
753 2318 817 2342 aut
854 2321 913 2341 re-

268 2364 416 2411 press'us
452 2365 643 2412 pudorem
687 2375 724 2399 et
765 2374 913 2398 metum

269 2419 415 2466 prodit.
448 2421 598 2456 Diuum
619 2431 745 2456 autem
767 2421 913 2466 semper

267 2474 372 2509 mihi
391 2476 515 2510 visum
540 2477 601 2517 est,
634 2477 740 2526 quod
762 2485 911 2511 veteres

269 2544 472 2578 nunquam
503 2533 582 2567 fere
613 2532 768 2569 ruboris
801 2529 910 2565 illius

269 2586 312 2620 in
330 2599 435 2634 parte
467 2589 546 2623 oris
576 2588 700 2624 oculis
725 2587 910 2623 inferiore

268 2642 540 2685 meminerunt,
556 2645 616 2680 sed
633 2646 675 2681 in
694 2645 770 2680 sola
783 2644 910 2679 fronte

972 1803 1070 1839 locis
1092 1805 1241 1839 mollem
1258 1802 1436 1850 frontem,
1459 1804 1505 1840 cf.
1523 1804 1557 1845 6,
1573 1810 1615 1850 (f,

978 1873 1042 1894 ιι.
1104 1862 1257 1908 Accepit
1283 1870 1429 1900 autem,
1452 1873 1533 1895 non
1556 1875 1615 1896 ac-

972 1918 1073 1964 cipit,
1105 1916 1242 1951 dixiffe
1268 1916 1447 1957 videturs
1468 1926 1513 1951 ut
1536 1917 1615 1952 hoc

971 1971 1086 2008 semel
1122 1975 1176 2009 ita
1214 1972 1518 2020 uniuscujusque
1547 1985 1613 2017 na-

972 2040 1056 2063 tura
1083 2039 1351 2077 comparatum
1382 2028 1612 2063 demonstra-

973 2095 1053 2125 ret,
1084 2098 1164 2120 non
1191 2084 1346 2120 varium
1368 2094 1405 2119 et
1423 2084 1613 2120 mutabile

972 2153 1044 2188 pro
1066 2154 1218 2188 quaque
1233 2140 1440 2174 occasione.
1471 2140 1611 2187 Neque

974 2207 1100 2231 tamen
1141 2206 1244 2231 certo
1278 2195 1424 2235 dicam,
1472 2193 1612 2243 refugit:

971 2252 1160 2301 producta
1179 2265 1227 2286 an
1250 2262 1424 2299 correpta
1443 2250 1612 2299 penulti-

971 2322 1032 2342 ma
1055 2307 1308 2356 pronunciari
1329 2307 1485 2347 debean
1514 2320 1610 2355 quo-

970 2365 1074 2398 niam
1103 2365 1146 2398 in
1179 2377 1220 2398 ea
1239 2377 1280 2398 re
1300 2362 1405 2398 nihil
1425 2363 1475 2398 est
1495 2363 1610 2399 semel

968 2420 1167 2455 constituti
1186 2420 1468 2468 necperpetui3
1489 2432 1609 2467 quan-

969 2489 1083 2523 quam
1096 2476 1324 2511 concinnius
1337 2475 1506 2516 videtur,
1525 2475 1555 2508 si
1571 2484 1609 2510 et

967 2531 1051 2566 illic
1078 2532 1196 2567 fuerit
1226 2531 1478 2579 praeteritum
1511 2540 1606 2565 tem-

966 2601 1060 2636 pus,
1093 2588 1198 2635 quod
1226 2588 1350 2635 ipsum
1375 2585 1608 2635 exprimitur

965 2644 1007 2679 in
1027 2643 1232 2693 participio
1252 2651 1486 2692 temperatus.
