1779 3062
373 164 540 212 INST.
576 164 857 212 ORATOR.
889 167 1013 212 LIB.
1047 168 1133 224 XI,
1171 179 1218 223 3.
1371 179 1468 225 535

120 305 222 350 tus,
255 289 380 340 sunt
410 299 462 337 et
504 290 882 350 verecundiae,
920 303 972 341 et
997 292 1373 352 dubitationis,
1416 305 1468 343 et

121 367 503 425 admirationis,
535 376 586 414 et
609 366 992 432 indignationis
1013 372 1130 420 noti
1151 382 1202 419 et
1228 389 1469 421 commu-

117 454 211 496 1'1es
241 435 509 519 omnibus.
597 444 723 493 Solo
758 455 933 493 tamen
966 464 1029 495 eo
1062 446 1232 496 facere
1261 448 1468 513 gestum

118 522 311 572 scenici
334 538 553 586 quoque
580 520 825 571 doctores
849 522 1101 573 vitiosum
1122 535 1466 589 putaverunt.

119 601 293 650 Etiam
337 598 589 664 frequens
630 602 742 659 ejus
773 608 937 647 nutus
980 618 1093 649 non
1133 612 1270 649 caret
1304 604 1466 652 vitio:

121 678 253 726 adeo
284 680 473 738 jactare
502 676 585 734 id,
626 687 676 723 et
698 693 872 726 comas
897 679 1250 726 excutientem
1277 690 1465 737 rotare,

118 755 409 804 fanaticum
455 752 541 801 est.
640 754 966 802 Dominatur
1013 764 1190 803 autem
1239 758 1466 805 maxime
1490 772 1542 808 72

118 833 318 881 vultus.
419 834 535 879 Hoc
572 828 864 895 supplices,
917 828 1023 878 1100
1058 832 1313 890 minaces,
1362 833 1468 883 hoc

115 908 315 966 blandi,
353 907 458 956 hoc
491 906 685 965 tristes,
738 907 842 956 hoc
878 906 1098 966 hilares,
1144 909 1249 957 1100
1288 912 1468 970 erecti,

112 986 218 1036 hoc
254 983 503 1035 summiffi
533 983 734 1034 fumus.
795 985 900 1035 hoc
934 984 1171 1050 pendent
1203 985 1467 1048 homines,

112 1155 245 1180 errore
265 1137 421 1190 gustum.
450 1154 584 1177 nomen
601 1141 735 1178 Turio.
759 1139 863 1178 Flor.
885 1140 1058 1178 inserunt
1077 1142 1182 1177 inter
1201 1151 1309 1178 nutus
1331 1155 1368 1180 et
1390 1158 1467 1180 non

113 1213 202 1236 cum
232 1198 352 1238 Alm.‚
383 1198 461 1233 hoc
486 1199 646 1247 quidem
675 1211 746 1246 per
779 1198 1069 1246 compendium.
1111 1198 1194 1234 ideo
1225 1198 1344 1236 Goth.
1375 1215 1467 1236 cum

111 1256 218 1296 Voss'.
243 1265 279 1291 2.
305 1255 344 1289 id
365 1268 558 1304 comasque
581 1263 617 1290 el:
639 1257 905 1289 concutientem
927 1269 954 1287 r.
971 1255 1224 1302 phreneticum
1243 1255 1339 1292 Obr.
1357 1258 1466 1305 quod.

114 1311 344 1361 reponendo
374 1311 474 1345 infia
507 1311 540 1345 se
569 1310 762 1346 descendit
788 1311 850 1344 vir
881 1309 1141 1351 doctiffimus,
1183 1325 1401 1360 quanquam
1429 1324 1468 1350 et:

116 1379 256 1405 concut.
277 1381 351 1416 pro
375 1376 490 1403 excat.
513 1368 627 1404 Bern.
651 1380 820 1415 quoque.
841 1367 1071 1414 plurzaticum
1084 1366 1212 1403 Guelf.
1236 1368 1352 1404 Goth.
1367 1371 1468 1408 Jens.
1522 1405 1525 1407 ,

117 1428 206 1472 (tac.
237 1425 368 1470 Gesn.)
400 1437 489 1459 cum
521 1423 606 1459 edd.
636 1423 796 1472 posterr.
823 1433 908 1458 ante
927 1421 1074 1459 Rollin.
1109 1424 1352 1462 Vetustiores
1369 1425 1468 1463 libri

113 1494 260 1520 rectam
286 1482 516 1530 scripturam
543 1480 647 1516 dant.

203 1571 267 1605 72.
300 1561 538 1596 Dominatur.
579 1558 713 1595 Turio.
755 1557 982 1593 dominator.
1029 1557 1135 1594 Flor.
1168 1559 1462 1600 dominatorum,

110 1618 248 1657 Florii.
273 1621 426 1654 Santen.
452 1616 609 1662 subjicit
632 1615 694 1651 his
719 1616 756 1649 ἱη
778 1614 932 1649 dicendo
957 1628 1030 1662 pro
1058 1624 1191 1655 autem,
1214 1626 1258 1649 111
1280 1615 1466 1654 sententia

111 1675 344 1712 absolvatur.
523 1673 590 1708 hoc
601 1669 994 1719 blarchi—sumnzff.
1026 1671 1191 1707 Omittit
1211 1669 1306 1707 haec
1330 1675 1465 1710 omnia

111 1731 238 1770 Guelf.
251 1745 324 1780 pro
338 1728 547 1766 noviffimo
567 1741 716 1777 ponens
731 1726 836 1776 miffi'.
869 1728 1003 1764 Turio.
1016 1728 1121 1762 Flor.
1136 1728 1203 1762 hoc
1213 1730 1314 1763 recti.
1332 1730 1378 1765 cf.
1399 1743 1412 1764 1
1427 1743 1464 1773 1,

116 1805 154 1831 1,
171 1789 234 1824 16.
254 1788 326 1823 ubi
338 1800 419 1823 non
434 1785 631 1834 praecedit
643 1785 685 1820 C.
717 1785 776 1818 An
789 1784 841 1818 ita
864 1782 994 1818 voluit
1007 1784 1079 1829 Qu.
1095 1781 1114 1817 ἱ)
1148 1794 1192 1818 111
1213 1794 1328 1818 rectus
1349 1786 1464 1824 homo

113 1847 205 1883 effet
226 1844 290 1880 cui
311 1845 400 1879 recti
422 1842 530 1880 oculi,
562 1842 608 1876 de
632 1839 776 1888 quibus
798 1838 924 1873 Bentl.
946 1838 993 1872 ad
1012 1840 1109 1874 Hor.
1134 1840 1260 1874 Carm.
1285 1854 1316 1880 ι,
1341 1850 1378 1883 5,
1398 1849 1464 1887 13,

110 1904 220 1939 Infra
252 1901 285 1945 §.
307 1906 372 1945 82,
403 1907 559 1934 erectam
586 1909 659 1946 pro
690 1904 824 1931 rectam
850 1895 948 1932 Jens.
972 1908 1061 1929 cum
1086 1895 1170 1930 edd.
1193 1895 1352 1943 posterr.
1374 1909 1463 1935 ante

110 1959 225 1996 Bafil.
258 1959 358 1993 Mox
378 1953 513 1991 Floril.
538 1956 692 1989 Santen.
715 1952 802 1987 haec
824 1960 848 1987 t.
874 1952 962 1985 haec
983 1951 1132 2000 hylares
1152 1952 1239 1987 haec
1264 1966 1292 1987 e.
1320 1954 1462 2003 lzaecs,

111 2015 284 2067 proferre
313 2013 495 2048 debemus.
535 2010 582 2046 ab
611 2010 681 2045 hoc
711 2009 875 2056 pendent
906 2007 1071 2043 homines
1094 2009 1160 2043 hoc
1183 2011 1368 2043 intuentur
1389 2011 1460 2046 hoc,-

103 2073 279 2125 spectant:
308 2071 420 2106 etiam
457 2077 656 2117 antequam
677 2064 800 2113 sermo
830 2062 1044 2111 proferatur
1073 2065 1130 2099 hic
1160 2063 1210 2112 ⁶st
1230 2064 1265 2113 s.
1296 2079 1333 2111 p.
1367 2080 1400 2103 ο,
1422 2082 1459 2104 v,

110 2130 212 2167 mira
232 2126 411 2166 mutandi
433 2135 470 2161 et
501 2123 685 2161 turbandi
709 2121 887 2158 libidine.
947 2121 994 2155 Id
1013 2120 1144 2157 saltem
1163 2135 1244 2157 non
1268 2121 1321 2157 ita
1343 2122 1460 2167 male,

167 2276 237 2311 7²·
263 2263 475 2313 fanaticum
494 2258 556 2310 est.
590 2261 696 2309 Quid
711 2261 759 2296 [11
814 2258 987 2306 gaineum
1003 2257 1154 2306 populis
1172 2258 1376 2293 cecinerunt
1395 2261 1460 2295 tri-

103 2322 332 2372 fanaticum,
355 2320 502 2355 Lexica
517 2319 662 2366 optime
688 2318 757 2353 do·
805 2312 886 2363 stia
909 2314 1026 2353 Galli,
1042 2315 1137 2349 item
1155 2313 1315 2361 Ulpiani
1335 2312 1458 2363 (Dig.

109 2389 218 2417 cent,
260 2390 330 2413 nec
366 2388 463 2424 opus
502 2375 757 2410 demonstrare
814 2372 923 2406 XXI.
951 2370 1008 2406 tit.
1039 2384 1072 2404 1.
1107 2370 1152 2404 de
1179 2369 1306 2405 Aedil.
1327 2371 1398 2406 Ed.
1426 2371 1455 2408 l.

109 2435 199 2472 loca
237 2433 408 2483 plurima
443 2443 643 2472 veterum,
685 2431 758 2466 ubi
820 2443 855 2463 1.
907 2426 938 2470 ὦ.
976 2428 1065 2474 9.);
1115 2426 1215 2474 apud
1256 2427 1458 2469 Viviafium

110 2492 252 2528 divino
292 2488 452 2524 numine
485 2487 756 2523 instinctorum
815 2486 1013 2534 quaeritur,
1034 2481 1214 2531 siser-vus
1240 2482 1458 2530 inter-fana.

109 2548 198 2585 talis
215 2546 370 2582 habitus
385 2545 635 2593 proponitur,
660 2556 757 2592 qno-
815 2543 908 2576 ticos
940 2552 1015 2575 non
1034 2538 1182 2587 semper
1210 2548 1320 2585 caput
1333 2541 1457 2584 jacta-

109 2618 201 2641 rum
229 2602 388 2643 Badius,
414 2601 609 2635 indicante
633 2599 753 2641 Valla,
812 2607 943 2632 ret—.
974 2597 1219 2630 Burmannus
1233 2595 1277 2629 ad
1293 2595 1458 2633 Florum

108 2662 197 2697 satis
226 2671 359 2710 aptum
383 2658 512 2707 posuit
541 2657 692 2692 Lucani
719 2671 753 2695 1,
810 2653 989 2694 remittit,
1022 2651 1094 2688 ubi
1123 2650 1216 2689 vide
1246 2650 1456 2690 Dukerum

110 2717 212 2764 566:
243 2719 446 2765 crinemque
473 2721 638 2750 rotantes
660 2714 754 2751 San·
810 2720 850 2756 5,
879 2721 941 2759 19,
964 2716 1001 2754 4.
1052 2715 1054 2718 ’

170 2798 275 2835 Tom.
304 2795 378 2833 IV.
993 2789 1063 2827 Bb
