1779 3062
283 153 379 199 126
606 151 682 198 M.
720 154 855 200 ΕΑΒ.
891 118 1311 214 QUINTILIANI

208 277 588 355 17fimplicil7us
621 278 956 349 negligentes.
1034 279 1271 343 Ideoque
1300 280 1396 343 qui
1413 263 1634 328 horride

280 370 439 421 atque
461 355 810 422 incomposite
830 358 1121 421 quamlibet
1139 355 1281 405 illud
1302 354 1561 421 frigidum
1582 366 1635 404 et

277 437 437 484 inane
474 435 809 493 extulerunt,
850 436 1081 499 antiquis
1116 432 1166 481 se
1197 449 1346 498 pares
1381 433 1632 482 credunt:

282 514 379 578 qui
404 523 582 560 carent
606 513 755 561 cultu
777 522 932 576 atque
951 511 1249 568 sententiis,
1290 511 1472 559 Atticis
1497 509 1636 558 scili-

282 600 392 655 cet:
470 590 566 654 qui
629 587 869 655 praecifis
923 587 1354 638 conclusionibus
1410 585 1637 646 obscuri,

282 665 593 716 Sallustium
669 677 825 730 atque
901 665 1280 731 Thucydidem
1359 663 1635 729 superant:

279 742 448 794 tristes
474 761 530 792 ac
550 745 720 806 jejuni
741 743 1042 793 Pollionem
1081 743 1441 792 aemulantur:
1486 738 1638 791 otiofi

375 965 437 999 17.
470 954 687 1005 quamlibet.
721 953 783 989 Sic
814 952 920 988 Flor.
953 965 1041 987 cum
1067 952 1184 988 Goth.
1210 951 1312 991 Vall.
1343 952 1424 996 <sed
1443 951 1510 987 hic
1532 965 1551 986 a
1569 951 1639 991 sec.

276 1014 352 1060 m.)
386 1013 495 1048 Gesn.
518 1012 603 1060 Bip.
639 1025 747 1060 quam
771 1011 856 1044 licet
884 1011 1017 1058 Camp.
1052 1011 1115 1058 qui
1141 1010 1227 1044 licet
1258 1009 1417 1049 Turic.,
1454 1023 1473 1044 a
1497 1009 1564 1044 fec.
1585 1022 1638 1047 m.

278 1071 368 1118 quid
397 1070 493 1104 licet.
543 1068 707 1116 Reliqui
741 1066 931 1114 quidlibet.
1193 1066 1287 1100 illud
1312 1064 1513 1113 frigidum.
1575 1067 1639 1101 Sic

277 1126 412 1162 Turio.
442 1124 548 1160 Flor.
578 1124 707 1160 Guelf.
731 1125 865 1171 Camp.
895 1122 1013 1158 Goth.
1047 1122 1146 1160 Jens.
1171 1122 1262 1171 (tac.
1286 1123 1415 1168 Gesn.)
1435 1135 1523 1157 curn
1551 1123 1638 1158 edd.

277 1193 364 1218 ante
390 1181 541 1230 Gryph.
570 1193 650 1215 exc.
675 1180 768 1214 Bad.
789 1179 857 1227 qui
883 1178 1031 1213 omittit
1077 1178 1182 1213 illud.
1214 1177 1373 1226 Reliqui
1384 1177 1419 1225 f.
1442 1180 1465 1212 ι’.

362 1238 580 1273 extulerunt.
612 1236 711 1274 Jeus.
742 1237 842 1281 (non
874 1234 993 1269 Goth.
1029 1247 1102 1268 err.
1135 1235 1265 1279 Gesn.)
1311 1235 1509 1269 extulerint:
1548 1248 1639 1272 cum

276 1294 362 1331 edd.
386 1305 471 1328 ante
499 1293 587 1327 Ald.
620 1305 696 1327 acc.
718 1291 811 1326 Bad.
1049 1299 1183 1325 carent.
1216 1291 1348 1326 Turic.
1378 1300 1522 1338 parent.

360 1351 506 1386 Atticis.
548 1349 679 1384 Turic.
714 1350 752 1393 (a
781 1348 848 1383 sec.
882 1348 957 1395 m.)
995 1348 1128 1394 Camp.
1169 1349 1304 1383 atticos
1340 1360 1428 1388 cium
1461 1349 1563 1385 Voff.
1601 1360 1637 1386 2.

272 1407 349 1454 (nil
369 1406 442 1442 tale
475 1407 518 1442 in
540 1407 660 1441 Goth.
693 1404 739 1440 cf.
769 1417 831 1445 10,
871 1417 903 1443 1,
939 1417 1029 1453 109.
1062 1405 1157 1438 item
1179 1404 1244 1439 hic
1276 1406 1360 1449 24.)
1402 1404 1497 1441 Obr.
1531 1403 1643 1441 attici

274 1463 403 1501 Guelf.
429 1476 517 1498 cum
537 1461 642 1498 Voff.
673 1474 705 1497 1.
731 1470 768 1504 5.
802 1462 915 1498 Bern.
1143 1459 1297 1509 scilicet.
1330 1461 1463 1510 Camp.
1487 1463 1643 1498 omittit:

272 1534 361 1556 cum
385 1520 503 1555 Goth.
524 1518 617 1554 Bad.
856 1531 899 1552 ac
914 1521 1045 1565 jejuni.
1080 1516 1213 1552 Turio.
1237 1519 1314 1552 acie
1330 1518 1417 1562 juli,
1452 1532 1469 1552 a
1491 1519 1558 1554 sec.
1581 1532 1634 1555 m.

271 1591 315 1612 ac
348 1577 447 1622 ejuli.
479 1574 597 1611 Goth.
621 1574 719 1612 Jens.
755 1575 843 1619 (tac.
873 1578 1001 1622 Gesn.)
1030 1575 1163 1622 Camp.
1194 1582 1229 1608 et
1243 1575 1274 1619 j.
1307 1586 1397 1609 cum
1429 1574 1515 1611 edd.
1548 1585 1634 1611 ante

270 1632 358 1669 Ald.
385 1646 459 1668 acc.
486 1631 581 1666 Bad.
602 1641 639 1665 et
660 1643 756 1666 mox
777 1632 888 1670 Bam.
921 1647 962 1668 ac
977 1631 1117 1682 supini.

335 1799 398 1832 17.
433 1786 636 1836 quamlibet
681 1786 775 1821 illud
811 1785 926 1834 frigi·
980 1787 1121 1831 jurant,
1163 1787 1290 1833 Quare
1313 1782 1480 1835 suspicor
1500 1781 1633 1835 legen·

273 1847 371 1882 dum.
431 1845 584 1879 Affectu
617 1854 703 1878 nata
724 1844 926 1891 transposi-

272 1904 330 1938 tio
353 1900 540 1940 adverbii,
559 1913 652 1949 pro:
689 1900 781 1933 illud
801 1914 926 1948 quam-

272 1960 364 1994 libet
399 1957 599 2005 frigidum.
673 1955 799 1998 [Mihi
840 1968 925 1992 ante

270 2028 409 2051 vocem
438 2014 639 2063 quamlibet
671 2023 800 2047 mente
833 2025 924 2048 con-

270 2071 498 2120 cipiendum
555 2069 714 2105 videtur
765 2070 923 2118 aliquid,

270 2129 317 2162 ad
385 2126 493 2175 quod
558 2126 748 2161 referatur
817 2125 924 2162 illud.

268 2187 461 2225 Burman]

328 2298 462 2333 Atticis
488 2295 642 2345 scilicet.
702 2294 829 2330 Facile
861 2295 923 2330 da-

269 2356 355 2391 tivo
387 2354 481 2388 huic
514 2352 682 2401 applices
713 2365 760 2387 ex
779 2352 922 2400 priori-

269 2412 341 2447 bus
381 2408 620 2447 vocabulum
650 2421 770 2456 pares,
806 2409 851 2444 sc.
879 2407 923 2457 se

269 2469 430 2503 credunt.
492 2466 567 2502 Sed
596 2477 697 2501 caret
720 2465 944 2514 concinni-V

269 2535 344 2560 tate
367 2523 460 2558 haec
482 2522 621 2562 oratio,
653 2536 742 2558 cum
768 2521 921 2556 unicui-

266 2594 342 2629 que
390 2590 586 2628 praeterea
642 2589 919 2626 corruptorum

265 2636 401 2685 generi
436 2646 586 2671 certum
621 2636 806 2671 reddatur
832 2647 919 2668 ver-

265 2693 381 2730 bum:
423 2691 625 2742 superant,
672 2691 917 2731 aemulantur,

985 1843 1078 1877 dum
1103 1859 1110 1877 z
1172 1844 1290 1878 Attici
1347 1843 1438 1892 sunt:
1478 1842 1633 1893 scilicet.
1688 1855 1690 1857 “

986 1900 1139 1946 Quibus
1177 1913 1304 1935 carere
1346 1901 1529 1936 dicuntur
1551 1900 1636 1950 sen-

985 1959 1132 1997 tentiis,
1160 1958 1244 1991 [unt
1269 1971 1354 1996 eae,
1385 1971 1478 2006 quas
1501 1968 1635 1993 tracta·

982 2013 1043 2047 vit
1065 2014 1190 2049 noster
1206 2012 1231 2048 l.
1257 2020 1292 2056 3.
1327 2027 1356 2048 c.
1381 2023 1416 2057 5.
1459 2016 1558 2049 Mox
1576 2028 1635 2050 re-

983 2067 1146 2104 lativum
1172 2072 1234 2118 qui
1257 2068 1425 2106 libenter
1453 2084 1634 2118 compen-

983 2126 1176 2166 difaciam,
1207 2126 1253 2160 ad
1280 2127 1385 2174 qvod
1405 2127 1634 2162 subaudien-

983 2182 1076 2216 dum
1098 2193 1176 2217 erat
1194 2181 1296 2231 sunt,
1325 2183 1488 2218 minime
1510 2184 1634 2218 neces-

980 2238 1078 2273 sario
1100 2237 1289 2286 loquendi
1312 2239 1510 2279 amfractu,
1544 2253 1633 2274 cum

982 2292 1098 2341 tristes
1118 2309 1159 2330 ac
1174 2297 1306 2339 jejuni,
1323 2294 1434 2344 otiosi
1455 2306 1490 2331 et
1503 2294 1634 2344 supini

982 2351 1057 2385 fine
1087 2351 1148 2386 his
1178 2352 1470 2400 impedimentis
1498 2365 1633 2402 proce-

984 2407 1086 2442 dant.
1111 2407 1371 2456 Conclusiones
1391 2421 1519 2445 autern
1540 2421 1631 2444 cave

980 2464 1026 2497 ad
1047 2477 1229 2500 numeros
1247 2466 1387 2500 referas
1403 2480 1410 2500 :
1443 2467 1527 2502 sunt
1545 2464 1630 2501 sub-

981 2519 1067 2556 tiles
1119 2521 1207 2557 illae
1263 2520 1528 2571 conclusiones,
1580 2522 1627 2556 de

980 2577 1120 2624 quibus
1167 2579 1247 2626 agit
1299 2592 1335 2614 v·
1372 2591 1403 2615 c.
1460 2576 1626 2615 Cornifi-

979 2634 1062 2669 cius
1112 2645 1349 2671 memoratus
1408 2635 1537 2672 nostro
1589 2645 1625 2682 9,

977 2699 1013 2734 5,
1052 2697 1116 2738 98·
