1779 3062
265 462 386 501 tum
425 451 566 499 inter
606 448 658 498 [e
701 447 1010 498 distantium
1049 458 1290 513 tempore
1336 458 1611 498 oratorum

265 529 457 593 ingens
495 536 804 594 proventus.
884 526 986 576 Hic
1012 526 1127 573 vim
1154 519 1414 597 Caesaris,
1451 525 1610 575 indo-

265 606 376 655 lem
413 604 601 663 Coelz'i,
641 602 984 653 subtilitatem
1021 601 1236 661 Calidiz‘,
1276 602 1612 667 diligentiam
1687 639 1695 643 -

264 682 546 741 Pollionis,
597 680 909 747 dignitatem
943 673 1232 753 Meffizhze,
1288 677 1611 727 sanctitatem

269 760 447 816 Calvi,
471 760 781 826 gravitatem
791 759 958 815 Bruti,
983 774 1207 806 acumen
1223 755 1452 821 Sulpicii,
1472 772 1612 805 acer-

264 838 482 888 bitatem
510 831 676 910 Caffiz'
695 835 1034 901 reperiemus.
1096 837 1159 883 In
1181 836 1248 886 iis
1274 834 1449 892 etiam,
1469 849 1610 899 quos

262 913 367 983 ipsi
405 912 667 971 vidimus,
721 913 929 979 copiam
975 913 1225 970 Senecae,
1275 912 1418 961 vires
1445 906 1612 981 Afri-

265 994 409 1058 cami,
467 992 825 1042 maturitatem
852 985 1018 1060 Afri,
1073 988 1460 1054 jucunditatem
1496 988 1611 1038 Cri-

264 1173 360 1222 qui;
419 1171 493 1208 nisi
533 1170 642 1221 quod
680 1170 842 1208 silentur
871 1169 1124 1218 manuscripti
1149 1169 1444 1206 Burmanniani.
1559 1174 1613 1204 tes

262 1228 501 1265 nent'Goth.
562 1236 586 1262 t.
621 1228 680 1264 vel
712 1225 927 1276 Craffusque
962 1225 1179 1277 Hortensius
1207 1226 1313 1264 Ποῖ.
1376 1235 1402 1263 t.
1428 1227 1480 1266 L.
1504 1225 1615 1275 Cras*

254 1284 322 1336 sus
351 1281 640 1334 Hortenfiusque
671 1282 801 1320 Guelf-

260 171 359 218 612
583 166 660 214 Μ.
698 166 834 214 FAB.
869 165 1290 228 QUINTILIANI

265 296 410 345 diam
440 293 589 344 illam
622 293 852 344 formam
890 302 1103 342 teneant
1140 292 1207 341 L.
1243 288 1503 368 Craffus5
1540 293 1604 369 Q.

188 389 231 413 21
265 366 590 445 Hortenfius.
633 376 778 422 Tum
806 369 1002 420 deinde
1026 367 1310 437 efflorescat
1333 388 1445 421 non
1468 372 1610 421 mul-

382 1388 448 1411 ιι.
505 1374 637 1414 Verba
681 1375 775 1411 Tum
810 1373 1311 1423 deinde——proventus
1357 1388 1436 1412 om.
1477 1372 1608 1411 Guelf.

263 1429 480 1482 distantium
512 1440 718 1480 temporum
738 1431 920 1468 mendose
942 1435 1064 1468 Stoer.
1088 1443 1125 1468 et
1145 1433 1229 1468 edd.
1251 1433 1346 1482 post.
1368 1442 1455 1468 ante
1475 1433 1611 1469 Burm-

495 1490 565 1525 Hic
594 1491 680 1525 vim.
744 1489 806 1524 Sic
837 1489 970 1525 Turic.
1000 1489 1104 1526 Flor.
1137 1489 1265 1525 Guelf.
1288 1491 1421 1539 Camp.
1443 1501 1473 1525 c.
1494 1489 1613 1525 Bern.

260 1547 359 1584 Hinc
389 1560 425 1582 v.
451 1545 608 1594 reliqui.
728 1546 835 1592 Quae
866 1545 1089 1593 sequuntur,
1124 1559 1193 1585 eo.
1235 1559 1313 1595 quo
1344 1558 1437 1586 nos,
1469 1544 1610 1581 ordine

260 1602 355 1638 dant
384 1603 519 1638 Turic-
550 1601 657 1637 Flor.
688 1601 808 1638 Goth.
839 1599 931 1645 (tac.
959 1603 1087 1646 Gesn.)
1109 1604 1244 1651 Camp.
1267 1602 1341 1638 Sed
1363 1601 1467 1639 Alm.
1492 1601 1611 1638 omit·

260 1659 312 1695 tit
341 1660 506 1697 Brutum,
536 1658 758 1705 Sulpicium,
791 1655 974 1706 Cafflum;
1030 1658 1159 1694 Guelf.
1200 1672 1290 1694 curn
1318 1658 1420 1696 Voff.
1451 1668 1488 1694 2.
1523 1658 1611 1694 Pol-

262 1716 404 1751 lionem
432 1712 651 1764 Meffalam,
688 1715 853 1750 Calvum.
913 1714 1076 1763 Reliqui
1110 1715 1231 1751 modo
1271 1715 1494 1751 nominatos
1531 1725 1610 1750 tres

263 1770 409 1807 ultimo
440 1769 530 1806 loco
562 1769 771 1811 exhibent;
832 1781 877 1806 ut
910 1782 1108 1820 appareat,
1140 1771 1299 1808 omiss‘os
1328 1771 1483 1821 primo,
1513 1783 1608 1807 mox

263 1828 313 1862 ad
339 1827 555 1876 marginem
584 1837 760 1867 notatos,
821 1827 975 1863 tandem
1003 1840 1085 1863 non
1113 1829 1180 1864 suo
1210 1827 1300 1864 loco
1327 1828 1488 1864 insertos
1519 1827 1603 1863 effe.

262 1885 380 1926 Nam,
412 1894 456 1920 ut
485 1883 562 1919 hoc
591 1896 715 1919 unum
744 1896 973 1925 memorem.
1007 1897 1123 1933 quam
1152 1884 1252 1921 male
1280 1886 1459 1934 gravitas,
1486 1884 1616 1920 inter--

262 1941 376 1987 jectis
415 1939 707 1980 diffimillimis,
759 1937 939 1976 districta
979 1941 1023 1977 sit
1061 1954 1081 1976 a
1119 1942 1304 1989 (lignitate
1334 1952 1372 1978 et
1393 1939 1608 1991 sanctitate,

262 2009 381 2032 nemo
407 2010 489 2033 non
518 1996 664 2032 sentiat.
722 1998 841 2034 Nunc
877 1998 1084 2035 varietates
1122 1998 1362 2046 singulorum
1393 1998 1607 2034 verborum

262 2066 468 2103 ponemus.
530 2054 668 2090 Calidii
696 2054 776 2089 vid.
809 2053 855 2089 ad
890 2067 953 2095 ιο,
990 2068 1026 2097 1,
1060 2063 1124 2100 23.
1183 2057 1260 2091 Pro
1290 2055 1474 2092 Pollionis
1498 2054 1602 2091 Voff.

269 2124 305 2145 ι.
344 2110 505 2159 polidt's,
541 2110 674 2146 Turio.
716 2110 821 2148 Flor.
859 2111 957 2147 calvi
992 2112 1091 2161 quis,
1131 2111 1243 2147 mire.
1301 2113 1407 2148 Tum
1446 2107 1608 2159 neffalae

262 2166 399 2202 Turic.
427 2166 534 2203 Flor.
585 2164 823 2216 scantitacem
853 2167 987 2202 Turic.
1019 2166 1122 2203 Ποῖ.
1184 2168 1296 2204 calvii
1334 2169 1469 2216 Gamp.
1529 2165 1606 2202 bre-

262 2224 358 2259 viter·
394 2235 468 2271 pro
509 2224 616 2258 Bruti
655 2224 784 2259 Turio.
854 2222 1015 2271 sulpitia
1054 2224 1188 2263 Turie.
1218 2224 1324 2261 Flor.
1393 2225 1605 2259 cervitatem

263 2278 399 2314 Turic-
431 2278 535 2314 Flor.
598 2283 796 2329 reperimus
826 2279 946 2316 Goth.
977 2271 1066 2325 (the.
1098 2280 1229 2329 Gesn.)
1472 2281 1516 2316 In
1547 2282 1605 2315 iis.

264 2334 329 2370 Sic
360 2335 495 2372 Turic.
527 2336 619 2382 (nisi
649 2336 756 2385 quod
788 2348 867 2371 uno
899 2337 936 2380 I)
969 2335 1097 2373 Guelf.
1156 2337 1212 2372 his
1247 2335 1417 2386 reliqui;
1467 2337 1530 2373 sed
1559 2337 1606 2373 fi-

263 2388 396 2427 lentur
424 2393 718 2430 Burmanniani.
775 2392 938 2430 videmus
967 2394 1091 2430 stoer.
1124 2393 1292 2433 Chouet.
1323 2393 1435 2432 Leid.
1507 2394 1607 2440 iudi·
1720 2408 1730 2480 ξ

264 2457 409 2484 cantem
437 2447 558 2499 Crzspi
585 2448 692 2487 Flor.
1719 2486 1728 2541 ἰ

325 2618 389 2642 u.
441 2607 512 2642 Hic
540 2608 615 2643 vim
644 2605 811 2656 Caesaris
833 2618 902 2645 etc.
961 2609 1176 2646 racteribus
1198 2609 1444 2646 conferantur
1458 2608 1602 2657 judicia
1718 2589 1729 2652 Ξ

263 2662 366 2698 Cum
386 2663 448 2704 iis,
480 2664 550 2712 qui
581 2663 624 2699 in
653 2663 812 2711 singulis
844 2665 904 2699 vi·
962 2667 1008 2702 de
1032 2667 1172 2701 iisdem
1194 2667 1305 2714 supra
1341 2679 1403 2708 ιο,
1440 2681 1474 2706 1,
1510 2674 1601 2708 115.

261 2718 316 2753 {riu
336 2719 457 2756 verbo
475 2718 543 2756 hic
557 2719 794 2762 indicantur,
813 2719 902 2757 cha·
958 2735 1083 2772 usque
1108 2723 1155 2759 ad
1177 2723 1299 2759 finem
1323 2723 1471 2774 capitis.
1500 2722 1604 2759 Nun
