1779 3062
400 140 566 188 INST.
586 122 1262 199 ''omTon.··L1n.x11,<.›5.
1301 136 1347 184 6.
1443 147 1540 194 553

195 267 344 318 ribus
380 264 694 326 fremerent3
735 255 1220 316 et‘audjtum'eum
1252 276 1304 315 et
1336 265 1548 314 intelle-

196 355 351 393 ctum‘
371 354 448 402 et,
483 343 634 408 quod
663 344 942 408 agentibus
973 344 1160 393 ceteris
1193 344 1547 394 contumelio-

193 418 450 470 [iffimum
479 419 610 478 fuit,
646 419 925 468 laudatum
964 433 1184 483 quoque
1219 435 1283 466 ex
1314 429 1547 483 quatuor

194 497 557 548 tribunalibus
586 495 823 544 memini.
903 493 1006 542 Sed
1036 494 1142 544 hoc
1176 506 1367 546 votum
1396 493 1473 543 est
1495 504 1548 544 et

195 592 310 624 rara
346 572 600 621 felicitas:
678 585 813 634 quae
853 566 895 616 si
927 586 1040 619 non
1074 568 1210 630 affit,
1251 570 1369 621 sane
1401 569 1550 621 suffi-

195 648 297 695 ciat
329 647 392 695 ab
417 648 494 708 iis
510 646 709 711 quibus
733 647 854 711 quis
883 644 1013 694 dicit
1041 647 1253 701 audiri..'
1276 650 1420 699 Talis
1449 647 1548 698 effe
1587 678 1594 686 ,

196 723 355 773 debet
394 734 573 774 orator
606 734 658 771 et
691 723 820 772 haec
858 720 1004 771 scire.

105 871 196 907 1071
353 849 436 894 VI.
515 844 726 912 Agendi
760 855 940 895 autem
972 845 1195 895 initium
1227 847 1339 898 sine
1379 849 1551 900 dubio

195 923 492 974 secundum
515 924 657 972 vires
679 927 940 989 cujusque
959 921 1282 974 sumendum
1309 926 1397 981 effi
1441 920 1555 977 Ness

196 1019 305 1068 que
335 1018 434 1066 ego
469 1017 637 1049 annos
672 999 956 1050 definiam:
998 1019 1122 1051 cum
1145 1001 1555 1072 Demosthenem

197 1093 431 1155 puerum
489 1077 785 1128 admodum
832 1079 1064 1130 actiones
1120 1081 1412 1148 pupillares
1462 1083 1556 1156 hag-

313 1248 353 1286 6.
413 1247 639 1299 auditiosum
681 1263 763 1286 eum
792 1249 925 1286 Turio.
958 1247 1062 1286 Flor.
1105 1250 1213 1298 quod
1242 1250 1459 1287 monstrum
1489 1246 1555 1288 ne-

199 1317 287 1343 tum
307 1306 478 1343 arbitror
497 1319 546 1343 ex
566 1320 646 1344 var.
666 1305 754 1344 lect.
784 1305 901 1355 iosum
925 1307 1176 1356 superscripta
1196 1308 1290 1344 voci
1315 1310 1555 1346 contumelio·

193 1361 397 1414 fiffimum:
455 1378 546 1400 nam
577 1363 882 1412 contumeliosum
913 1363 1034 1399 Goth.
1066 1363 1163 1401 Jens.
1209 1367 1309 1410 (tac.
1343 1366 1481 1413 Gesn.)
1522 1379 1555 1403 c*

199 1421 290 1458 edd.
324 1420 419 1470 post.
452 1432 539 1457 ante
570 1421 668 1458 Obr.
701 1433 781 1456 exc.
809 1419 896 1455 Ald.
958 1421 1171 1456 memineret
1192 1422 1264 1472 sed
1288 1423 1422 1458 Turic.
1447 1423 1552 1459 Flor-

202 1486 334 1514 notum
377 1477 480 1514 Voss’.
527 1493 562 1514 1.
605 1478 705 1516 Jens.
740 1491 772 1514 e.
815 1477 902 1515 edd.
943 1476 1035 1526 post.
1080 1487 1165 1514 ante
1196 1478 1309 1514 Basil.
1349 1492 1432 1516 exc.
1464 1479 1553 1516 Am.

202 1536 463 1583 Frequentem
495 1534 763 1570 confusionem
793 1536 949 1570 notavit
980 1534 1089 1569 Gesn.
1123 1536 1166 1570 in
1198 1535 1310 1571 Ther.
1346 1549 1385 1572 v.
1406 1537 1556 1574 Votum.

195 1588 236 1641 si
275 1605 351 1627 non
388 1592 439 1627 acl
477 1593 515 1627 id
546 1590 642 1641 sane
683 1592 816 1628 Turic.
859 1590 965 1627 Flor.
1010 1603 1043 1627 e.
1083 1591 1188 1629 Alm.
1249 1592 1297 1626 ab
1335 1592 1392 1627 his
1422 1594 1556 1630 Turio.

203 1648 341 1685 Ambr.
376 1659 412 1686 2.
444 1650 578 1697 Camp.
629 1649 723 1684 dicit
753 1648 991 1685 0111.Guelf.
1048 1649 1150 1684 Mox
1178 1657 1216 1684 et:
1244 1658 1329 1684 ante
1361 1649 1449 1684 haec
1462 1648 1531 1699 scir
1532 1663 1560 1684 e

205 1717 285 1741 om.
319 1707 453 1741 Turic-
483 1705 589 1741 Flor.
621 1705 757 1741 Ambr.
791 1716 826 1741 2.
860 1719 892 1741 c.
922 1705 1026 1741 Alm.
1056 1705 1160 1743 Voff.
1202 1720 1234 1741 ι.
1252 1715 1290 1749 3.
1324 1705 1559 1755 obsequente

208 1760 426 1811 Obrechto,
461 1763 533 1811 qui
563 1772 672 1798 antea
702 1762 813 1797 debet
844 1760 927 1813 effe

329 1865 362 1889 1.
391 1852 505 1889 Inscr.
537 1853 651 1904 Quod
674 1852 729 1902 sit
753 1853 957 1901 incipiendi
987 1852 1113 1902 causas
1133 1866 1243 1904 agere
1265 1861 1408 1903 ternpus
1425 1854 1562 1893 Ambr.

210 1917 248 1946 2.
290 1909 418 1946 Guelf.
456 1910 577 1945 Goth.
620 1911 720 1949 Jens.
767 1902 805 1944 et'
842 1910 982 1958 poster.
1022 1921 1060 1945 et
1092 1911 1145 1946 ita
1155 1883 1310 1946 ‘’Turic.
1349 1911 1422 1946 nisi
1456 1911 1565 1960 quod

209 1967 299 2018 quid
336 1977 374 2002 et
407 1967 557 2015 agendi.
617 1966 749 2003 Ceteri
779 1965 1167 2033 [ilentu1.ditionis
1208 1967 1418 2016 pupillares
1457 1968 1563 2004 Flos.

266 2123 472 2160 laudatum.
507 2124 589 2160 vid.
618 2124 664 2160 ad
685 2129 724 2172 4.
745 2132 861 2170 2,57.
921 2124 989 2161 hic
1027 2138 1162 2174 graece
1201 2124 1318 2160 etiam
1349 2124 1404 2167 τὶς
1434 2124 1569 2169 locum

264 2190 407 2217 votum.
468 2182 574 2216 Mira
623 2192 662 2219 et
707 2181 862 2231 elegans
920 2181 1094 2225 haberet,
1127 2195 1208 2219 non
1230 2182 1248 2217 ὁ
1272 2178 1337 2217 ἀεῖ.

210 2238 530 2286 breviloquentia
580 2239 626 2274 de
666 2252 708 2275 re
754 2239 861 2275 votis
903 2257 907 2261 ·

211 2306 363 2332 tantum
397 2295 787 2344 comprehendenda3
816 2306 864 2331 ‚ut
907 2320 912 2323 -
982 2309 1017 2330 1.
1056 2308 1209 2345 puerum
1238 2295 1452 2331 admodum.
1492 2309 1568 2340 μει-

211 2351 305 2386 alias
325 2360 456 2387 votum
476 2352 527 2388 est
543 2366 605 2389 res
625 2353 731 2389 votis
748 2365 861 2400 expe·
923 2349 1121 2402 ρακύλλιον
1156 2348 1201 2386 :Bw
1234 2351 1388 2398 κομιδῇ,
1420 2362 1463 2388 ut
1488 2352 1566 2401 ipse

213 2409 284 2443 tita
317 2418 355 2443 et
384 2408 612 2457 ixnpetrata;
642 2410 725 2447 vid.
749 2410 861 2446 Gesn.
919 2409 1200 2445 Demosthenes
1241 2408 1318 2450 ait,
1369 2406 1439 2444 ubi
1467 2408 1568 2445 hanc

212 2464 256 2500 in
279 2464 390 2500 Thes.
917 2468 1022 2502 suam
1045 2475 1178 2502 contra
1204 2475 1352 2501 tutores
1379 2465 1497 2514 ipfius
1517 2466 1568 2502 li-

922 2533 1000 2559 tem
1024 2521 1149 2570 tangit
1168 2522 1255 2558 adv.
1286 2521 1384 2558 Mid.
1411 2531 1474 2565 23.
1508 2522 1568 2572 (p,

272 2580 402 2628 quibus
414 2581 507 2628 quis.
532 2578 660 2628 Spald.
679 2580 723 2616 in
745 2580 863 2616 Sche-
925 2588 1018 2627 539.
1047 2578 1158 2623 Rsk.)
1188 2580 1281 2614 Erat
1301 2589 1428 2614 autem
1441 2580 1571 2618 XVHI

199 2636 297 2672 ndis:
359 2635 526 2677 „Malim
548 2651 585 2687 q.
609 2638 783 2687 quisque.-
813 2636 863 2673 cf.
926 2648 1046 2671 annos
1089 2646 1220 2671 natus:
1281 2634 1366 2671 vid.
1409 2635 1519 2674 locos
1547 2650 1570 2674 a

215 2704 281 2737 „sp
300 2706 334 2734 1,
352 2693 447 2737 403⁸
465 2693 564 2730 Non
587 2695 739 2731 accedo,
763 2695 868 2733 Nam
901 2729 908 2733 ,
926 2691 1160 2743 Spaldingio,
1184 2692 1245 2729 ibi.
1267 2691 1416 2732 allatos.
1472 2730 1475 2734 ,
