1779 3062
386 159 394 168 ‘
448 164 611 211 ms'r.
647 163 926 211 ORATOR.
963 165 1084 210 Lm.
1115 165 1218 221 XI,
1260 175 1305 220 3.
1443 162 1540 219 361

203 291 372 362 genda
392 290 689 340 intentione
714 288 990 346 excitandi,
1026 306 1148 338 cum
1170 287 1546 339 summittenda

202 372 324 421 sunt
354 366 698 433 temperandi.
758 366 900 413 Nam
935 368 1105 431 prima
1138 365 1210 414 est
1247 365 1543 418 observatio
1565 381 1620 424 45

202 457 342 498 recte
364 441 776 513 pronunciandi,
808 443 1117 506 aequalitas,
1144 460 1212 491 ne
1229 442 1401 494 sermo
1426 443 1546 494 sub-

203 524 362 573 sultet
381 521 675 587 imparibus
696 518 871 585 spatiis
898 536 954 566 ac
975 517 1130 577 sonis,
1146 518 1368 570 miscens
1389 522 1550 588 longa

204 601 486 657 brevibus,
527 598 706 664 gravia
744 596 934 652 acuti5‚
975 597 1105 644 elata
1146 594 1456 656 summissis,
1498 608 1553 647 et

205 677 577 743 inaequalitate
616 675 817 723 horum
848 673 1116 733 omnium,
1166 673 1300 723 ficut
1332 675 1552 740 pedum,

209 754 482 804 claudicet.
581 749 822 802 Secunda
863 752 1136 815 varietas,
1192 749 1339 817 quod
1376 749 1554 800 solum

209 831 283 882 est
315 831 708 898 pronunciatio.
790 828 864 877 Ac
900 843 968 876 ne
1000 829 1120 892 quis
1154 844 1390 896 pugnare
1415 829 1555 878 inter
1580 848 1633 892 44

210 1000 354 1034 tatione
389 1011 419 1034 e.
443 1008 529 1033 tum.
554 996 688 1034 Ambr.
712 1006 749 1033 2.
782 998 895 1046 igitur
914 1010 948 1032 u.
965 994 999 1044 s.
1024 995 1058 1030 Ῐι.
1082 1003 1157 1030 tum
1177 1010 1211 1032 a.
1237 997 1260 1032 i.
1283 1011 1313 1032 ε.
1338 1005 1425 1033 tum.
1449 997 1559 1033 etsie

211 1054 325 1104 plane
351 1054 477 1091 Guelf.
501 1055 602 1100 (nisi
631 1056 738 1103 quod
767 1068 873 1103 ergo,
914 1064 951 1089 et
975 1053 1012 1087 hi
1031 1066 1188 1102 quoque,
1211 1066 1383 1102 quorum
1406 1065 1558 1089 utrum-

215 1125 290 1159 que
323 1123 360 1148 et
384 1113 503 1148 Goth.
536 1123 606 1147 tac.
639 1113 780 1155 Gesn.)
838 1114 899 1146 Ex
920 1110 1021 1146 Alm.
1051 1109 1154 1145 nihil
1177 1110 1335 1146 affertur
1359 1112 1432 1146 nisi
1452 1113 1559 1146 inter-

213 1171 435 1215 pretatione.
461 1170 592 1217 Camp.
616 1182 646 1204 e.
668 1167 751 1218 ¹¹·s·
779 1170 807 1203 ii
827 1181 970 1219 quoque
992 1181 1018 1202 c.
1041 1181 1076 1202 a.
1101 1169 1256 1203 intentio
1278 1165 1327 1215 eft
1351 1183 1381 1203 e.
1408 1182 1436 1203 c.
1470 1180 1563 1203 cum

214 1223 315 1262 Vall.
341 1236 377 1261 et
407 1225 491 1261 edd.
519 1234 605 1260 ante
629 1224 716 1262 Ald.
760 1228 797 1262 Is
833 1225 934 1261 enim
958 1226 1055 1272 iique
1079 1237 1168 1259 cum
1196 1225 1310 1265 Bad.;
1343 1225 1451 1274 hique
1471 1224 1562 1260 dare

215 1293 419 1317 narrantur
454 1280 556 1317 Alm.
586 1281 689 1318 Voss'.
716 1295 748 1317 1.
773 1292 808 1326 3.
840 1281 901 1316 sed
934 1283 961 1316 ii
991 1293 1132 1328 quoque
1162 1281 1266 1316 Voff.
1290 1292 1325 1316 2.
1358 1283 1563 1316 intentione

216 1337 425 1374 nobiscum
454 1338 557 1375 Voff.
581 1347 618 1381 3.
654 1337 815 1386 Reliqui
842 1339 957 1385 igitur
977 1335 1080 1381 <hoc
1104 1335 1187 1371 edd.
1213 1336 1295 1384 post
1322 1338 1453 1386 Camp.
1480 1350 1562 1374 exc.

216 1392 304 1428 Ald.
320 1395 365 1430 cf.
382 1402 416 1437 5,
444 1408 507 1435 10,
527 1396 621 1438 54.)
644 1394 723 1444 u.s.
748 1396 782 1429 h.
809 1409 836 1431 c.
862 1409 895 1429 a.
921 1394 1075 1428 intentio
1099 1390 1148 1440 est
1170 1405 1201 1426 e.
1231 1407 1258 1429 c.
1293 1394 1470 1442 Suspicor
1482 1394 1563 1441 pri-

217 1450 337 1486 mitus
369 1452 479 1486 fuiffe
502 1451 607 1500 sonis
635 1448 685 1498 est
716 1451 846 1500 hique,
878 1464 956 1500 quo
980 1449 1110 1485 minus
1135 1447 1262 1498 placet
1290 1451 1457 1486 verbum
1479 1451 1568 1488 sub·

217 1505 423 1542 stann'vum
462 1521 609 1556 ponere
647 1520 718 1556 pro
749 1507 919 1542 ablativo
958 1508 1172 1541 intentione.
1227 1508 1279 1542 Et
1308 1507 1374 1542 hic
1404 1519 1440 1542 et
1470 1519 1569 1543 mox

210 1561 407 1613 summiffis
446 1574 483 1598 ec
522 1578 591 1612 per
622 1564 818 1612 duplicem
853 1565 919 1604 M,
961 1576 1051 1611 prae
1090 1575 1168 1610 quo
1203 1563 1390 1598 Gesnerus
1427 1564 1569 1599 maluit

212 1618 331 1668 subm.
378 1622 486 1665 (Nec
516 1622 559 1656 in
587 1620 783 1669 posterum
807 1618 1104 1656 auctoritatibus
1127 1618 1377 1656 defendemus
1399 1620 1570 1655 nostram

219 1676 433 1719 rationem,
479 1690 646 1726 quacum
673 1678 806 1713 Turic-
828 1676 932 1712 Flor.
957 1676 1123 1723 semper,
1153 1676 1196 1710 ni
1225 1675 1363 1718 sallon
1393 1676 1570 1726 reliquo·

218 1745 307 1767 rum
338 1734 479 1783 optimi
507 1734 740 1783 plerumque
764 1734 1004 1782 conspiranu
1038 1732 1086 1767 cf.
1117 1743 1153 1768 et
1176 1731 1407 1780 summoveri
1433 1747 1493 1775 ιι,
1531 1748 1569 1775 1,

222 1795 288 1833 85.
326 1802 387 1830 12,
411 1801 446 1832 2,
476 1792 558 1837 15.)
588 1791 722 1826 Ambr.
746 1803 782 1827 2.
813 1790 1051 1839 postremum
1066 1787 1315 1838 summisiffet,
1345 1790 1478 1826 Turi&
1503 1805 1568 1826 au·

222 1855 314 1887 tem,
338 1847 442 1883 Flor.
474 1847 600 1882 Guelf.
625 1848 813 1883 omittunt
838 1856 873 1881 ec
890 1845 973 1894 post
997 1845 1251 1893 participium
1273 1847 1364 1894 (pro
1387 1858 1466 1894 quo
1486 1848 1570 1895 ipso

215 1899 369 1950 summis
391 1903 527 1949 Flor.).
553 1904 831 1952 inaequalitatis
852 1914 947 1937 mox
970 1903 1101 1948 Camp.
1162 1901 1245 1937 Post
1267 1903 1446 1937 claudicet
1466 1904 1569 1941 Jens.

223 1959 357 1995 inserit
376 1960 516 1995 iterum
531 1959 657 2007 sermo
688 1973 774 1995 cum
798 1959 882 1995 edd.
905 1958 1065 2007 posterr.
1090 1968 1175 1993 ante
1199 1959 1322 1994 Stoer.
1345 1958 1468 1999 male,
1499 1972 1572 1995 nec
1605 1962 1611 1965 ’

226 2015 310 2052 ullo
335 2016 535 2052 addicente
558 2017 641 2052 MS.
688 2016 812 2052 Iidem
836 2016 906 2065 qui
925 2015 992 2050 hic
1015 2025 1052 2050 et
1073 2027 1169 2051 mox
1189 2018 1222 2063 §.
1252 2022 1315 2059 45.
1331 2014 1534 2066 summiſj‘o.

306 2113 375 2154 43.
406 2107 572 2142 Secunda
605 2109 777 2144 varietas.
817 2106 951 2142 Turic.
995 2104 1102 2141 Flor.
1135 2105 1269 2141 Ambr.
1295 2115 1330 2141 2.
1365 2105 1492 2142 Guelf.
1513 2105 1572 2156 se-

226 2166 345 2200 eundo
367 2166 562 2201 varietatis
583 2176 670 2199 cum
689 2163 791 2199 Alm.
1075 2163 1174 2211 quod
1185 2161 1319 2211 solum.
1353 2163 1414 2196 Sic
1437 2163 1573 2200 Turic-

227 2221 332 2257 Flor.
361 2221 495 2256 Ambr.
525 2230 561 2256 2.
600 2220 728 2257 Guelf.
760 2233 846 2255 cum
876 2220 974 2258 Jens.
1007 2230 1044 2254 et
1071 2219 1226 2267 posterr.
1259 2230 1343 2254 ante
1374 2218 1460 2253 Ald.
1494 2232 1570 2257 ace.

227 2277 339 2313 Leid.
361 2277 508 2314 Rollin.
543 2278 617 2313 Sed
638 2276 756 2313 Goth.
773 2278 871 2325 quod
885 2275 981 2325 sola.
1014 2277 1146 2324 Camp.
1174 2290 1265 2324 quae
1276 2274 1375 2323 sola.
1411 2275 1574 2324 Reliqui

230 2347 324 2382 quae
342 2333 478 2383 solum.
526 2334 652 2371 Modo
681 2333 765 2384 post
791 2335 953 2370 varietas
981 2346 1135 2370 mecum
1160 2330 1210 2381 est
1231 2333 1419 2369 omittunt
1439 2333 1575 2369 Turic-

286 2486 353 2527 43.
383 2483 484 2532 quod
497 2481 621 2532 solum
643 2478 694 2531 efi
711 2494 873 2531 pronun·
932 2495 1028 2531 quae
1061 2480 1219 2529 quidem
1242 2491 1435 2516 mereatur
1455 2479 1578 2528 hujus

231 2539 359 2575 ciain.
401 2540 512 2575 'Non
546 2551 623 2575 tam
660 2541 873 2575 varietatem
932 2538 1105 2573 nominis
1124 2537 1340 2578 honorem,
1373 2538 1401 2572 si
1418 2539 1579 2574 varietur·

230 2593 350 2643 ipsam
392 2595 508 2631 solam
539 2596 635 2631 dicit
673 2596 744 2631 effe
781 2608 875 2643 pro·
932 2594 1012 2630 illa.
1076 2594 1199 2640 Quare
1226 2593 1366 2630 maluit
1393 2604 1579 2629 neutrum

230 2645 546 2692 nunciatione'm,
598 2653 660 2687 [ed
693 2662 776 2687 tum
811 2652 875 2687 de·
934 2664 1055 2700 genus
1073 2649 1138 2685 hic
1149 2664 1238 2698 prae
1253 2650 1456 2686 feminino.
1478 2650 1524 2686 cf.
1540 2663 1580 2698 9,

231 2722 341 2745 mum
395 2710 466 2745 effe
516 2710 876 2758 pronunciationem,
937 2714 973 2751 4,
1017 2716 1082 2752 55.
1112 2707 1209 2743 item
1238 2706 1305 2744 hic
1334 2711 1368 2757 §.
1393 2714 1459 2752 35·
1520 2709 1577 2744 Ita
