1779 3062
247 166 346 201 110
553 151 639 197 M.
675 151 810 198 FAB.
848 151 1269 214 QUINTILIANI

243 298 330 333 me
354 282 684 348 opinionem,
707 279 1103 345 quiadamnare
1128 295 1269 335 eum,
1286 288 1336 325 et
1362 268 1600 328 invisum

245 376 464 424 quoque
494 359 687 407 habere
727 357 844 407 sum
890 356 1134 406 creditus.
1217 355 1379 424 Quod
1412 356 1602 405 accidit

243 438 407 495 mihi,
473 435 606 485 dum
660 446 973 501 corruptum
1024 445 1075 482 et
1136 433 1388 483 omnibus
1449 434 1599 482 vitiis

241 513 471 563 fractum
502 512 717 561 dicendi
749 529 915 579 genus
942 528 1191 565 revocare
1238 509 1304 558 ad
1336 508 1600 559 severiora

157 591 446 654 126judicia
473 589 755 639 contendo.
835 594 979 641 Tum
1010 598 1186 637 autem
1206 586 1348 637 solus
1375 587 1464 635 hic
1488 585 1601 635 fere
1627 588 1631 592 ’

239 748 366 796 Regio
394 747 565 794 jubente,
598 760 713 795 quem
748 747 846 783 bene
868 746 1039 781 revincit
1059 745 1214 780 Badius.
1275 744 1359 779 Nec
1392 743 1443 779 ab
1460 743 1540 789 ejus
1563 752 1602 779 et

238 804 456 840 Burmanni
484 805 634 839 ratione
667 818 730 839 me
763 803 921 839 abducit
943 803 1142 838 Gisbertus
1164 803 1276 835 Roen
1296 801 1337 834 in
1358 799 1459 836 obss.
1488 800 1599 835 MSS.

238 874 392 896 mecum
435 861 754 901 communicatis,
818 873 1038 907 quanquam
1070 858 1331 893 demonstrans
1370 859 1431 895 JO.
1473 858 1601 892 Sares-

236 917 462 957 beriensem,
498 917 568 966 qui
599 917 675 952 hoc
703 916 885 965 versatum
916 916 1039 964 ipsum
1070 914 1238 963 praefert
1257 913 1438 948 Policrat.
1462 919 1498 957 8,
1535 921 1599 955 13.

236 987 276 1023 p.
310 974 403 1009 600.
444 974 562 1021 Quod
591 974 694 1008 enim
728 974 903 1009 Koenius
937 983 1061 1020 negat,
1097 981 1200 1005 recte
1238 970 1400 1005 Fabium
1431 969 1600 1017 potuiffe

238 1029 405 1066 dilatum
437 1044 456 1064 a
501 1031 534 1065 se
562 1031 605 1065 in
638 1031 748 1065 omni
782 1043 921 1077 genere
963 1027 1208 1076 eloquentiae
1241 1028 1421 1061 Senecam
1456 1023 1599 1066 dicere,

238 1087 330 1135 quia
352 1088 534 1123 restarent
553 1086 649 1121 aliae
669 1086 786 1133 hujus
811 1085 1008 1120 doctrinae
1028 1095 1154 1133 partes
1176 1083 1222 1118 ab
1243 1083 1326 1131 ipso
1349 1081 1599 1131 explicandae

237 1143 315 1178 hoe
337 1155 374 1178 et
391 1144 491 1192 seqq.
507 1142 646 1183 lib1·is;
682 1155 763 1177 non
785 1142 950 1177 attendit
971 1143 1033 1175 vir
1055 1141 1204 1180 doctus,
1221 1139 1343 1174 solum
1368 1139 1434 1173 hic
1454 1137 1598 1186 signifi-

238 1200 317 1234 cari
337 1200 488 1235 censum
510 1199 758 1247 scriptorum,
794 1211 910 1246 quem
941 1198 1066 1231 adhuc
1088 1196 1166 1243 egit
1199 1196 1340 1230 Fabius
1361 1195 1438 1230 hoc
1461 1195 1598 1242 capite,

236 1255 280 1290 in
301 1256 488 1303 cujusque
511 1254 586 1289 fine
609 1254 825 1290 collocatur
849 1255 999 1288 Seneca.
1032 1253 1078 1288 cf.
1108 1256 1141 1301 §.
1167 1259 1231 1295 75.
1272 1252 1524 1300 „Xenophon
1544 1269 1601 1280 -—

240 1311 373 1353 „inter
402 1311 659 1360 philosophos
684 1310 946 1345 reddendus.“

320 1370 419 1416 quia.
472 1368 534 1402 Sic
565 1368 697 1403 Turio.
729 1366 832 1402 Flor.
865 1367 999 1414 Camp.
1035 1378 1122 1400 cum
1159 1364 1276 1400 Goth.
1309 1365 1407 1403 Jens.
1443 1376 1481 1400 et
1511 1364 1598 1400 edd.

234 1418 394 1474 pesterr.
421 1436 507 1460 ante
528 1423 635 1460 Bafil.
675 1438 767 1473 quae
788 1424 893 1460 Voff.
921 1436 955 1458 1.
985 1421 1145 1470 Reliqui
1183 1435 1267 1469 qua.
1300 1421 1357 1457 Cf.
1385 1433 1419 1463 2,
1461 1429 1524 1465 15,
1559 1418 1598 1457 6.

321 1496 412 1522 eum,
446 1489 491 1518 et.
537 1479 665 1516 Guelf.
697 1480 845 1515 omittit
876 1489 921 1515 et.
1172 1488 1208 1512 et
1242 1478 1420 1514 omnibus.
1473 1476 1597 1513 Goth.

233 1539 326 1585 (tac.
351 1539 481 1583 Gesn.)
517 1551 562 1572 ex
585 1550 618 1572 o.
659 1549 749 1571 cum
779 1537 883 1574 Voff.
909 1545 944 1571 2.
1171 1548 1344 1570 revocare
1364 1535 1424 1570 ad.
1458 1534 1596 1571 Turic-

233 1609 263 1630 r.
287 1589 323 1628 al
351 1593 419 1638 (cf.
448 1595 558 1638 113.)
592 1593 667 1631 ad,·
707 1606 725 1626 a
746 1593 814 1627 sec.
839 1606 890 1627 m.
943 1606 970 1626 r.
1005 1592 1152 1639 aliquos
1186 1592 1246 1626 ad.
1486 1589 1591 1639 seve-

234 1653 350 1686 riora.
375 1649 623 1686 Turic.Flor.
648 1648 686 1697 (a
707 1663 764 1697 pr.
789 1662 839 1684 m.
864 1651 1045 1697 uterque)
1061 1647 1221 1696 severia.
1252 1660 1348 1682 mox
1368 1647 1437 1683 ille
1450 1646 1597 1695 severa,

234 1718 273 1743 et
297 1709 345 1743 fic
367 1708 500 1754 Camp.
532 1706 653 1741 Goth.
687 1710 776 1751 (tae.
800 1705 941 1752 Gesn.).

323 1763 414 1800 126.
467 1763 559 1798 Tum
588 1773 722 1797 autem.
756 1762 887 1796 Turio.
919 1761 1020 1796 Flor.
1054 1759 1182 1796 Guelf.
1219 1761 1352 1808 Camp.
1385 1773 1463 1805 cum
1504 1773 1595 1796 cum

234 1820 353 1857 Goth.
376 1819 479 1857 Voff.
507 1830 542 1855 2.
577 1822 671 1863 (err.
690 1821 845 1866 Burni.)
888 1820 988 1858 Jens.
1013 1819 1129 1854 Tarv.
1365 1816 1434 1851 hic.
1458 1817 1592 1853 Turic.

233 1881 274 1925 (a
297 1892 357 1927 pr.
380 1880 452 1922 m.)
482 1875 588 1912 Flor.
615 1876 708 1911 huic.

231 2016 307 2058 „de
351 2026 585 2063 quocunque
627 2025 766 2061 genere
809 2010 887 2048 elo·
944 2012 1027 2047 Nec
1057 2010 1338 2059 negligendum
1380 2010 1452 2050 est,
1484 2010 1598 2059 quid-

231 2072 488 2121 „quentium,
539 2070 609 2117 qui
639 2069 788 2105 oratori
815 2070 887 2105 suit
945 2069 1040 2117 quid
1063 2069 1120 2104 ibi
1139 2067 1397 2116 exprobratur
1417 2069 1596 2107 Senecae,

231 2127 464 2170 „in1ita11di,
496 2126 697 2174 loquerer:
732 2138 768 2162 et
797 2139 884 2161 cum
942 2125 984 2160 in
1006 2126 1054 2161 iis
1076 2125 1248 2173 quidem,
1281 2136 1376 2170 quae
1399 2124 1484 2158 sunt
1503 2122 1596 2157 reli·

231 2186 306 2226 „de
337 2184 486 2233 poetis:
532 2195 568 2219 et
600 2197 688 2218 cum
722 2184 768 2218 de
801 2196 884 2218 ora·
944 2196 1064 2229 quae,
1113 2182 1194 2226 ejus
1223 2191 1387 2228 operum
1417 2180 1593 2227 partibus

229 2242 412 2282 „toribus
468 2251 505 2276 et
557 2253 645 2275 cum
694 2241 740 2275 de
793 2240 883 2288 phi·
941 2252 1021 2274 non
1049 2237 1239 2274 inveniri.
1275 2236 1321 2270 cf.
1354 2235 1591 2273 Fab1·.Bibl.

229 2297 429 2346 „losophis
494 2297 723 2332 Romanis.“
811 2298 882 2331 Ba·
942 2295 1004 2330 lat.
1029 2296 1086 2330 ed.
1110 2296 1201 2328 Ern.
1223 2292 1362 2331 Vol.2.
1385 2307 1422 2341 p.
1445 2303 1534 2335 107.
1551 2299 1588 2337 3.
1635 2291 1644 2299 “

232 2354 332 2390 dius.
374 2354 482 2393 Hoc,
516 2353 623 2401 quod
644 2354 719 2399 jam
740 2353 882 2388 lecturi
943 2351 1164 2386 Sallustium
1197 2363 1275 2385 non
1305 2349 1428 2397 ipsum
1468 2350 1592 2398 carpit

230 2412 379 2450 sumus,
432 2411 478 2445 de
512 2412 650 2445 Seneca
684 2410 879 2455 judicium
941 2419 1007 2442 aut
1036 2407 1315 2442 irreverentius
1353 2417 1498 2447 tractat,
1528 2406 1590 2441 sed

231 2467 428 2515 quantivis
464 2466 513 2502 est
545 2466 674 2515 pretii.
738 2466 879 2505 Confe-
935 2477 1076 2513 pravos
1103 2463 1318 2498 imitatores
1338 2473 1445 2498 notat
1469 2462 1587 2511 Epist.

229 2524 393 2559 rendum
416 2535 542 2559 autem
569 2536 656 2558 cum
678 2536 722 2558 eo
736 2522 878 2558 Gellia·
942 2535 959 2555 1
974 2528 1034 2564 14.
1066 2520 1232 2555 Fortasse
1253 2530 1379 2554 tamen
1402 2520 1528 2555 noster
1552 2528 1589 2553 et

224 2593 320 2616 num
356 2581 443 2624 (12,
478 2581 535 2624 2.)
567 2580 610 2614 in
635 2592 712 2627 quo
737 2590 773 2614 et
795 2579 877 2627 ipso
937 2576 1146 2612 familiares
1178 2576 1351 2623 ejusdem
1392 2577 1586 2612 sermones

225 2637 418 2673 accusatur
452 2638 615 2671 Senecae
644 2636 877 2684 protervitas
935 2633 1114 2683 respexit.

222 2695 266 2730 in
285 2692 485 2742 carpendis
518 2704 694 2729 veterum
715 2692 876 2740 scriptis.
