1779 3062
407 145 574 192 ms‘r.
615 145 897 194 ORATOR.
936 146 1060 193 Lm.
1096 133 1220 207 xit,
1257 163 1304 208 9.

184 283 348 338 quam
393 289 477 322 res
523 274 755 339 patietur
800 274 1062 339 plurima,
1115 285 1193 335 et,

1444 159 1544 210 597

1250 286 1312 324 ut
1340 278 1546 328 Demo-

185 349 393 399 sthenes
421 352 507 409 ait,
548 351 592 400 [i
627 351 916 417 continget,
958 364 1011 402 et
1038 351 1257 419 sculpta.
1301 354 1404 402 Sed
1434 355 1541 405 hoc

180 437 276 477 aut
307 429 512 494 primae
544 429 796 486 actiones,
835 441 927 479 aut
951 447 1087 497 quae
1121 431 1180 480 in
1204 431 1433 498 publicis
1454 436 1540 495 ju·-

303 581 368 619 16.
400 596 511 633 quam
531 594 600 617 res.
661 580 725 617 Sic
742 582 876 618 Turic-
902 582 1006 620 F'lor.
1031 584 1160 621 Guelf.
1184 583 1305 621 Goth.
1326 586 1424 624 J‘ens.
1442 588 1537 632 (tae.

181 640 312 685 Gesn.)
341 650 378 675 et
400 641 486 676 edd.
511 652 646 675 omnes
668 648 755 674 ante
772 640 907 676 Burm.
931 642 1002 688 qui
1022 643 1175 690 primus
1195 643 1238 678 in
1259 653 1444 678 contextu
1463 656 1538 691 po-

179 697 256 734 suit
291 711 423 747 quum‚
455 711 503 732 ne
533 695 704 732 verbulo
737 695 898 745 quidem
929 697 976 732 de
1002 699 1221 734 mutatione
1253 712 1430 739 monens,
1460 699 1537 734 nisi

176 753 286 803 qluod
309 753 558 789 Obrechtum
578 766 691 801 quam
710 752 799 788 dare
825 755 1040 795 annotavit,
1074 755 1179 802 quasi
1200 768 1296 791 vero
1316 768 1397 790 non
1414 755 1537 791 ceteri

176 824 326 847 omnes-

389 811 506 851 Hmc,
539 820 577 845 et
596 823 643 846 ΘΧ
665 809 848 845 consensu
868 823 1063 851 meorum,
1096 822 1246 847 tantum
1276 825 1358 848 non
1381 823 1536 847 certum

177 868 229 903 est
258 867 436 919 reliquos
472 867 588 902 etiam
615 866 698 902 rnss'.
723 879 834 914 quam
864 866 1072 903 exhibere:
1108 869 1216 916 quod
1237 868 1408 904 restitui:
1442 881 1536 904 nam

179 916 290 960 Gesn.
319 934 357 959 et
388 923 476 971 Bip.
506 925 777 959 Burmannum
807 923 927 959 secuti
956 924 1387 973 sunt;Cappe1·.non
1420 923 1533 962 item.

174 983 346 1030 patiatur
378 979 499 1016 Goth.
533 981 632 1018 Jens.
666 989 704 1015 e't
731 980 818 1015 edd.
843 981 938 1029 post.
962 991 1049 1017 ante
1070 981 1160 1016 Ald.

176 1050 255 1074 om.
277 1035 408 1073 Guelf.
430 1036 549 1073 Goth.
580 1036 671 1082 (tac.
694 1036 827 1081 Gesn.)
848 1049 880 1073 c.
903 1039 1007 1076 Voss.
1033 1051 1067 1074 1.
1090 1048 1128 1073 2.
1149 1047 1187 1082 3.

463 1096 703 1142 contingeret,
715 1093 869 1143 sculpta
892 1094 1001 1131 dedit
1015 1094 1112 1132 Obr.
1141 1095 1251 1145 quod
1280 1095 1409 1143 aptius
1445 1095 1532 1130 sane

172 1103 243 1142 pta
265 1094 400 1142 Camp.

172 1151 333 1188 videtur
356 1151 399 1185 in
421 1164 463 1186 re
485 1164 583 1199 quae
601 1150 690 1186 fieri
710 1163 791 1186 non
812 1151 926 1187 facile
947 1153 1085 1202 potest.

1220 991 1258 1017 et:
1279 992 1366 1017 ante
1382 980 1538 1030 sculpta

1307 1041 1422 1074 etzam
1433 1037 1536 1086 scul-

1125 1153 1211 1189 Nos
1232 1164 1361 1188 tamen
1382 1152 1425 1187 in
1443 1163 1535 1187 ver-

172 1207 236 1244 bis
257 1222 306 1243 ex
327 1207 406 1244 alio
429 1208 617 1256 scriptore
647 1208 834 1257 sumptis,
861 1209 1033 1246 necdum
1063 1210 1257 1250 inventis,
1295 1223 1315 1244 a
1347 1208 1535 1245 codicum

170 1265 360 1314 scriptura
389 1265 571 1300 recedere
606 1264 712 1300 nefas
743 1265 943 1301 duximus.

170 1331 215 1356 nt
233 1324 355 1370 prima
383 1324 542 1366 actionis
573 1322 708 1357 Turic.
731 1321 838 1359 Flor.

171 1390 252 1415 om.
281 1379 416 1415 Turic.
449 1378 555 1415 Flor.
581 1379 716 1428 Camp.
742 1391 774 1416 c.
793 1378 899 1415 Alm.

228 1530 341 1567 quam
370 1529 426 1551 res
450 1518 617 1565 patietur
644 1515 820 1565 plurima.

170 1572 280 1610 Alibi
313 1574 430 1610 etiam
472 1573 592 1610 obvia
628 1574 678 1609 est
710 1575 823 1620 traje-

169 1631 249 1666 ctio
268 1629 482 1680 particulae
504 1644 616 1680 quam
634 1630 677 1665 in
697 1631 821 1667 verbo

167 1686 273 1737 poffe
305 1690 433 1736 (quam
453 1684 602 1737 poffum
626 1687 821 1736 plurima),

168 1746 282 1792 cujus
311 1745 441 1780 vicem
472 1744 587 1793 plane
614 1743 718 1792 gerit
741 1744 822 1779 for-

169 1801 277 1836 mula
302 1814 358 1836 res
382 1803 537 1850 patitur.

228 1868 270 1894 ut
290 1855 552 1906 Demosthenes
575 1858 641 1892 ait.

169 1915 296 1958 „dum
316 1915 467 1955 inveni,
490 1912 571 1951 ubi.
601 1914 676 1950 Sed
697 1913 823 1950 multa

169 1971 430 2015 „Plutarchus
461 1971 505 2006 in
537 1970 618 2007 vita
646 1985 685 2021 p.
715 1977 821 2014 1557

165 2030 250 2078 ‚sq.
269 2042 388 2078 quam
407 2027 556 2087 fugerit
577 2041 625 2064 ex
645 2039 822 2077 tempore

168 2086 340 2128 „dicere‚
361 2098 556 2134 quamque
578 2099 620 2121 ea
638 2085 681 2122 in
700 2098 743 2123 re
755 2087 823 2120 Pe-

165 2142 335 2185 „riclem
355 2142 534 2178 imitatus
556 2143 644 2178 sit.“
669 2142 823 2179 Gesne1.

166 2200 329 2237 Dixerit
357 2199 435 2235 hoc
454 2199 739 2236 Demosthenes
764 2212 824 2235 re-

169 2257 363 2306 spondens
383 2256 615 2296 adversario,
631 2257 702 2307 qui
720 2254 824 2292 illud

171 2314 211 2349 ei
228 2312 445 2361 objeeiffet:
477 2313 577 2349 licut
595 2312 740 2351 factum
762 2313 824 2349 vi-

174 2371 312 2406 demus
358 2370 403 2405 in
449 2370 649 2413 Midiana,
685 2371 759 2408 ubi
787 2371 823 2406 fe

681 1857 822 1898 „Non-

173 2424 354 2471 ἐσκέφθαι
381 2425 440 2461 καὶ
469 2433 687 2476 μεριμνῆσαι
707 2427 753 2465 τὰ
775 2425 824 2463 δι’·

173 2499 261 2520 καια
292 2483 414 2533 λέγειν
443 2484 643 2527 concedit,
675 2498 714 2523 et
743 2486 821 2523 alio

175 2551 286 2577 acute
306 2541 411 2577 dicto
433 2539 556 2577 telum
569 2541 670 2579 illud
690 2544 825 2581 adver-

176 2598 265 2634 sa‘rii
285 2608 501 2647 retorquet.
528 2602 665 2650 Itaque
684 2600 727 2638 in
745 2602 826 2637 lien-

176 2655 220 2691 su
259 2655 476 2691 verborum
507 2656 657 2708 seulpta
691 2659 826 2699 dicere,

179 2712 252 2762 qui
273 2724 405 2750 merus
424 2712 476 2749 est
494 2716 621 2765 jocus,
633 2728 715 2752 non
727 2713 828 2752 mu'l-

1124 1265 1293 1316 sculptas
1324 1274 1360 1300 et
1391 1276 1431 1301 uc
1461 1265 1534 1300 hoc

891 1320 1083 1371 sed-haec
1112 1324 1250 1372 Camp.
1310 1323 1412 1357 Mox
1440 1333 1536 1371 quae

1189 1380 1350 1429 publicis
1365 1380 1535 1426 judiciis·

881 1527 968 1553 tum
995 1516 1279 1560 laborandum3
1312 1528 1538 1566 quanquam

880 1574 1008 1620 major
1040 1574 1177 1622 utique
1210 1587 1301 1610 cura
1338 1574 1382 1609 in
1415 1585 1539 1622 expo·

880 1630 1039 1671 liendis,
1069 1644 1166 1679 quae
1191 1630 1368 1666 dicturus
1391 1628 1441 1666 est
1453 1642 1537 1665 ora-

881 1698 985 1729 tor,v
1028 1687 1266 1735 exprimitur
1306 1687 1386 1723 hoc
1416 1684 1538 1721 nimii

880 1744 1006 1780 sensus
1029 1744 1176 1785 verbo;
1223 1744 1290 1779 cui
1322 1743 1539 1792 aptandum

881 1800 1036 1836 fortasse
1056 1802 1288 1848 contingeret
1319 1799 1420 1845 (vid.
1450 1809 1537 1835 not.

882 1857 1004 1902 crit.).
1054 1855 1292 1904 Gedoynum
1313 1866 1443 1891 autem
1464 1855 1538 1905 qui

881 1914 1003 1960 vertit
1035 1924 1112 1957 „et
1149 1915 1278 1949 meme
1309 1911 1409 1962 qu'il
1439 1911 1538 1948 n'ait

880 1970 1173 2021 ‚,perfect1'onne',
1190 1970 1248 2007 Pil
1270 1985 1298 2020 y
1319 1984 1339 2005 a
1358 1973 1537 2018 moyen“

880 2029 924 2064 in
949 2041 1122 2065 errorem
1142 2028 1353 2065 inductum
1377 2025 1493 2063 credo
1515 2038 1539 2061 a

880 2084 1090 2122 Philandri
1124 2096 1240 2127 nota.
1295 2082 1538 2120 observantis

885 2141 1178 2192 Quintilianum
1191 2142 1423 2184 11ic‚contra
1432 2139 1538 2175 Dio-

880 2200 1010 2237 medis
1039 2199 1241 2248 regulam,
1273 2178 1410 2234 dixiffe
1434 2193 1539 2245 stult

879 2267 950 2308 pta
970 2270 1044 2306 pro
1059 2255 1224 2306 scalpta.
1255 2254 1409 2303 Quippe
1430 2252 1536 2289 Dio-

881 2315 1014 2352 medes
1048 2314 1109 2359 (V.
1142 2313 1253 2351 Gesn.
1278 2308 1409 2353 Thes.)
1431 2307 1536 2358 βαῖ-

880 2386 969 2423 pere
1000 2371 1111 2408 omni
1143 2372 1250 2407 sensu
1286 2368 1436 2416 semper
1472 2364 1533 2401 di-

882 2429 1051 2465 cendum
1089 2425 1302 2463 contendit.
1374 2422 1534 2471 Gedoy-

881 2499 956 2522 nus
978 2496 1108 2521 autem
1126 2484 1284 2521 videtur
1294 2481 1423 2518 neseio
1435 2478 1535 2530 quid

884 2543 932 2579 de
968 2542 1114 2591 scalpro
1145 2538 1346 2577 eradendis
1387 2537 1534 2575 litteris

883 2598 1129 2638 intellexiste.

945 2716 989 2752 in
1015 2714 1173 2765 publicis
1200 2711 1366 2761 judiciis.
1421 2710 1546 2757 Dum,
