1779 3062
455 156 622 205 INST.
657 157 935 207 ORATOR.
970 159 1091 206 Lm.
1124 160 1237 219 XII,
1258 172 1303 218 3.
1441 165 1544 222 539·

204 279 488 331 advocatos
527 284 852 349 interroget?
900 283 1074 336 Potest
1105 295 1280 335 autem
1314 284 1430 336 satis
1457 287 1538 337 di·
1566 304 1592 341 5

201 357 427 422 ligenter
463 361 722 425 accipere,
767 376 900 423 quae
935 373 1050 412 tum
1084 363 1287 422 audiet,
1337 382 1457 413 cum
1489 366 1540 413 ei

201 433 426 482 dicenda
458 433 616 485 sunt?
657 446 749 482 aut
783 435 992 487 fortiter
1023 436 1301 497 affirmare,
1337 451 1427 489 aut
1457 443 1541 490 in-

201 527 376 575 genue
409 528 508 576 pro
542 511 648 561 suis
680 510 890 559 dicere?
946 515 1092 578 poffit
1123 517 1181 561 in
1214 517 1539 564 actionibus:

201 586 338 651 quid
374 586 470 636 fiet
509 589 568 637 in
611 586 972 644 altercatione,
1021 588 1117 637 ubi
1149 589 1540 639 occurrendum

203 664 481 721 continue,
501 679 598 711 nec
627 663 792 711 libera
824 661 890 710 ad
926 661 1235 714 discendum
1260 682 1411 715 mora
1432 666 1540 716 est?

203 738 365 806 Quid,
405 737 446 787 si
482 738 622 788 forte
656 741 857 805 peritus
888 741 1016 799 juris
1050 741 1143 789 ille
1185 759 1297 790 non
1337 742 1541 790 aderit?

203 815 365 884 Quid,
405 815 447 863 si
477 817 597 879 quis
627 833 739 865 non
770 814 890 865 satis
920 816 978 864 in
1010 832 1068 863 ea
1098 833 1154 865 re
1193 817 1408 876 doctus,
1445 816 1544 865 fal-

201 891 318 941 sum
354 892 560 957 aliquid.
588 891 903 954 subjecerit?
977 895 1095 942 Hoc
1133 895 1276 941 enim
1320 893 1393 942 est
1433 911 1545 943 ma-

201 969 407 1019 ximum
440 970 772 1033 ignorantiae
801 970 1020 1027 malum,
1058 969 1207 1035 quod.
1230 970 1395 1018 credit
1417 987 1545 1020 eum

199 1044 355 1103 scire,
402 1047 498 1109 qui
538 1056 767 1096 moneat.
853 1048 1049 1110 Neque
1088 1062 1186 1111 ego
1223 1045 1339 1095 sum
1378 1045 1545 1096 nostri
1575 1051 1603 1095 4

198 1123 365 1172 ‘moris
400 1124 642 1188 ignarus,
710 1124 976 1173 oblitusve
1011 1139 1223 1182 eorum,
1268 1125 1365 1189 qui
1394 1125 1546 1174 velut

201 1198 268 1247 ad.
302 1201 503 1249 arculas
523 1199 744 1268 {sedenn
784 1211 835 1248 et
876 1201 980 1248 tela
1014 1201 1294 1265 agentibus
1327 1200 1547 1250 summi-'-

111 1275 448 1326 2'066niftrant:
527 1294 703 1344 neque
746 1276 892 1326 idern
925 1279 1150 1326 Graecos
1194 1293 1413 1344 quoque
1453 1295 1546 1327 ne-

317 1452 356 1488 5.
418 1441 540 1493 Potest
572 1453 638 1481 aut
665 1445 763 1483 Jens.
794 1447 922 1487 (mero
954 1442 1173 1492 sphalmate,
1207 1443 1394 1492 quoniam
1425 1457 1472 1480 ne
1502 1444 1548 1480 in

202 1501 320 1537 Tarv.
366 1502 557 1548 quidem)
599 1501 686 1537 Ald.
729 1501 821 1536 Bad.
861 1499 972 1535 Bam.
1014 1500 1170 1548 ingrato
1214 1500 1406 1548 asyndeto.
1468 1515 1549 1536 cum.

202 1558 399 1594 adicienda
422 1557 512 1607 sunt
540 1558 676 1593 Turio.
706 1557 811 1593 Flor.
841 1556 975 1591 Ambr.
1010 1566 1046 1592 2.
1080 1569 1112 1591 c.
1144 1556 1248 1593 Alm.
1309 1570 1336 1591 c.
1370 1557 1548 1602 adjicien-

200 1614 253 1648 da
275 1613 310 1662 s.
343 1615 476 1663 Camp.
509 1614 613 1651 Voff.
652 1627 684 1649 1.
717 1623 756 1657 3.
825 1626 854 1649 c.
884 1612 1039 1648 dicenda
1061 1610 1096 1661 s
1128 1611 1257 1648 Guelf.
1288 1613 1406 1648 Goth.
1440 1615 1542 1657 (tac.

202 1668 335 1717 Gesn.)
395 1674 552 1719 ingenue
590 1668 704 1720 poffit
739 1683 809 1718 pro
834 1667 912 1717 suis
943 1669 1062 1705 dicero
1093 1670 1130 1704 in
1159 1677 1230 1704 act.
1261 1670 1359 1708 Jens.
1392 1682 1423 1704 c.
1459 1669 1547 1706 edd.

201 1726 298 1776 post.
329 1738 415 1763 ante
446 1727 534 1763 Ald.
570 1727 640 1775 qui
670 1726 782 1776 plane
815 1725 961 1761 omittit
991 1726 1157 1762 verbum
1186 1723 1313 1775 poffit.
1370 1725 1446 1774 fiet
1468 1738 1548 1761 om.

203 1783 326 1819 Goth.
356 1784 458 1822 Vall.
511 1783 546 1830 f.
582 1784 824 1818 incarcatione
852 1781 956 1817 Flor.
1020 1782 1070 1817 ad
1089 1782 1283 1816 dicendum
1304 1781 1423 1817 Goth.
1453 1786 1543 1825 (tac.

206 1840 339 1885 Gesn.)
384 1853 450 1875 ora
480 1839 583 1875 Flor.
626 1840 718 1875 hora
748 1839 880 1886 Camp.
927 1839 1026 1886 quod
1049 1836 1086 1886 si
1108 1836 1216 1884 'forte
1247 1838 1379 1873 Turic.
1412 1837 1545 1886 Camp.

206 1895 330 1932 aderit
361 1905 398 1931 et
428 1896 517 1945 quid
547 1896 680 1945 Camp.
742 1909 778 1932 a.
809 1894 907 1944 quod
935 1895 1034 1933 Jens.
1096 1906 1170 1930 non
1191 1891 1289 1943 sacis
1320 1905 1397 1930 om.
1415 1893 1544 1931 Guelf.

205 1956 368 1989 maxime
396 1952 500 1989 Flor-

325 2037 360 2075 4.
415 2028 721 2080 sumnzinr'firant.
785 2031 870 2067 ΜΠ.
908 2031 977 2066 hic
1016 2030 1177 2079 quidem
1208 2028 1327 2077 subm.
1401 2029 1547 2068 Graeco
1608 2050 1611 2053 “

206 2087 342 2125 Turic.
375 2087 512 2124 omiffo
545 2101 700 2138 quoque.
760 2087 852 2137 tusis
884 2100 955 2137 pro
989 2085 1103 2136 causis
1130 2085 1235 2123 Flor.

263 2254 299 2289 5.
327 2248 365 2281 in
383 2247 637 2284 altercatione.
660 2246 790 2285 chlib.
807 2247 844 2284 6.
906 2260 1002 2283 mox
1026 2246 1169 2282 hastam
1194 2245 1392 2294 capessens.
1437 2245 1552 2283 Certe

204 2314 287 2352 cap.
311 2310 349 2350 4.
908 2304 1051 2354 quibus
1083 2303 1216 2339 arculis
1246 2302 1289 2338 in
1317 2302 1402 2351 ipso
1437 2314 1551 2349 proe-

907 2360 965 2397 lio
996 2358 1152 2410 affidare
1180 2357 1355 2408 potuerit
1386 2358 1551 2395 Achates

264 2420 303 2461 4.
336 2416 438 2452 velut
470 2418 520 2452 ad
540 2415 850 2466 arculas—sum·
907 2430 989 2452 non
1016 2417 1159 2456 video,
1203 2416 1281 2450 five
1309 2413 1352 2448 in
1375 2414 1457 2462 ipso
1492 2428 1552 2452 eas

209 2469 425 2520 ministrant.
459 2473 517 2509 Cf.
548 2480 585 2515 5,
608 2482 646 2517 7,
669 2479 706 2517 8.
771 2474 851 2510 Ne·
909 2486 1025 2508 curru
1061 2471 1226 2508 militari
1264 2482 1353 2506 cum
1383 2471 1551 2507 Gesnero

208 2528 286 2563 fcio
326 2539 452 2563 autem
487 2543 600 2577 quam
631 2529 729 2566 bene
757 2542 851 2579 pro·
908 2529 1046 2577 fingas,
1065 2529 1143 2565 five
1162 2527 1268 2564 alibi.
1299 2527 1426 2573 Quare
1441 2527 1552 2564 iuiss‘e

207 2595 352 2619 vocant
372 2585 417 2620 ad
439 2586 552 2634 Virg.
566 2585 660 2622 Aen.
680 2599 744 2627 ιο,
758 2595 851 2630 333.
910 2585 1002 2621 tales
1015 2584 1182 2634 suspicor
1193 2585 1233 2618 in
1245 2583 1433 2632 palaestris
1448 2582 1552 2619 aliis-

208 2639 280 2675 ubi
310 2641 474 2677 Achatae
501 2641 683 2678 inclamat
706 2643 852 2678 Aeneas
908 2654 957 2677 ve
981 2641 1259 2678 exercitiorum
1280 2638 1390 2677 locis.
1415 2642 1554 2678 Bum-

209 2696 373 2745 Suggere
407 2699 495 2735 tela·
515 2698 625 2740 mihi,
674 2711 853 2749 magnam
911 2710 1052 2735 MANE.
