1779 3062
403 162 570 207 INST.
616 161 897 208 ORATOR.
943 163 1064 208 Lm.
1109 164 1181 218 x,
1230 176 1273 208 1.
1444 174 1508 220 33

154 306 278 340 rum
324 288 469 337 idern
512 288 772 337 Horatius
814 284 927 334 fere
973 286 1117 338 solus
1156 289 1262 354 legi
1297 289 1509 356 dignus.

152 368 295 416 Nam
328 377 380 414 et
408 364 635 430 insurgit
667 363 984 428 aliquando,
1018 376 1069 412 et
1102 367 1290 430 plenus
1324 367 1398 415 est
1425 372 1510 429 iu·

153 443 436 492 cunditatis
465 454 515 490 et
541 443 758 506 gratiae,
794 451 845 489 et
870 442 1030 490 variis
1057 440 1237 506 figuris
1263 455 1314 492 et
1332 446 1511 495 verbis

150 519 435 569 feliciffime
468 519 652 583 audax,
734 519 788 567 Si
818 518 1087 583 quendam
1112 520 1335 580 adjicere
1358 524 1511 581 velis,

149 598 194 647 is
223 599 322 646 erit
363 594 572 668 Caefius
597 591 814 669 Bastiae,
851 613 1012 661 quem
1047 614 1223 662 nuper
1246 598 1512 650 vidimus:

151 723 186 744 a.
220 707 348 743 Guelf.
372 707 519 743 omittit
540 719 627 741 cum
647 707 752 744 Voss.
782 720 816 741 1.
839 714 876 749 5.

473 763 576 798 Illud
612 774 739 798 autem
771 763 880 797 Ruso.

151 822 271 857 Goth.
299 823 394 865 (tac.
420 821 558 865 Gesn.)
589 820 738 855 omittit
754 817 872 867 solus.

579 876 719 924 figuris
741 884 777 910 et
796 876 928 914 verbis.

151 765 234 813 ait),
265 765 327 799 sed
348 765 412 800 At.

150 879 300 914 omittit
322 886 368 914 ec.

150 948 241 970 cum
265 934 349 969 edd.
370 935 507 983 poster.
529 945 614 968 ante
641 933 726 968 Ald.

142 989 367 1040 ferociſjime
387 1005 475 1026 cum
499 989 608 1025 ssodl.
634 989 712 1025 Bal.
733 991 832 1028 Jens.
857 991 972 1025 Tarv.

150 1047 279 1083 Guelf.
305 1048 450 1097 quidem
474 1047 605 1083 Turio.
628 1059 718 1081 cum
741 1047 842 1083 Voff.
873 1061 905 1081 1.

150 1116 231 1140 erat
257 1118 362 1153 quem
397 1105 550 1139 tamen?

774 1104 945 1147 adjicere.

935 706 1020 742 Nec
1039 707 1173 743 Locat.
1195 708 1255 743 An
1286 708 1350 753 (ut
1372 711 1509 748 Burm.

1113 764 1201 812 legi.
1263 765 1390 800 Guelf.
1414 767 1510 814 lege.

1092 822 1194 857 Nam
1219 830 1255 856 et
1281 821 1346 870 ins.
1379 822 1508 858 Guelf.

989 879 1088 915 Jens.
1111 880 1199 921 (tac.
1218 879 1347 919 Gesn.)
1367 893 1402 914 υ.
1425 893 1455 913 e.
1471 877 1513 926 f.

868 932 1089 983 felicffltne.
1135 936 1266 970 Turio.
1285 935 1323 978 (a
1345 936 1412 970 sec.
1436 936 1513 982 m.)

1209 992 1404 1041 quendam.
1446 991 1511 1026 Sic

966 1047 1127 1096 Reliqui
1148 1062 1267 1099 quem.
1326 1050 1387 1084 An
1409 1048 1511 1083 forte

1010 1105 1141 1140 Turic.
1181 1106 1328 1141 adicere
1364 1104 1441 1150 (cf.
1473 1115 1512 1152 9,

151 1170 189 1206 5,
219 1172 278 1208 19.
314 1169 350 1204 5,
381 1161 417 1201 6,
451 1162 544 1203 10.)
603 1158 706 1194 Flor.
729 1174 772 1195 ac
791 1160 929 1200 dicere,
962 1163 1067 1196 asec.
1093 1175 1144 1198 m.
1180 1162 1365 1197 addicere.

234 1219 263 1253 is
293 1220 374 1252 erit.

435 1217 566 1252 Turic.
606 1217 737 1264 Camp.
770 1229 859 1251 cum
896 1218 1013 1254 Goth.
1047 1219 1153 1254 Voss.
1189 1229 1224 1254 2.
1257 1219 1447 1253 omittunt
1467 1220 1510 1259 is,

147 1273 254 1310 Flor.
288 1277 336 1318 (a
366 1288 424 1322 pr.
460 1275 541 1317 m.)
573 1284 780 1320 utramque
811 1287 972 1315 vocem,
1005 1276 1103 1312 Jenf.
1139 1274 1261 1310 solum
1297 1277 1386 1314 erit,
1420 1287 1511 1309 cum

150 1331 236 1366 edd.
263 1330 402 1378 poster.
434 1341 519 1365 ante
541 1329 629 1364 Ald.

150 1388 266 1423 Tarv.
292 1385 377 1422 Ald.
404 1385 537 1435 ceſjz'us.

147 1474 224 1508 tur,
254 1467 286 1500 is
308 1478 434 1513 neque
455 1466 643 1500 Horatius
665 1466 714 1500 est
734 1480 800 1501 ne-

149 1536 247 1571 que,
281 1522 322 1556 id
350 1522 457 1570 quod
483 1522 599 1555 etiam
623 1522 799 1562 alienius,

149 1577 348 1619 Catullum
409 1579 470 1613 sed
519 1578 800 1626 intelligendus

148 1635 309 1675 iambus,
364 1635 432 1683 qui
470 1647 558 1669 cum
599 1635 801 1683 subjungit

145 1692 217 1728 fibi
249 1691 418 1740 epodon,
453 1692 531 1737 jam
564 1704 643 1726 non
675 1705 798 1739 purus

147 1749 199 1784 est
240 1758 278 1782 et
318 1748 478 1783 videtur
511 1746 608 1783 alius
651 1748 696 1783 ab
738 1761 797 1788 eo,

146 1805 257 1853 quod
305 1805 512 1853 proprium
562 1804 800 1852 appellatum

148 1872 228 1896 erat
268 1873 377 1908 opus.
443 1860 625 1908 Epodos‚
669 1861 800 1896 minor

147 1917 278 1952 versus
292 1916 474 1951 accedens
488 1915 611 1956 alteri,
632 1918 798 1952 invento

148 1971 380 2009 Archilochi
411 1983 589 2008 narratur
620 1973 800 2021 frequen-

147 2029 223 2065 taxi
253 2039 434 2076 coeptus;
483 2029 565 2064 vid.
594 2030 799 2078 Hephaest-

146 2099 186 2135 Ρ.
201 2095 264 2129 70.
282 2086 439 2121 Terent.
454 2086 579 2120 Maur.
593 2099 632 2134 p.
647 2086 800 2122 Putfch.

148 2147 271 2189 2422.

206 2197 363 2248 insurgit
380 2199 595 2249 aliquando.

147 2269 237 2292 nam
269 2255 502 2303 hujusmodi
531 2255 687 2293 laudem
717 2259 801 2293 Ho-

147 2313 240 2348 ratii
271 2311 390 2348 multi
423 2313 621 2361 indignati
645 2327 724 2349 non
747 2325 800 2350 ta-

147 2382 238 2404 men
271 2382 316 2404 eo
347 2381 610 2417 pervenerunt
635 2371 800 2419 ineptia-

147 2438 258 2466 rum,
288 2436 331 2460 ut
362 2438 452 2460 cum
475 2427 518 2461 C.
541 2427 705 2462 Barthio
726 2441 799 2476 pro

148 2481 354 2531 aliquando
377 2482 519 2530 reponi
535 2482 680 2519 vellent
696 2487 800 2534 aqui-

148 2537 210 2573 lae
240 2538 363 2574 ηιοάο.
425 2539 564 2586 Neque
599 2553 671 2587 ego
702 2543 800 2576 Bur-

147 2607 290 2629 manno
350 2595 526 2629 accedam
585 2597 803 2643 geminanti

147 2651 210 2686 sua
231 2651 554 2700 interpretatione
568 2654 800 2694 adverbium

148 2709 252 2756 quasi
303 2708 445 2757 partite
491 2699 663 2756 positura
704 2709 801 2750 „ali-

659 2199 803 2249 Malig-

721 1385 891 1421 vidimus.

869 1329 1028 1378 Caesius.
1074 1331 1204 1366 Turio.
1229 1331 1334 1366 Flor.
1369 1329 1508 1378 celsius.

951 1387 1056 1423 Flor.
1098 1390 1137 1432 (a
1156 1401 1214 1435 pr.
1239 1387 1312 1436 m.)
1334 1387 1510 1423 videmus.

856 1466 1043 1514 „quando
1072 1466 1258 1514 insurgit,
1300 1465 1510 1514 aliquando

856 1522 1141 1568 „jucunditatis
1163 1522 1301 1569 plenus
1329 1523 1427 1557 est“:
1463 1524 1511 1557 fic

858 1579 1203 1614 enimGraecorum
1224 1579 1402 1618 virtutes,
1416 1591 1512 1626 quo-

856 1648 945 1671 rum
964 1635 1165 1674 Pindarus,
1197 1634 1374 1675 Alcaeus,
1401 1636 1510 1669 Stesi-

859 1692 1003 1727 chorus
1026 1690 1274 1730 sublimitate,
1295 1690 1453 1726 lenitate
1474 1701 1512 1727 et

857 1748 1101 1795 jucunditate
1147 1750 1350 1783 Anacreon
1385 1747 1513 1782 Simo-

858 1804 1048 1852 nidesque
1113 1804 1373 1853 praestiterint
1395 1829 1406 1843 ‚
1465 1803 1512 1840 ab

858 1861 1027 1897 Horatio
1061 1861 1293 1897 consociatas
1314 1859 1380 1895 hic
1406 1873 1512 1895 com-

858 1917 1047 1953 mendari.
1094 1918 1211 1965 Quod
1231 1929 1372 1951 vereor
1397 1930 1445 1951 ne
1470 1918 1513 1951 fit

859 1974 1100 2010 ambitiosius
1142 1987 1216 2023 pro
1250 1973 1418 2009 Horatio
1450 1972 1511 2008 in-

860 2031 1077 2080 terpretari.

914 2087 1043 2124 verbis.
1104 2090 1244 2124 Fateor
1265 2099 1403 2135 parum
1427 2084 1512 2134 ple·

862 2157 951 2180 nam
973 2143 1074 2180 mihi
1095 2145 1226 2180 videri
1246 2143 1344 2178 hanc
1366 2142 1511 2178 oratio-

860 2215 963 2242 nem,
990 2216 1086 2251 quae
1108 2203 1157 2237 fic
1179 2199 1403 2247 [impliciter
1433 2212 1513 2234 ver·

861 2258 909 2293 ba
950 2260 1085 2308 ponit,
1140 2257 1251 2292 nullo
1296 2255 1508 2290 comitante

860 2317 1054 2364 appofit03
1102 2327 1191 2351 nam
1230 2314 1308 2348 huc
1353 2323 1510 2359 quoque

858 2374 972 2407 variis
1008 2372 1181 2409 trahere,
1234 2370 1350 2404 etiam
1385 2366 1509 2415 magis

858 2429 1050 2474 jejunum.
1082 2428 1263 2475 Suspicor
1284 2436 1424 2464 autem,
1444 2437 1510 2458 va·

858 2486 933 2519 rius
981 2484 1253 2533 reponendum
1310 2481 1382 2516 effe
1432 2492 1510 2529 pro

858 2543 984 2577 variis.
1310 2550 1311 2553 ’

917 2598 1110 2646 quendam.
1142 2609 1179 2632 v.
1202 2605 1285 2631 not.
1309 2593 1395 2630 crit.

920 2653 1063 2703 Caefius
1081 2651 1222 2701 Baffus.
1261 2651 1340 2686 Hic
1360 2649 1511 2689 eodem.

858 2723 938 2760 quo
962 2721 999 2746 et
1020 2709 1172 2745 Plinius
1193 2709 1332 2756 maJ‘or,
1352 2704 1514 2746 Vesuvii

963 2768 992 2801 F
1025 2776 1048 2802 2
