1789 3068
181 155 273 190 xxv
629 143 1078 193 PRAEFATIO.

180 277 349 346 posita
390 278 507 345 post
545 297 741 352 vocem
781 283 965 332 Scauri
1005 287 1202 346 majore
1246 283 1524 350 interpun-

183 370 359 418 ctione
389 384 601 419 novum
631 368 838 421 sensum
869 375 943 421 ita
973 373 1212 421 inchoat:
1269 373 1321 421 T
1316 372 1529 437 aliaque-

180 468 233 507 et
250 475 316 506 ex
331 452 453 528 casu
472 453 809 529 nascentium:
829 459 943 508 hinc
952 460 1212 528 Agrippa
1232 471 1321 509 etc.
1344 471 1520 509 erunt:

179 556 244 594 ut
270 541 502 611 taliaque
528 545 593 595 fit
618 565 717 614 pro
744 547 875 597 talia
905 566 1124 615 quoque,
1149 549 1208 597 in
1239 565 1348 613 quo
1371 546 1517 598 secu-

174 649 268 683 rus
308 635 482 684 utitur
510 634 666 686 valde
695 638 914 687 lubricis
947 639 1196 687 virorum
1235 636 1519 687 doctorum

140 773 143 779 ,
175 722 243 772 ad
270 723 401 773 Vell.
438 738 484 784 1,
516 738 565 784 8,
597 740 644 775 2.
682 727 818 775 Flor.
847 732 910 790 4,
940 740 999 784 2,
1028 739 1117 786 95.
1149 725 1523 791 disputationi-

177 811 305 871 bus;
358 829 496 878 quae
530 826 591 866 ut
623 817 728 866 alio
762 812 1029 863 adhibitae
1060 813 1357 863 certiffimae
1390 811 1523 873 sint,

176 897 301 950 sunt
319 912 497 953 tamen
523 921 549 952 a
567 903 900 975 Quintiliano
926 913 979 951 et
999 902 1063 950 ab
1078 902 1182 951 hoc
1200 901 1524 968 potissimum

174 989 315 1048 1000,
354 991 452 1040 ubi
476 993 735 1057 particula
765 1003 818 1041 et
842 990 1146 1050 intercedit,
1176 989 1523 1045 alienissimae.

175 1081 323 1147 Quae
356 1078 564 1146 singula
596 1081 720 1130 ideo
751 1081 1090 1138 monuimus,
1129 1090 1193 1128 ut
1226 1089 1524 1145 appareret,

116 1179 118 1182 ’
172 1167 356 1216 virum
387 1167 551 1226 hunc,
585 1170 681 1233 qui
709 1168 912 1217 multos
940 1165 1147 1217 fortaffe
1171 1168 1516 1233 antiquorum

168 1254 362 1314 libros,
411 1272 548 1321 quos
576 1256 861 1322 perlegerit
889 1255 1197 1320 diligenter,
1251 1267 1402 1305 acute
1434 1258 1518 1305 in-

169 1343 344 1392 ventis
379 1346 565 1405 iuvare
605 1353 788 1409 queat,
854 1352 1028 1391 tamen
1066 1344 1280 1408 qualem
1320 1344 1378 1391 in
1410 1343 1517 1394 hoc

169 1429 392 1496 quidem
414 1429 673 1498 opusculo
697 1433 1065 1497 cognovimus,
1082 1433 1393 1497 neutiquam
1416 1433 1517 1480 uni

168 1517 438 1585 scriptori,
490 1530 627 1568 certe
663 1535 776 1568 non
813 1520 1175 1588 Quintiliano,
1215 1519 1315 1569 toti
1352 1516 1515 1585 sospi-

169 1607 333 1657 tando
361 1607 622 1658 idoneum
649 1605 763 1665 effe,
801 1623 978 1672 neque
1009 1607 1072 1655 ab
1100 1607 1198 1657 illo
1231 1624 1331 1657 nos
1361 1624 1533 1674 expe-.

170 1706 324 1754 ctare,
350 1713 487 1761 quae
502 1696 735 1761 plurima
761 1693 934 1743 adhuc
954 1693 1073 1761 post
1087 1696 1516 1760 optimorumvi-

169 1800 359 1834 rorum
386 1801 539 1835 curas
580 1785 640 1833 in
676 1784 761 1833 his
795 1783 947 1833 libris
981 1783 1297 1850 expolienda
1331 1783 1513 1852 super·-

168 1869 283 1923 sint.

281 1963 532 2012 Ceterum
557 1961 812 2025 quoniam
841 1959 908 2009 de
934 1961 1040 2010 alio
1068 1958 1245 2011 severe
1269 1960 1512 2022 judican-

168 2061 277 2100 tem
307 2048 540 2099 severius
572 2050 732 2097 etiam
767 2049 832 2098 de
862 2048 915 2098 se
943 2047 1057 2114 ipso
1088 2048 1324 2109 judicare
1351 2067 1510 2115 opor-

167 2149 265 2187 tet:
308 2156 499 2188 eorum
528 2137 763 2203 quidem,
792 2154 927 2202 quae
952 2137 1040 2185 vel
1063 2135 1397 2187 emendando
1420 2137 1510 2186 vel

167 2226 497 2292 explanando
528 2226 768 2292 scriptori
796 2223 972 2274 nostra
994 2225 1170 2273 attulit
1190 2241 1365 2290 opera,
1388 2242 1509 2274 cen-

165 2313 338 2364 sorem
369 2315 474 2365 hoc
503 2316 622 2366 1000
656 2316 845 2379 inepte'
859 2329 1065 2379 agerem
1095 2310 1229 2379 ipse:
1269 2313 1410 2363 illud.
1431 2324 1508 2362 ta-

165 2420 291 2452 men
318 2421 430 2452 non
461 2402 668 2470 poss'um
699 2403 932 2460 reticere,
974 2418 1096 2451 cum
1125 2401 1265 2459 alias,
1305 2410 1423 2450 tum
1446 2401 1504 2451 in

165 2491 271 2541 hoc
302 2492 566 2556 imprimis
595 2507 754 2558 opere
778 2499 1053 2556 expertum
1083 2505 1169 2537 me
1190 2486 1305 2547 effe,
1343 2506 1507 2553 quam

164 2595 355 2648 parum
383 2578 482 2627 sim
511 2581 661 2629 latini
690 2578 944 2628 sermonis
975 2578 1195 2644 peritus.
1281 2580 1502 2646 Quippe

164 2666 386 2738 saepiu5‚
412 2667 509 2718 sibi
533 2684 595 2717 ex
620 2669 874 2719 interiore
900 2664 1156 2716 sermonis
1176 2663 1389 2715 scientia
1411 2680 1501 2733 ap-
