1779 3062
265 143 362 191 472
578 134 654 180 M.
690 132 826 179 FAB.
866 133 1284 193 QUINTtLIANl

271 258 488 323 optime,
523 258 653 306 alter
673 275 813 307 acres
834 255 1007 326 senee,
1040 248 1260 308 callidos
1283 258 1488 318 servos,
1520 277 1612 325 pa·
1667 256 1672 261 ’

270 331 474 390 ramos,
513 334 761 392 lenones,
801 345 852 382 et
885 335 1066 383 omnia
1101 337 1371 400 agitatiora
1405 337 1611 386 melius.

236 434 244 440 ·
275 411 399 458 Fuit
425 412 566 458 enim
592 422 776 459 natura
798 409 1014 460 diversa.
1095 414 1236 460 Nam
1264 429 1371 462 vox
1396 427 1705 478 quoque104o

205 488 540 534 ¹79De1netrii
571 488 886 549 jucundior,
925 489 1071 536 illius
1106 490 1275 536 acrior
1305 498 1428 542 erat,
1508 492 1616 538 An-

273 562 536 612 notandae
567 567 731 629 magis
770 565 1136 631 proprietates,
1175 581 1310 629 quae
1347 563 1618 614 transferri

273 656 385 688 non
409 651 678 704 poterant,
710 658 894 689 manus
917 645 1129 698 iactare,
1166 651 1217 688 et
1245 641 1423 689 dulces
1452 642 1622 689 excla-

277 717 535 766 mationes
575 717 766 765 theatri
798 716 943 766 causa
986 717 1306 781 producere,
1359 727 1411 765 et
1444 719 1622 782 ingre-

279 791 479 842 diendo
514 806 737 843 ventum
771 796 1049 858 concipere
1079 792 1248 852 veste,
1290 804 1341 842 et
1368 811 1623 842 nonnun-

280 886 440 934 quam
467 870 650 920 dextro
674 872 832 919 latere
855 869 1023 918 facere
1044 870 1243 935 gestus:
1284 870 1430 934 quod
1454 871 1625 920 nemi·
1646 864 1649 867 ¹

279 963 405 994 neni
437 948 602 996 alium
632 959 835 1014 praeter
863 950 1196 996 Demetrium
1228 947 1434 996 decuit:
1475 963 1626 996 nam-

368 1121 456 1158 179.
488 1113 729 1148 adnotandae
761 1115 959 1148 memoriae
989 1115 1107 1160 magis
1136 1113 1270 1148 Turio.
1300 1112 1405 1147 Flor.
1438 1110 1517 1158 (ex
1548 1112 1625 1148 hoe

248 1181 250 1183 ’
281 1166 441 1216 quidem
464 1182 657 1207 memorae,
678 1180 715 1204 et
733 1181 827 1202 mox
846 1171 1104 1216 proprietatis)
1128 1170 1260 1215 Camp.
1286 1181 1371 1204 omn
1395 1169 1496 1204 Alm.
1512 1168 1622 1204 ssodl.

280 1221 399 1257 Andr.
435 1225 599 1259 Facilius
630 1225 713 1259 sane
743 1224 819 1258 fuit
846 1236 984 1258 vocem
1011 1223 1311 1258 molestissimam
1347 1225 1484 1270 ejicere
1511 1237 1627 1272 quam

283 1278 506 1320 emendare3
538 1281 599 1315 sed
629 1280 705 1327 ipse
738 1279 880 1314 bonam
913 1279 1063 1326 copiam
1096 1281 1244 1326 ejurare
1274 1292 1407 1328 cogor.
1466 1280 1510 1314 Id
1541 1280 1628 1328 qui-

284 1333 370 1368 dem
403 1346 577 1383 apparet,
608 1336 757 1382 adjecto
795 1335 928 1382 aliquo
958 1335 1130 1383 apposito
1164 1336 1210 1370 ad
1231 1337 1479 1384 proprietates
1509 1335 1628 1384 longe

282 1389 422 1425 melius
444 1393 667 1439 procedere,
699 1392 805 1439 quod
839 1391 1086 1439 subjungitur
1113 1391 1274 1431 iisdem,
1307 1402 1401 1439 quae
1436 1391 1633 1440 transferri

282 1458 356 1480 non
378 1456 562 1493 poterant.
620 1448 899 1483 Indicabantur
927 1449 1058 1495 itaque
1086 1450 1355 1497 proprietates,
1388 1462 1485 1496 quae
1517 1447 1629 1484 nullo

282 1503 446 1550 negotio
467 1505 702 1540 videbantur
727 1517 814 1538 cum
837 1503 914 1537 alio
938 1505 1241 1545 communicari3
1275 1515 1319 1539 ut
1342 1518 1387 1540 eo
1408 1503 1631 1541 mirabilius

284 1558 384 1599 effet,
419 1572 478 1594 eas
509 1561 604 1609 ipsas
634 1576 651 1595 a
677 1560 883 1595 Demetrio
916 1560 962 1593 ad
989 1560 1198 1595 Stratoclea
1224 1574 1303 1596 non
1325 1561 1487 1609 potuiffe
1511 1573 1633 1596 trans-

283 1613 398 1653 ferri,
430 1629 501 1651 nec
530 1617 711 1652 vicissim,
776 1615 901 1661 [Quid
930 1616 959 1650 si
988 1618 1184 1651 mimicae?
1214 1617 1251 1651 h.
1286 1630 1316 1652 e.
1350 1630 1448 1664 quae
1480 1631 1560 1652 non
1590 1618 1633 1652 in

283 1669 459 1707 hominis
489 1674 677 1720 cujusque
699 1683 856 1711 natura,
890 1671 947 1705 sed
980 1672 1018 1706 in
1052 1673 1249 1708 histrionis
1280 1683 1358 1707 arte
1386 1673 1472 1708 sitae
1505 1683 1633 1713 erant3

287 1725 340 1761 ita
368 1737 410 1762 ut
442 1729 487 1764 ab
513 1729 634 1763 altero
666 1729 707 1763 in
731 1727 894 1762 alterum
924 1728 1115 1763 imitando
1138 1730 1367 1764 viderentur
1388 1729 1492 1776 poffe
1516 1728 1635 1765 tihis-

288 1782 396 1818 ferri.
424 1785 615 1827 Eurum]
853 1785 990 1819 theatri
1013 1798 1092 1819 eam
1112 1798 1168 1832 pr.
1199 1785 1298 1823 Jens.
1331 1796 1419 1820 cum
1446 1784 1531 1820 edd.
1565 1797 1636 1833 po·

352 1938 443 1977 179.
476 1928 866 1978 Annotamlaemagis.
888 1929 934 1965 cf.
993 1941 1068 1971 tur,
1099 1930 1261 1967 alterum
1292 1931 1338 1965 ad
1355 1929 1540 1979 summam
1560 1944 1638 1966 ma·

289 1995 372 2031 not.
396 1986 482 2021 crit.
993 1987 1053 2034 gis
1070 2001 1215 2022 caveam
1232 1988 1379 2034 spectet.
1397 1987 1443 2022 ci.
1459 1997 1495 2027 2,
1508 2002 1520 2022 1
1533 1996 1568 2028 2,
1581 2000 1592 2021 ι
1604 2000 1641 2023 ο.

348 2051 386 2076 et
410 2042 597 2076 dulces—
615 2043 827 2091 producere.
862 2044 936 2077 Hic
1049 2052 1195 2078 ventum
1217 2045 1403 2091 concipere
1422 2040 1528 2090 veste.
1565 2045 1638 2078 Po-

293 2110 452 2146 quoque
487 2098 591 2133 nihil
628 2098 735 2133 aliud
772 2100 935 2147 agnosco
993 2109 1091 2133 nunt
1120 2098 1335 2133 illustrandi
1372 2100 1475 2134 causa
1505 2099 1639 2134 locum

291 2154 364 2189 nisi
383 2153 527 2203 plasma
548 2154 613 2198 (cf.
628 2154 658 2196 ᾗ.
679 2156 803 2199 163.),
830 2155 937 2203 quod
997 2151 1236 2190 Ovidiaiitiiti
1261 2157 1341 2189 Art.
1366 2164 1403 2197 5,
1422 2164 1514 2197 501.
1540 2156 1641 2189 Haec

292 2223 373 2245 non
397 2209 780 2258 ςηᾲᾱεηῑριόῘΕΓαηιν
799 2212 934 2250 modo,
997 2219 1119 2245 movet
1171 2219 1251 2245 arte
1291 2210 1388 2245 latus
1442 2212 1641 2258 tunicisque

293 2266 355 2301 sed
374 2267 596 2312 producatur
622 2267 649 2301 i.
675 2266 824 2302 diutius
850 2280 939 2301 con·
986 2266 1191 2313 fluentibus
1236 2279 1343 2301 auras
1371 2265 1546 2314 Excipit,
1578 2279 1639 2302 ex-

294 2322 471 2357 tinuetur
491 2323 751 2361 aon-abatur,
782 2334 819 2357 et
854 2323 938 2369 qui·
997 2321 1116 2369 tensos
1139 2322 1289 2370 fertque
1303 2321 1463 2371 superba
1487 2323 1612 2371 pedes.

295 2379 382 2413 dem
417 2379 567 2418 theatri,
627 2379 654 2413 i.
689 2381 943 2427 spectatorum
1055 2380 1185 2414 dextro
1210 2380 1325 2414 latere
1352 2378 1480 2427 facere
1507 2376 1640 2427 gestus.

295 2432 372 2486 (cf.
416 2449 428 2469 ι
450 2462 459 2475 ,
496 2447 530 2475 2,
564 2437 636 2482 9.)‚
668 2434 788 2484 causa,
817 2436 866 2469 iis
899 2445 940 2470 ut
997 2436 1084 2470 Hoc
1115 2435 1216 2469 illud
1245 2435 1372 2482 ipsum
1402 2435 1472 2471 effe
1495 2437 1640 2476 censeo,

294 2490 443 2539 placeat
474 2503 591 2527 actor.
653 2495 706 2526 lta
736 2504 832 2525 mox
873 2490 941 2524 ali·
999 2492 1045 2526 de
1080 2504 1157 2539 quo
1189 2491 1269 2539 agit
1298 2491 1329 2535 ᾗ.
1363 2498 1427 2537 74.
1455 2492 1493 2526 id
1527 2488 1643 2538 osten-

298 2548 394 2595 quid
413 2549 553 2596 populo
574 2549 693 2588 datur,
727 2560 771 2582 eo
802 2558 940 2587 tamen,
1001 2548 1085 2581 dere
1118 2551 1275 2582 maxime
1304 2548 1412 2583 latus.

296 2604 340 2638 ni
362 2604 488 2645 fallor,
509 2605 746 2643 discrimine,
769 2614 811 2638 ut
833 2602 940 2651 prius
1057 2604 1169 2639 alium
1187 2612 1333 2652 praeter
1344 2605 1582 2640 Demetrium.
1596 2602 1644 2641 cf.

297 2656 535 2696 honestiores
570 2660 686 2696 etiam
713 2659 942 2709 complecta·
1001 2670 1083 2696 not.
1106 2660 1192 2699 crit.
