1779 3062
249 161 353 221 464
574 161 648 206 M.
682 134 815 206 ΕΑΒ.
849 161 1262 222 QUmTlmANi

252 287 481 335 Romani
514 288 776 355 negotium
808 283 1064 350 publicum
1099 303 1304 356 gerens.
1383 272 1590 337 Produ-

253 362 418 410 cenda
441 364 637 420 omnia,
666 362 1056 429 trahendaeque
1076 373 1192 412 tum
1214 365 1438 423 vocales,
1468 382 1586 431 ape-

253 438 576 502 riendaeque
600 437 721 488 sunt
743 437 930 490 fauces.
999 441 1243 488 Pleniore
1265 450 1441 491 tamen
1458 441 1586 490 haec

253 516 421 563 canali
446 512 645 571 fluunt,
696 517 756 563 V
749 534 821 573 os,
862 514 1060 566 Albani
1084 516 1266 564 tumuli
1294 527 1450 581 atque
1472 517 1586 566 luci.

251 596 360 646 Jam
384 593 572 640 cantici
595 591 850 656 quiddam
877 593 1090 648 habent,
1130 590 1424 657 sensimque
1446 591 1589 642 resu-

250 670 377 735 pina
391 667 536 717 sunt:
581 669 728 719 Saxa
746 680 902 734 atque
905 665 1214 740 solitudines
1238 672 1356 717 voci
1379 664 1588 741 respon-

174 747 384 807 263dent.
427 746 579 795 Tales
600 744 722 795 sunt
744 747 865 794 illae
886 746 1255 793 inclinationes
1276 746 1443 804 vocis,
1457 763 1589 810 quas

168 829 177 846 ¹
248 824 483 872 invicem
508 821 892 872 Demosthenes
920 832 1076 886 atque
1095 820 1376 871 Aeschines
1401 839 1590 888 expro-

244 1000 368 1049 ρει-ΞΟ,
401 1013 517 1048 quare
543 999 666 1034 incidi
685 1000 725 1035 in
746 999 1017 1039 mutationem,
1049 1008 1092 1033 ut
1115 998 1341 1034 scriberetur
1366 998 1585 1034 trahendae·

245 1071 314 1105 que
329 1055 419 1104 sunt
438 1071 471 1092 v.
493 1057 785 1103 aperiendaeque
804 1054 945 1102 fauces.
1003 1054 1090 1090 Nisi
1113 1054 1213 1089 forte
1238 1053 1410 1089 haustum
1434 1055 1584 1103 aliquid

244 1112 392 1153 credis,
423 1123 468 1147 ut
487 1111 608 1147 fuerit
627 1120 857 1146 cum—cum
874 1130 927 1136 —
962 1110 1086 1152 [Mihi
1115 1120 1191 1145 tum
1218 1111 1401 1157 respicere
1426 1111 1583 1146 videtur

243 1167 347 1203 illud
377 1168 501 1216 ipsum
533 1168 578 1202 de
609 1166 713 1202 lenta
755 1177 793 1201 et
823 1165 930 1201 dulei
965 1165 1292 1214 pronunciatione
1321 1177 1583 1216 praeceptum.

242 1233 362 1264 „cum
391 1222 460 1258 tali
488 1222 634 1258 actioni
663 1221 772 1257 locus
796 1222 885 1257 est.“
913 1223 1104 1261 Burrum]
1380 1223 1470 1257 Jam
1499 1237 1582 1257 can-

242 1281 317 1314 tici.
357 1279 420 1314 Sic
440 1279 570 1313 Turio.
594 1276 698 1313 flor.
728 1276 860 1312 Ambr.
886 1285 921 1311 2.
943 1276 1069 1312 Guelf.
1096 1278 1228 1325 Camp.
1250 1289 1339 1311 cum
1364 1277 1461 1313 Obr.
1492 1278 1582 1326 (qui

242 1325 284 1370 et*
308 1348 404 1370 mox
434 1334 619 1372 habentia,
652 1333 782 1375 male).
827 1333 927 1368 Nam
958 1346 984 1367 c.
1016 1332 1173 1380 reliqui.
1188 1331 1406 1384 sensuraque
1437 1332 1583 1384 respina

231 1390 322 1440 sunt
354 1391 487 1426 Turic.
512 1389 728 1439 sensumque
761 1388 948 1437 respinant
976 1388 1080 1424 Flor.
1137 1390 1199 1424 Ex
1230 1389 1307 1425 hoc
1337 1389 1471 1425 malim
1500 1390 1581 1426 effi-

223 1439 346 1483 cere:
370 1446 581 1497 sensimque
614 1445 882 1495 resupinantur.

329 1515 419 1559 168.
461 1515 544 1550 voci
571 1512 792 1561 respondent
810 1531 866 1538 ——-
891 1511 1158 1548 inclinationes.
1213 1511 1415 1550 omittunt
1445 1514 1578 1550 Turio.

233 1571 340 1609 Flor.
384 1570 497 1607 solito
546 1580 707 1619 propter
743 1568 1050 1604 homoeoarcton
1087 1581 1230 1605 errore.
1272 1579 1464 1621 utramque
1499 1571 1579 1606 Tu·

234 1630 306 1664 ric.
338 1629 366 1662 F
370 1627 443 1663 lor.

236 1784 458 1833 jucundior.
491 1781 538 1818 cf.
577 1780 885 1825 178-jucund1'0r
937 1782 1152 1822 „canalibus
1184 1783 1487 1830 aquaeductuum.
1520 1785 1578 1819 Ita

234 1843 433 1877 -acrion
458 1837 766 1879 PertinetLenim
789 1836 883 1872 haec
938 1839 1070 1878 „enim
1102 1839 1298 1875 transtulit
1327 1839 1376 1874 ad
1405 1842 1578 1875 arteriam

234 1899 335 1934 ratio
355 1910 414 1937 eo,
432 1893 669 1944 quodmodo
687 1892 881 1933 notabam,
938 1896 1172 1936 „traclteam,
1234 1909 1328 1943 quae
1365 1897 1502 1931 canalis
1530 1896 1579 1932 est

235 1954 341 1990 nihil
369 1953 513 1988 horum
536 1949 606 1985 effe
628 1949 717 1997 ipsis
741 1950 883 1984 senten·
937 1951 1074 1990 „vocis
1087 1957 1124 1986 “.
1177 1952 1578 1989 Pseudo-Turnebus.

235 2012 300 2047 tiis
322 2007 562 2046 censendum,
596 2019 692 2054 quae
714 2018 783 2040 nec
798 2004 883 2040 dul·
939 2006 986 2041 cf.
1013 2017 1050 2050 7,
1075 2019 1112 2047 2,
1136 2016 1201 2052 51.

233 2079 292 2103 ces
313 2079 383 2102 nec
401 2074 532 2100 acutae
555 2062 625 2097 effe
638 2062 878 2108 judicantur,
983 2062 1194 2114 sensimque
1213 2063 1381 2113 resupina
1392 2063 1494 2113 sunt.
1516 2065 1578 2102 vi..

231 2136 373 2160 verum
394 2118 723 2156 accommodatam
750 2119 875 2165 singu-
936 2117 982 2154 de
1006 2130 1086 2155 not.
1110 2121 1194 2155 crit.

230 2177 279 2216 lis
291 2192 430 2215 vocem
451 2176 591 2212 habere
612 2174 875 2213 acrimoniam,
996 2174 1086 2219 168.
1106 2173 1363 2223 Demosthenes
1382 2186 1492 2224 atque
1501 2179 1573 2213 Ae·

230 2235 536 2284 jucunditatem,
587 2230 875 2270 lentitudinem,
925 2229 1079 2280 schineS.
1111 2234 1184 2273 „V-
1209 2234 1252 2267 G.
1280 2231 1348 2268 Ille
1376 2232 1470 2268 huic
1500 2247 1572 2283 pro

230 2292 451 2342 pleniorem
475 2287 643 2324 canalem
655 2312 665 2326 ‚
707 2286 875 2333 denique
931 2286 1076 2328 ,‚Coro.
1089 2300 1119 2323 c.
1134 2293 1229 2336 90.“
1242 2287 1297 2337 (p.
1314 2288 1400 2324 Rsk.
1421 2298 1512 2332 522.
1529 2293 1573 2335 5)

230 2349 448 2388 canticum;
482 2356 651 2393 quorum
673 2340 775 2379 nihil
796 2355 875 2377 non
930 2340 1116 2391 ,,Ἐπάρας
1145 2344 1206 2387 τὴν
1245 2344 1364 2386 φωνὴν
1382 2344 1440 2378 καὶ
1463 2360 1574 2394 ’γεγη-

230 2404 391 2440 inservit
419 2400 660 2438 accendendis
683 2399 711 2433 i.
736 2398 874 2433 affectu
929 2400 1027 2440 „9805
1041 2399 1098 2433 καὶ
1119 2400 1366 2449 λαρυγγίζων,
1385 2402 1462 2436 Hic
1474 2415 1569 2438 vero

229 2460 453 2496 imbuendis
470 2457 667 2503 judicibus.
929 2452 1097 2503 ,hoinowa
1121 2469 1156 2492 et
1176 2457 1275 2492 τόνον
1295 2460 1356 2500 τῆς
1377 2460 1496 2501 φωνῆς
1508 2457 1571 2494 illi

288 2516 556 2562 trahendaeque
601 2524 679 2547 cum
715 2510 870 2548 vocales.
929 2512 1098 2557 „objicit
1121 2526 1152 2547 c.
1188 2523 1238 2556 72
1263 2524 1300 2548 et
1319 2514 1397 2561 sq.“
1417 2512 1570 2562 (contra

228 2573 320 2608 vide
345 2582 425 2606 not.
451 2571 537 2607 crit.
929 2567 1178 2615 Ctes.‘p.Rsk.
1194 2570 1315 2613 602.).
1342 2570 1570 2616 „Jusjuran-

286 2629 454 2663 Pleniore
473 2645 527 2653 —
549 2625 681 2661 canali.
719 2624 872 2665 „Meta·
928 2624 1047 2664 „dum
1069 2637 1136 2672 per
1155 2626 1399 2660 Marathonis
1412 2643 1466 2652 —
1485 2639 1570 2673 pro—

227 2684 378 2734 „Phora
413 2683 461 2720 est
501 2683 613 2718 ducta
644 2695 665 2716 a
703 2680 798 2716 tubis
835 2688 873 2714 et
926 2689 1181 2729 „pugnatores
1205 2682 1254 2717 est
1271 2680 1384 2718 c.6o.
1405 2693 1479 2732 pro
1495 2681 1569 2718 Co-
