1779 3062
277 147 379 198 444
600 139 675 185 Μ.
714 125 849 184 FAB.
888 137 1304 199 QUINTILIANI

280 265 550 329 aliquanto
572 261 726 329 supra
738 264 899 312 imam
914 272 1088 328 togam
1122 262 1301 322 fuerit,
1334 279 1615 329 nunquam

279 406 442 454 Reliqui
477 420 585 454 quam
614 420 643 441 c.
684 405 742 441 sed
774 404 998 441 Gronovius
1031 406 1171 450 (Thes.
1209 408 1346 443 Graev.
1383 407 1467 446 Vol.
1499 407 1534 443 6.
1570 420 1610 456 p.

283 463 376 509 692.
406 463 482 505 E.)
517 462 687 497 nostrum
722 462 956 508 conjecerat3
997 463 1224 502 neceffario.
1258 476 1343 497 cum
1373 463 1514 511 absque
1542 463 1614 498 hac

278 519 464 566 scriptura
487 518 594 553 locus
618 519 751 552 frustra
776 528 942 553 tentetur
966 519 1146 565 miroque
1167 519 1252 556 VV.
1277 519 1367 553 DD.
1393 531 1522 553 errore
1553 517 1614 553 in-

280 574 457 622 telligere
477 574 549 609 sibi
568 574 640 609 visi
662 574 732 608 sint
751 573 880 613 verba,
904 587 999 621 quae
1021 575 1200 609 sententia
1227 573 1338 622 plane
1361 585 1498 608 carent.
1528 576 1616 608 Per·

279 631 561 671 mutationem,
602 643 670 678 per
697 631 731 664 se
763 629 1026 678 probabilem,
1059 630 1290 665 demonstrat
1317 629 1359 663 in
1398 629 1508 664 libris
1540 629 1614 664 fre·

280 697 464 735 quentem
486 685 684 722 Drakeub.
709 686 754 720 ad
776 685 863 720 Liv.
893 685 937 725 6,
970 694 1020 728 55
1037 710 1046 725 ,
1081 696 1123 731 9,
1159 695 1195 720 et
1225 685 1339 720 Goth.
1368 685 1409 720 in
1431 685 1550 720 nostri
1575 690 1613 728 4,

284 756 321 782 1,
346 749 395 786 47
418 743 481 777 dat
501 756 611 792 quam
636 755 708 791 pro
731 755 802 791 qua
826 742 910 786 (tac.
932 741 1072 787 Germ),
1106 741 1177 777 ubi
1196 742 1324 777 eadem
1344 740 1548 782 antecedit,
1572 750 1617 776 ut

280 795 351 833 hic
375 811 543 847 quoque.

373 873 462 911 140.
494 867 684 915 aliquanto
698 863 825 914 supra.
846 865 977 900 Turio.
999 864 1100 901 Flor.
1129 865 1254 914 aliquo
1278 862 1528 901 ultt·a.Guelf.
1545 863 1616 899 ali·
1660 849 1675 861 Α

281 937 354 974 quo
368 921 492 971 super.
534 924 632 957 Ron
657 935 766 957 unam
785 934 857 968 pro
881 923 991 955 imam
1012 920 1130 958 Goth.
1157 925 1245 966 (tac.
1268 923 1397 970 Gesn.)
1425 921 1471 956 cf.
1488 918 1614 956 Bentl-

281 980 329 1015 ad
362 981 456 1014 Hor.
485 979 531 1013 ad
559 979 629 1013 Pis.
660 987 724 1020 52.
755 991 799 1011 ne
818 974 1031 1024 strangulet
1057 978 1160 1014 Voss.
1186 987 1223 1021 5.
1257 992 1319 1012 nec
1336 975 1508 1025 stragula
1537 976 1618 1012 Tu-

281 1036 353 1072 τίς.
389 1035 492 1070 Flor.
538 1031 586 1078 el}
615 1034 685 1083 sed
718 1042 755 1068 et
791 1032 924 1067 Ambr.
956 1043 991 1068 2.
1035 1034 1133 1080 (qui
1174 1044 1300 1069 tamen
1328 1031 1379 1081 2st
1410 1047 1430 1068 a
1466 1033 1534 1068 sec.
1564 1044 1618 1069 m.

281 1090 426 1128 habere
456 1091 628 1137 dicitur)
659 1088 787 1125 Guelf.
818 1098 853 1123 et
874 1087 958 1136 effec
981 1089 1085 1125 Voss.
1113 1102 1145 1125 1.
1167 1099 1203 1132 5.
1233 1092 1464 1125 continentur
1489 1087 1616 1124 Guelf-

282 1147 486 1182 iniciendus
509 1147 641 1181 Ambr.
673 1155 708 1181 2.
740 1146 871 1192 Camp.
902 1144 1099 1186 injiciendo
1131 1145 1259 1180 Guelf.
1293 1155 1490 1180 extremum
1516 1156 1621 1180 oram

283 1203 418 1239 Turio.
446 1201 549 1236 Flor.
583 1214 709 1252 neque
737 1200 855 1235 latere
888 1198 1059 1247 aliquid,
1096 1213 1222 1251 neque
1244 1199 1324 1237 [olo
1347 1201 1432 1237 casu
1452 1210 1620 1236 erratum

283 1259 412 1294 dicere
436 1257 568 1293 ausim.

283 1383 372 1418 dem
395 1381 556 1431 proprie
591 1381 754 1421 dicitur,
786 1392 926 1417 cavum

282 1439 384 1475 illud
414 1437 622 1487 appellari,
677 1437 785 1485 quod
826 1438 925 1473 infra

282 1508 398 1543 :rugas
420 1495 461 1528 in
484 1505 640 1542 pectore
663 1504 853 1529 tumentes
879 1507 926 1529 ex

283 1550 526 1599 capaciffimo
569 1550 797 1585 vestimento
827 1550 925 1584 inte·

281 1608 364 1642 :tius
386 1605 544 1654 corpori
563 1604 785 1653 applicatur,
803 1604 926 1653 vulgo

285 1674 324 1698 et
356 1663 434 1696 fine
467 1661 727 1697 controversia
757 1661 926 1709 agnosci·

284 1729 361 1754 tur.
433 1717 509 1754 Cui
546 1717 691 1752 rationi
724 1718 925 1764 quomodo

286 1784 487 1822 congruat,
519 1784 561 1809 ut
592 1785 764 1820 unquam
786 1773 853 1807 hic
881 1772 927 1806 si-

285 1844 358 1866 nus
385 1831 428 1865 in
448 1830 526 1864 ima
554 1839 642 1876 toga
671 1828 842 1867 haeserit,
865 1841 928 1863 ne-

286 1887 381 1922 dum
413 1897 455 1921 ut
487 1885 697 1933 aliquando
731 1884 795 1919 vel
829 1885 929 1920 infra

287 1957 370 1979 eam
401 1941 657 1981 descenderit,
686 1954 930 1988 nequaquam

286 1999 573 2035 comminiscor.
628 1997 826 2033 Ferrarius
847 1998 930 2032 [ane

286 2057 330 2093 in
362 2056 505 2092 summa
538 2052 605 2088 illa
635 2063 812 2100 togarum
836 2053 930 2088 laxi·

286 2123 364 2148 tate
416 2113 517 2147 sinus
567 2109 732 2158 potuiffe
774 2109 931 2156 longius

287 2167 409 2204 fluere
432 2166 642 2215 significat,
674 2164 778 2199 hunc
805 2165 931 2213 ipsum

287 2235 452 2261 tractans
471 2222 587 2257 nostri
600 2221 752 2260 locum3
785 2233 827 2256 ut
838 2220 933 2255 [acci

288 2280 404 2318 instar
416 2279 514 2314 infra
528 2288 738 2312 extremam
752 2275 930 2312 laciniam

288 2335 507 2387 pendulum
530 2335 655 2369 [inum
683 2333 754 2369 [ibi
780 2333 931 2368 finxiffe

289 2394 493 2432 videatur,
534 2390 641 2438 quod
680 2389 817 2425 Fabius
854 2399 933 2424 tan-

291 2462 410 2497 quam
444 2446 604 2482 mollius
638 2444 932 2494 improbaverit.

291 2506 432 2540 Graev.
455 2503 565 2538 Thes.
580 2502 667 2540 Vol.
683 2503 719 2538 6.
734 2515 772 2550 p.
787 2502 876 2549 694.
891 2501 933 2535 C.

291 2560 414 2596 Aldus
445 2572 566 2607 nepos
600 2559 739 2593 affutos
771 2557 837 2594 vel
868 2570 931 2605 ap·

292 2617 427 2664 pensos
456 2616 560 2650 [inus
590 2615 721 2649 animo
749 2613 934 2661 concipit,

292 2672 446 2710 nemini
478 2673 557 2721 jam
603 2672 707 2709 suam
744 2671 936 2709 rationem

981 1381 1239 1432 probaturus:
1261 1393 1478 1431 quanquam
1492 1391 1530 1416 et
1544 1379 1622 1415 hoc

981 1440 1102 1474 modo
1120 1438 1293 1487 intelligi
1306 1448 1420 1486 queat
1432 1437 1533 1474 finus
1543 1437 1622 1471 ima

983 1506 1073 1542 toga
1098 1495 1273 1530 inferior.
1299 1495 1405 1543 ib.p.
1429 1500 1548 1540 1198.
1572 1493 1619 1527 Α.

983 1553 1064 1585 Hac
1084 1551 1119 1585 se
1141 1551 1370 1586 difficultate
1391 1549 1517 1599 premi
1545 1549 1622 1584 sen-

984 1608 1082 1642 tiens
1105 1607 1304 1647 Gesnerus,
1323 1606 1365 1640 in
1378 1605 1625 1652 reliquorum

983 1663 1239 1710 interpretum
1252 1661 1442 1698 leviffimo
1461 1660 1625 1698 silentio,

986 1719 1111 1753 sinum
1125 1718 1190 1752 hic
1203 1728 1312 1766 togae
1325 1716 1625 1764 intelligendum

984 1774 1162 1821 negavit,
1203 1785 1241 1809 et
1276 1776 1420 1809 tunicae
1456 1771 1627 1819 aliquem

977 1828 1100 1879 sinum
1149 1830 1432 1878 agnoscendum
1477 1822 1626 1867 statuit,

988 1899 1104 1934 quem
1124 1886 1317 1934 significet
1336 1885 1482 1925 nostem
1505 1894 1542 1919 et
1556 1882 1627 1931 qui

988 1942 1154 1978 Caesaris
1193 1955 1348 1990 quoque
1389 1941 1508 1976 fuerit
1544 1950 1628 1974 mo·

986 1999 1134 2038 rientis,
1166 1999 1353 2047 prodente
1382 1995 1568 2032 Suetonio
1595 2007 1628 2030 o.

989 2061 1053 2098 82.
1090 2055 1205 2101 Quod
1224 2054 1441 2089 remedium
1462 2062 1505 2088 ut
1525 2051 1628 2100 peri-

989 2110 1161 2146 culosum
1192 2111 1243 2147 ita
1264 2111 1309 2146 ab
1332 2110 1407 2144 hoc
1427 2108 1515 2144 loeo
1535 2106 1631 2142 alie-

980 2162 1081 2201 Lnum
1112 2166 1310 2207 existimo,
1356 2177 1446 2200 cum
1475 2163 1629 2200 tunicae

988 2224 1065 2269 jam
1108 2223 1238 2258 habita
1281 2220 1479 2257 mentione
1524 2229 1629 2255 totus

989 2291 1090 2314 nunc
1104 2279 1146 2314 in
1166 2277 1433 2327 componenda
1444 2286 1534 2324 toga
1545 2287 1632 2310 ver·

989 2336 1088 2370 fetur
1118 2335 1292 2384 scriptor.
1363 2331 1423 2368 Ad
1461 2331 1632 2379 aliquam

988 2391 1113 2439 igitur
1152 2391 1409 2427 mutationem
1444 2387 1632 2425 devenio.

991 2460 1108 2495 quam
1139 2449 1211 2483 nisi
1246 2446 1487 2483 necessariam
1519 2443 1632 2478 duce-

990 2516 1087 2544 rem,
1107 2517 1154 2539 ne
1169 2504 1291 2539 verbo
1313 2501 1472 2551 quidem
1484 2498 1631 2534 indica-

992 2572 1096 2594 rem:
1159 2562 1318 2595 tunicam
1363 2554 1632 2606 reponendum

994 2619 1125 2652 censeo
1154 2629 1226 2664 pro
1252 2624 1390 2662 togam.
1448 2614 1494 2646 In
1524 2608 1632 2657 geni-

994 2671 1068 2711 bus
1094 2673 1220 2710 finum
1251 2671 1419 2721 desinere
1447 2665 1537 2705 vult
1566 2666 1633 2702 Fa-
