1779 3062
247 176 342 222 552

551 164 625 209 Μ.
674 164 809 210 FAB.
859 164 1272 226 QUINTILIANI

245 292 375 341 sono
407 288 704 354 indulgent.
784 292 856 338 Ut
877 289 947 338 est
969 301 1143 340 autem
1167 277 1439 337 necessaria
1463 306 1583 337 vei·-

246 369 442 417 borum
467 366 779 435 explanatio,
803 367 875 414 ita
902 384 1083 416 omnes
1111 369 1372 430 imputare
1397 377 1448 414 et
1470 367 1583 414 vel-

247 455 308 493 ut
347 459 692 492 annumerare
733 443 956 502 litteras,
999 441 1307 500 molestum,
1348 454 1398 490 et
1428 442 1583 492 odio-

169 535 223 572 54
246 520 378 570 sum.
457 522 599 568 Nam
628 529 679 567 et
715 522 919 569 vocales
945 518 1350 584 frequentiffime
1373 524 1582 575 coeunt,

245 608 296 646 et
339 595 742 645 consonantium
780 596 1036 661 quaedam
1071 594 1380 659 insequente
1407 595 1583 643 vocali

245 673 602 724 dissimulatur.
642 673 920 738 utriusque
956 674 1260 739 exemplum
1291 670 1582 739 posuimus,

357 783 540 820 Multam
571 782 638 820 ille
667 789 705 819 et
734 784 861 819 terris.
894 802 947 810 —
970 802 1026 810 —

169 893 222 932 55
246 876 451 926 Vitatur
493 876 649 923 etiam
691 874 976 924 duriorum
1010 875 1150 922 inter
1179 871 1229 921 se
1267 870 1584 938 congress'us,

242 1067 340 1094 non,
370 1054 464 1088 item
485 1065 559 1087 non
580 1064 666 1086 cum
689 1050 792 1086 Flor.
814 1064 886 1098 pro
909 1050 1014 1085 dum:
1049 1062 1125 1085 acc.
1146 1049 1304 1085 videtur
1327 1047 1428 1084 Alm.
1454 1048 1524 1096 qui
1548 1059 1587 1084 et

242 1123 350 1150 mox,
382 1110 520 1145 itidem
539 1122 609 1157 per
630 1107 918 1154 compendium,
942 1105 1037 1154 sono
1062 1120 1136 1141 non
1158 1107 1247 1145 ind„
1264 1105 1335 1140 ubi
1351 1105 1483 1140 Turio.
1497 1103 1585 1153 solo

243 1180 319 1202 non
350 1168 373 1201 i.
616 1163 810 1211 imputare.
843 1163 905 1197 Sic
939 1162 1071 1197 Tui-ic.
1103 1162 1204 1206 (nisi
1233 1161 1338 1209 quod
1369 1162 1585 1207 inputatte)

241 1221 345 1257 Flor.
376 1220 508 1256 Ambr.
533 1229 569 1253 2.
594 1218 664 1266 (et
686 1217 830 1253 horum
861 1228 1025 1264 uterque
1050 1218 1099 1258 in,
1135 1231 1215 1253 non
1244 1218 1321 1259 im)
1345 1216 1473 1252 Guelf.
1495 1230 1586 1251 cum

241 1277 361 1312 Goth.
385 1276 485 1310 Alm.
509 1275 611 1311 Voss.
637 1283 673 1307 2.
705 1274 803 1311 Jens.
828 1284 865 1308 et
893 1272 978 1308 edd.
998 1272 1156 1320 posterr.
1181 1284 1266 1308 ante
1288 1271 1374 1307 Ald.
1395 1285 1470 1309 acc.
1489 1273 1584 1307 Bad.

241 1334 349 1368 Gesn.
364 1332 451 1380 Bip.
483 1330 642 1379 Reliqui
657 1340 878 1378 computare.
911 1329 1058 1378 Camp.,
1071 1339 1114 1365 ut
1132 1343 1217 1370 nos,
1231 1341 1471 1365 annumerare
1494 1325 1584 1364 cum

241 1389 326 1425 edd.
353 1399 437 1423 ante
460 1389 593 1422 Burm.

325 1478 463 1525 54.d1'
494 1477 675 1512 zmulatur.
719 1477 781 1512 Sic
805 1476 935 1511 Turio.
968 1473 1072 1510 Flor.
1110 1473 1271 1522 Reliqui
1300 1473 1584 1524 dfflmulantur.

242 1538 341 1573 Mox
365 1536 407 1569 in
428 1534 517 1569 loco
539 1533 679 1580 Virgil.
706 1533 855 1568 omittit
874 1531 1005 1566 Turio.
1033 1531 1106 1565 ille.
1143 1530 1258 1565 Goth.
1285 1531 1369 1565 inde
1392 1544 1464 1580 pro
1489 1533 1585 1568 undo

242 1593 321 1638 (cf.
348 1603 368 1639 9
386 1617 394 1631 ,
430 1602 474 1634 4,
502 1591 610 1633 5¹·)·
643 1590 774 1637 Camp.
798 1589 969 1635 Idemque
1002 1599 1075 1635 pro
1108 1587 1277 1636 Ideoque.
1309 1587 1412 1622 Flor.
1436 1589 1584 1623 Catullo

242 1662 333 1684 cum
356 1648 487 1694 Camp.
519 1655 555 1679 et
586 1645 671 1679 edd.
702 1655 787 1679 ante
811 1643 895 1678 Ald.
915 1670 924 1683 ‚
967 1643 1167 1691 quomodo
1202 1653 1239 1677 et
1270 1642 1304 1682 6,
1332 1652 1370 1687 5,
1395 1649 1463 1688 81.
1495 1657 1585 1680 cum

243 1703 372 1740 Guelf.
392 1703 454 1738 sed
472 1702 549 1736 [ine
570 1701 675 1736 hisce
697 1701 838 1736 erroris
858 1700 981 1736 [ociis.

241 1845 443 1894 „intelligi
482 1845 577 1880 adeo
615 1857 695 1880 non
724 1843 888 1893 possint“

241 1902 438 1950 intelligo.
499 1903 750 1943 Deum-antur,
790 1914 886 1950 quae

241 1962 314 1996 'vix
342 1959 537 2007 prodeunt
563 1969 649 1997 ore,
688 1956 886 2005 destituun-

945 1852 1014 1879 tur.
1060 1845 1107 1879 In
1132 1843 1309 1893 exemplo
1333 1844 1490 1892 quidem
1511 1844 1585 1881 illo

944 1899 1040 1935 libri
1078 1901 1175 1936 noni
1207 1901 1283 1936 hoc
1322 1909 1357 1935 et
1387 1903 1490 1936 terris
1520 1902 1585 1936 ad-

942 1957 1089 2003 jectum
1134 1970 1213 1992 non
1258 1957 1442 2005 legimuS‚
1503 1971 1584 2006 quo

244 2026 314 2056 tur,
345 2027 440 2063 quae
465 2013 635 2048 claritate
657 2025 796 2050 carent.
828 2014 887 2048 Ad

244 2071 557 2109 annumerandum
574 2083 593 2102 a
605 2070 769 2105 Gesnero
782 2080 884 2105 recte

243 2130 385 2165 citatur
407 2127 488 2162 Cic.
513 2125 558 2160 de
580 2126 646 2160 Or.
672 2135 710 2168 5,
740 2140 800 2161 ιι.
826 2139 885 2160 ex-

242 2186 355 2234 primi
374 2184 518 2218 litteras
535 2182 711 2229 putidius.
764 2184 886 2230 Supra

245 2253 404 2288 quoque
436 2238 537 2287 apud
564 2237 733 2272 nostrum
756 2239 805 2272 est
825 2251 885 2271 ex-

244 2297 416 2346 planacio
450 2307 578 2329 vocum
615 2308 648 2334 1,
685 2301 718 2337 5,
753 2302 817 2335 55.
850 2303 887 2327 et

244 2353 364 2387 modo
378 2364 418 2386 os
430 2351 678 2398 explanatum.
691 2350 771 2384 vid.
794 2350 886 2384 Ern-

245 2408 353 2444 Clav.
379 2408 458 2443 Cic.
480 2407 520 2441 h.
540 2420 578 2442 v.
595 2406 689 2442 item
702 2419 774 2441 nos
790 2407 836 2440 ad
848 2417 886 2453 9,

245 2470 284 2510 4,
313 2470 378 2509 54·

306 2528 369 2563 54.
382 2518 579 2568 posuimus.
595 2531 630 2566 9,
644 2525 678 2562 4,
692 2528 754 2562 4ο.
768 2530 887 2559 „con-

245 2577 490 2616 „sonantium
521 2576 728 2625 quaedam“
752 2574 816 2609 hic
840 2574 889 2608 est

247 2643 327 2666 non
360 2633 431 2666 nisi
461 2647 533 2667 una
557 2633 584 2667 i.
606 2645 636 2666 e.
665 2633 728 2672 M,
769 2643 886 2678 quare

247 2686 450 2735 [iugulatis
488 2689 652 2738 ponitur
689 2688 728 2722 di
757 2687 886 2722 umala-

942 2012 1025 2060 iplo
1048 2014 1108 2055 fit,
1138 2024 1182 2047 ut
1204 2015 1428 2060 utriusque,
1458 2025 1495 2049 et
1517 2013 1586 2049 eli-

942 2068 1059 2104 fionis
1086 2068 1283 2104 vocalium
1314 2079 1351 2104 et
1382 2081 1594 2116 corruptae¹

943 2124 1093 2159 litterae
1126 2126 1192 2164 M,
1218 2128 1312 2160 'non
1344 2126 1438 2160 adeo
1461 2127 1584 2160 mani-

943 2180 1076 2215 festum
1090 2181 1208 2215 fuerit
1221 2181 1454 2229 exemplum.
1475 2182 1585 2217 Num

943 2237 1065 2284 igitur
1095 2250 1140 2271 eo
1170 2236 1256 2272 loco
1281 2237 1372 2272 haec
1396 2237 1585 2273 vocabula

944 2293 1161 2327 ascribenda
1214 2292 1329 2328 funt?
1408 2294 1585 2341 Suspicor

945 2350 1094 2396 magis,
1125 2350 1211 2389 hic,
1243 2350 1312 2384 ubi
1342 2362 1444 2384 nunc
1464 2351 1585 2384 versa-

945 2418 1054 2444 mur,
1095 2405 1194 2440 male
1231 2419 1443 2440 memorem
1475 2406 1584 2441 fuisse

945 2461 1114 2495 nostrum
1138 2463 1229 2507 ejus,
1264 2463 1368 2509 quod
1392 2463 1499 2510 supra
1514 2474 1584 2511 po7

945 2517 1080 2557 suerit,
1124 2531 1211 2552 cum
1267 2519 1486 2566 praesertim
1541 2518 1585 2553 id

944 2573 1068 2620 ipsum
1102 2573 1196 2609 alibi
1235 2586 1450 2623 compareat
1479 2585 1514 2622 9,
1541 2584 1583 2618 5.

948 2639 1011 2673 52.
1032 2630 1080 2666 cf.
1102 2641 1181 2666 not.
1205 2630 1289 2666 crit.
