1779 3062
258 154 354 202 532
579 145 656 193 Μ.
687 145 831 192 FAB:
861 145 1284 207 QmerLIANI

239 269 360 320 nisi
394 268 543 320 domi
572 268 876 330 excufferi53
915 271 975 321 in
1003 269 1125 323 foro
1157 273 1431 339 inopinata
1460 273 1603 326 deci-

255 348 434 416 pient:
476 348 705 415 plusque
737 349 1008 398 nocebunt
1023 348 1284 409 destituta,
1307 369 1468 418 quam
1488 371 1602 404 non

255 423 503 494 promiffa
533 423 844 476 nocuissent.
924 428 1099 477 Multa
1135 429 1319 488 etiam,
1371 448 1508 496 quae
1532 432 1605 480 fi-

254 503 450 568 tigator
486 503 628 575 nihil
667 503 734 553 ad
762 503 965 556 causam
998 506 1267 574 pertinere
1302 503 1602 568 crediderit,

251 682 318 720 sic
359 683 493 733 Camp.
536 683 653 720 Goth.
698 688 795 728 (err.
828 680 967 738 Gesn.)
1010 696 1048 721 et
1085 685 1309 730 (incertum
1339 698 1362 722 ο
1390 685 1524 723 codice
1553 701 1603 725 an

252 737 426 776 Salmaffi
455 742 705 787 auctoritate)
735 741 831 779 Obr.
887 740 920 791 s.
953 740 1173 791 adsiitori‘ae
1203 742 1338 779 Turic.
1391 741 1605 793 fifl'dsuto‘

251 797 331 832 riae
361 797 465 834 Flor.
498 812 540 835 cc
564 798 666 835 Alm.
719 796 754 849 J.
786 801 983 847 agnitione
1013 797 1173 847 reliqui.
1232 799 1422 835 Nostrum
1460 799 1605 836 salma·

250 852 327 889 sius
360 852 494 896 nullo,
531 855 716 904 opinor,
766 856 901 892 codice
930 855 1047 892 nixus
1078 856 1257 897 suaseram
1317 864 1444 905 neque
1475 867 1606 894 tamen

249 909 497 948 Burmannus
528 922 565 948 et
588 911 774 948 Gesnerus
805 912 984 961 quamvis
1021 912 1231 961 probatum
1261 914 1337 950 [ibi
1356 920 1603 963 receperunt,

251 963 295 1001 id
323 968 475 1003 fortasse
499 969 677 1009 reveriti,
709 970 817 1017 quod
846 968 1087 1005 vocabulum
1118 972 1271 1018 agnitor
1305 983 1353 1005 ex
1382 969 1494 1006 nullo
1512 970 1602 1006 liac-

250 1031 364 1059 tenus
403 1024 510 1061 bono
553 1025 740 1074 scriptore
765 1025 923 1062 allatum
957 1026 1022 1066 fit3
1056 1039 1171 1074 quam
1201 1036 1336 1062 eorum
1365 1025 1603 1075 religionem

250 1079 416 1116 minime
448 1082 615 1123 darnno;
676 1082 824 1118 tametsi
854 1081 966 1119 facile
998 1093 1197 1131 appareat.
1249 1082 1422 1120 verbalia
1451 1083 1499 1119 in·
1530 1081 1609 1125 tor‚'

251 1146 349 1184 quae
379 1137 517 1175 multis
549 1138 743 1186 loquendi
780 1138 920 1175 formis
958 1140 1013 1175 ita
1040 1139 1276 1181 inserviunt,
1321 1150 1365 1175 ut
1394 1139 1602 1189 participia

249 1192 479 1230 substantiva
519 1205 622 1230 recte
665 1195 832 1236 dixeris,
891 1196 934 1231 in
972 1195 1090 1231 latine
1128 1195 1375 1244 loquentium
1417 1197 1602 1243 potestate

248 1248 374 1285 fuisse.
436 1251 543 1287 Talis
574 1262 701 1287 autem
735 1252 785 1287 est
813 1251 940 1287 forma
970 1251 1075 1292 llaec,
1099 1249 1214 1300 signa
1236 1251 1321 1300 sine
1344 1255 1517 1300 agnitore
1546 1266 1604 1288 re·

248 1307 393 1354 perire,
442 1306 469 1342 i.
505 1307 610 1357 signa
642 1308 801 1356 quidem
831 1308 1030 1360 reperire,
1072 1308 1133 1344 sed
1165 1310 1227 1356 qui
1256 1308 1437 1358 agnoscat
1463 1323 1508 1345 ea
1535 1323 1604 1356 ne-

249 1362 412 1399 minem.
476 1364 594 1411 Quod
634 1377 879 1413 nequaquam
919 1364 1039 1402 latine
1077 1364 1223 1401 dixeris
1245 1364 1361 1415 signa
1381 1363 1467 1415 fine
1495 1366 1617 1416 agni·-

251 1419 353 1454 tione
382 1422 553 1467 reperire.
617 1422 904 1471 Compareutur
934 1423 1047 1459 etiam
1079 1421 1271 1458 voeabula
1302 1431 1435 1464 notor,
1477 1425 1603 1472 cogni·-

249 1483 310 1511 τοι·
340 1477 386 1512 de
418 1476 525 1520 teste,
580 1478 649 1527 qui
678 1478 831 1514 testatur
861 1479 895 1515 se
925 1479 1030 1515 noss'e
1067 1478 1262 1527 aliquem,
1314 1489 1353 1514 et
1381 1479 1453 1515 effe
1483 1479 1602 1518 illum

248 1531 390 1581 ipsum,
421 1546 538 1582 quem
568 1535 602 1570 se
634 1533 704 1570 effe
736 1535 848 1571 dicat.
899 1537 1025 1582 Quare
1056 1548 1160 1572 nunc
1188 1535 1259 1570 ubi
1291 1534 1401 1572 illam
1430 1536 1601 1574 formam

250 1588 329 1625 duo
360 1590 459 1627 libri
489 1590 626 1627 diserte
658 1591 867 1632 exhibent3
925 1592 1105 1640 ipsaeque
1136 1591 1482 1629 vetustiss'imorum
1514 1605 1611 1631 cor-⁴

248 1645 424 1695 ruptelae
456 1647 643 1693 ejusdem,
674 1660 755 1683 non
786 1646 968 1689 alterius,
1000 1648 1161 1697 vestigia
1188 1648 1424 1692 monstrent3
1483 1663 1612 1701 repo-·

247 1702 423 1738 nendum
454 1703 592 1752 utique
625 1713 715 1744 erat,
749 1703 876 1752 quod,
919 1705 948 1740 [i
977 1718 996 1740 e
1029 1705 1163 1754 Camp.
1195 1703 1291 1739 editi
1320 1706 1441 1742 nostri
1469 1705 1601 1745 fluxit-

247 1760 342 1799 [ent,
368 1772 485 1795 nemo
520 1761 697 1807 profecto
730 1759 851 1795 hodie
884 1759 1106 1809 expelleret.
1264 1774 1360 1808 quae
1395 1764 1436 1797 ni
1466 1763 1596 1801 Guelf.

248 1816 368 1851 Goth.
490 1815 677 1866 excefferis
705 1815 810 1852 Flor.
850 1817 983 1866 Camp.
1026 1830 1057 1853 c.
1090 1817 1190 1854 Alm.
1253 1817 1437 1854 docebunt
1467 1820 1601 1859 Turic.

246 1872 353 1908 Flor.
417 1886 528 1921 quam
559 1871 739 1924 promiffa
760 1872 865 1909 Flor.
926 1887 1035 1923 quam
1067 1887 1142 1909 non
1164 1873 1315 1923 provisa
1336 1876 1472 1927 Camp.
1534 1877 1614 1915 do··

250 1927 402 1979 cussenc
432 1929 537 1967 Flor.
714 1944 808 1980 quae
851 1931 1034 1980 diligator
1073 1930 1179 1969 Flor.
1241 1944 1275 1981 q.
1308 1932 1399 1968 dicit
1426 1934 1602 1984 litigator·

956 2078 1169 2130 gnifieans,
1207 2082 1374 2130 reperiri
1406 2082 1499 2120 aliae
1526 2082 1604 2122 lae-

955 2138 1030 2174 sam
1055 2138 1133 2173 five
1161 2137 1203 2173 in
1231 2137 1315 2174 lino
1344 2139 1423 2174 [ive
1444 2139 1489 2175 in
1516 2152 1603 2176 cera

253 2076 324 2114 ubi
341 2088 463 2115 totam
484 2078 584 2117 hanc
603 2081 804 2117 materiam
822 2090 898 2116 tra·

252 2145 339 2171 etat.
376 2139 460 2172 Imo
483 2137 630 2186 optime
654 2149 691 2174 et
710 2137 823 2186 plane
842 2136 898 2173 la·

250 2191 332 2227 tina
355 2193 541 2230 structura
559 2193 720 2230 ablativi
740 2195 826 2230 sunt
837 2193 896 2229 in-

250 2246 323 2283 star
345 2250 511 2298 appoliti
539 2250 585 2286 ad
606 2250 755 2287 linum:
813 2249 897 2291 „li-

247 2317 372 2345 „num
393 2317 554 2355 ruptum
575 2318 642 2345 aut
662 2307 814 2344 turbata
834 2319 894 2342 ce-

247 2361 609 2399 ‚‚ra-invenies.‘·
666 2364 805 2412 Neque
825 2374 895 2412 po-

248 2416 384 2455 sterius
411 2425 477 2455 aut
504 2420 615 2468 prius
646 2419 748 2456 illud
778 2419 895 2468 respi-

250 2485 334 2511 cere
355 2475 592 2512 credendum
613 2478 676 2519 est,
709 2476 816 2525 quod
842 2476 896 2511 ita

250 2541 399 2568 tantum
429 2533 531 2568 ratio
563 2543 738 2582 cogeret,
771 2533 800 2568 fi
820 2542 894 2568 ter-

251 2586 353 2622 tium
390 2589 507 2625 etiam
545 2589 790 2637 praecederet
830 2597 897 2625 aut

252 2653 338 2679 ante
384 2645 512 2681 linum.
573 2647 691 2683 Nunc
729 2644 896 2693 simplex

253 2698 302 2735 est
350 2701 526 2740 sensuum
572 2702 819 2741 continuatio
848 2702 896 2741 fi·

956 2194 1288 2242 obsignationem‚
1328 2194 1422 2231 alias
1447 2195 1600 2245 integra

955 2250 1116 2298 quidem
1147 2251 1300 2292 omnia.
1332 2251 1394 2287 sed
1423 2249 1522 2289 falsis
1545 2253 1600 2289 fi·

954 2307 1054 2355 gnis,
1087 2319 1183 2355 quae
1214 2321 1233 2342 a
1253 2307 1410 2344 testibus
1429 2321 1501 2357 pro
1521 2309 1600 2349 suis,

952 2374 1033 2398 non
1055 2362 1314 2411 agnoscantur.
1371 2366 1434 2400 De
1457 2366 1603 2403 voeabf

952 2421 1103 2467 agnitor
1124 2421 1204 2455 vid.
1228 2432 1310 2458 not.
1338 2421 1422 2457 crit.

1005 2473 1189 2524 destituta.
1248 2480 1388 2514 Secure
1417 2478 1523 2515 hunc
1540 2478 1599 2515 lo·

952 2544 1041 2568 eum
1090 2535 1323 2570 transierunt
1371 2534 1458 2572 VV.
1504 2536 1599 2571 DD.

954 2589 1057 2638 quasi
1082 2589 1169 2625 trita
1201 2591 1332 2626 omnia
1358 2591 1597 2632 offerentem,

954 2645 1024 2693 qui
1053 2645 1283 2694 diligentius
1322 2658 1449 2683 tamen
1474 2647 1598 2696 inspe-

952 2712 1037 2743 ctus
1073 2700 1316 2740 difficultatis
1355 2703 1494 2754 plenus
1537 2702 1595 2744 est.
