1779 3062
384 151 547 197 INST.
588 151 871 199 ORATOR.
904 152 1027 198 LIB.
1064 153 1173 209 XII,
1214 166 1294 198 10.
1418 154 1517 212 675

160 273 402 329 cordiam
434 288 604 344 petet:
686 280 811 329 alias
847 279 914 329 ad
942 278 1267 340 docendum,
1297 280 1424 329 alias
1452 280 1520 330 ad

157 356 496 407 :movendum
518 355 801 405 adhibebit
816 367 966 407 artes,
1014 379 1017 382 ·
1050 360 1180 408 Non
1201 375 1344 408 unus
1368 359 1518 408 color
1546 372 1590 407 71

155 435 447 502 prooemii,
478 435 816 492 narrationis,
856 446 1313 501 argumentorum,
1348 434 1518 502 egres-

154 510 340 570 sionis,
386 511 743 578 perorationis
775 510 1084 562 servabitur.
1177 515 1333 563 Dicet
1371 513 1519 563 idem

154 594 389 655 graviter
408 627 422 647 ,
457 588 654 648 severe,
696 590 900 648 acriter,
939 581 1300 650 veliementer,
1342 592 1548 641 conci-⁷

158 677 279 726 tate,
321 666 559 733 copiose,
600 683 798 726 amare,
840 669 1088 726 comiter,
1124 666 1355 726 remisse,
1393 667 1517 719 sub-

157 745 341 803 tiliter,
381 745 593 802 blande,
635 745 841 801 leniter,
871 743 1120 804 dulciter,
1144 746 1396 805 breviter,
1425 764 1518 797 ur-

156 822 320 872 bane:
398 840 512 872 non
541 822 748 889 ubique
782 821 997 882 similis,
1055 822 1146 872 fed
1179 824 1383 891 ubique
1423 841 1519 892 par

152 969 240 1005 dem
265 968 379 1005 Leid.
410 969 544 1013 Burm.
579 969 688 1004 Gesn.
722 970 812 1018 Bip.
875 969 1016 1006 Nostra
1047 968 1088 1003 in
1120 969 1304 1006 omnibus
1330 970 1413 1005 mss'-
1443 970 1518 1006 nisi

152 1024 263 1074 quod
294 1024 400 1061 Flor.
440 1036 477 1060 et
494 1024 600 1061 Voff.
632 1035 670 1060 2.
705 1025 748 1061 in
778 1040 820 1061 re
851 1027 1001 1062 minuta
1033 1025 1208 1061 silentur.
1330 1026 1407 1062 Sed
1424 1026 1516 1062 loco

152 1081 270 1117 verbi
306 1082 477 1130 partibus
508 1082 551 1116 in
582 1083 717 1118 Turio.
753 1082 860 1122 Flor.
892 1082 1039 1130 legitur
1072 1079 1279 1130 haustibus,
1338 1083 1382 1119 in
1409 1082 1514 1120 Alm.

152 1139 213 1174 hic
243 1135 401 1186 astibus,
454 1150 492 1174 et
522 1138 648 1174 [imile
688 1140 785 1188 quid
817 1140 998 1190 reperiffe
1029 1139 1186 1174 videtur
1215 1140 1313 1180 Obr.
1344 1139 1387 1175 in
1417 1142 1510 1189 Arg.

153 1196 260 1231 unde
290 1196 461 1232 effecerit
490 1197 601 1231 suum
631 1197 846 1238 eventibus,
894 1197 1003 1245 quod
1033 1197 1155 1245 ipsum
1192 1208 1342 1238 tamen,
1392 1198 1421 1232 si
1448 1197 1514 1232 vel

153 1253 278 1289 fuerit
307 1253 349 1288 in
380 1253 530 1295 codice,
561 1253 715 1289 nemini
743 1253 1001 1302 probabitur;
1059 1254 1278 1300 requiritur
1308 1254 1413 1290 enim
1444 1252 1514 1289 ali·

154 1310 267 1359 quid,
293 1310 400 1358 quod
430 1310 474 1344 in
496 1310 683 1359 potestate
716 1321 753 1345 et
781 1321 860 1346 arte
893 1311 1059 1346 oratoris
1091 1310 1206 1346 [itum
1236 1310 1294 1346 sit.
1325 1312 1384 1347 Ita
1405 1311 1514 1359 quod

155 1367 277 1403 ceteri
305 1367 460 1403 codices
490 1366 679 1416 praebent
707 1366 874 1403 minime
907 1366 955 1403 est
983 1367 1304 1403 incommodum:
1337 1380 1416 1409 „ex
1444 1368 1511 1404 iis-

153 1425 274 1466 ‚‚dem
307 1424 417 1467 (artis
449 1423 554 1471 suae)
582 1423 811 1473 partibus“‚
855 1437 980 1473 eoque
1013 1424 1334 1472 acquiescendum
1363 1427 1515 1473 putavi,

153 1481 278 1517 donec
318 1479 568 1529 probabilius
607 1480 757 1528 aliquid
791 1495 809 1516 e
840 1480 1129 1529 stribliginibus
1170 1481 1252 1516 illis
1284 1481 1511 1517 excudatur.

325 1539 426 1573 Mox
458 1537 555 1573 alios
575 1557 629 1564 —-
650 1537 738 1572 aliis
768 1537 904 1576 Turio.
967 1538 1051 1573 aliis
1081 1550 1101 1572 e
1131 1537 1237 1573 Flor.
1277 1539 1412 1578 etiam,
1452 1539 1516 1574 [ed

150 1595 349 1631 incertum
377 1606 467 1630 utro
498 1593 603 1630 loco.
794 1596 844 1630 ad
877 1595 1102 1629 monendum
1132 1595 1266 1644 Camp.
1303 1595 1397 1642 (sed
1427 1595 1514 1641 jun-

152 1652 267 1700 etim)
296 1651 397 1690 Jenf.
433 1663 471 1688 et
500 1652 596 1700 post.
627 1661 713 1688 ante
741 1650 853 1688 Bam.
886 1664 967 1688 exc.
997 1649 1086 1686 Ald.
1324 1653 1413 1686 arcis
1446 1651 1514 1688 hic

149 1721 241 1745 raro
274 1709 457 1745 consensu
487 1707 593 1745 Flor.
626 1708 754 1745 Guelf.
787 1708 908 1745 Goth.
939 1708 1073 1756 camp.
1110 1718 1149 1743 et
1177 1708 1263 1744 edd.
1301 1720 1387 1745 ante
1418 1708 1506 1745 Ald.

151 1765 226 1815 qui
254 1765 358 1801 solus
391 1767 516 1801 arceis.

269 1832 339 1866 71.
374 1832 440 1867 72.
499 1835 576 1859 non
604 1821 739 1873 ubique
762 1821 878 1872 simul
899 1820 971 1872 sed
1001 1821 1135 1871 ubique
1159 1835 1231 1870 par
1259 1819 1337 1871 sibi
1354 1821 1412 1872 sic
1433 1821 1513 1872 fiet:

862 1948 1086 1997 spiciantur,
1106 1945 1239 1983 locum
1260 1947 1328 1983 hic
1347 1960 1427 1984 non
1444 1947 1512 1985 ha-

863 2004 957 2040 bent
970 2031 978 2044 ,
1022 2017 1111 2039 cum
1148 2005 1273 2040 statim
1305 2005 1513 2041 diversissi-

152 1947 299 1985 venias.
335 1948 429 1997 Agit
451 1949 555 1985 enim
574 1948 805 1985 Gronovius

154 2007 203 2042 de
221 2018 321 2041 voce
339 2007 434 2042 alius
452 2005 567 2042 semel
590 2015 739 2041 tantum
761 2006 805 2040 in

152 2063 276 2099 altero
302 2063 484 2100 membro
514 2062 650 2112 posita,
685 2073 729 2098 ut
760 2062 806 2098 iu

151 2119 325 2157 Liviano
357 2122 470 2169 virgis
497 2120 613 2160 caedi,
652 2119 721 2154 alii
742 2117 804 2167 se-

152 2178 230 2212 curi
242 2175 391 2226 subjici.
423 2178 502 2212 Hic
529 2188 658 2211 autem
682 2189 806 2211 unum

152 2234 264 2271 aliter
282 2233 373 2270 loco
401 2233 590 2283 geminati
612 2246 702 2268 cum
724 2245 805 2268 uno

154 2290 373 2338 eodemque
402 2290 525 2326 verbo
557 2290 727 2338 positum
755 2290 806 2324 es-

152 2348 226 2383 set:
260 2357 305 2381 ut
328 2346 527 2388 fit„aliter
547 2356 662 2395 attque
681 2346 807 2387 aliter.

147 2404 206 2445 „i.
241 2417 273 2439 e.
305 2403 578 2444 diverfimode‚
619 2403 803 2450 coucilia-

148 2459 276 2502 .,bit.“
337 2461 459 2507 Cujus
477 2460 625 2497 formae
643 2460 801 2496 nullum

151 2515 379 2566 exemplum
408 2517 578 2553 affertur.
638 2518 713 2553 Sed
743 2518 803 2553 fac

150 2573 311 2610 latinam
334 2575 417 2613 effe,
430 2574 552 2609 sensus
574 2585 701 2610 tamen
722 2587 804 2610 non

152 2631 390 2667 admitteret.
487 2631 586 2666 Tam
627 2632 804 2667 minutae

155 2688 262 2723 enim
294 2687 454 2724 dicendi
488 2689 641 2736 generis
674 2688 804 2724 diver-

150 2745 294 2786 =(states,
318 2758 416 2794 quae
436 2745 479 2780 in
499 2758 574 2780 una
591 2745 805 2794 eademque

151 2813 272 2853 parte,
309 2813 354 2839 ut
372 2802 417 2838 in
437 2801 700 2846 conciliando,
712 2815 805 2841 con·

211 2883 322 2921 Tom.
352 2883 423 2921 IV.

862 2075 947 2097 mae
977 2062 1135 2097 docendi
1164 2073 1200 2097 et
1230 2062 1403 2097 movendi
1423 2076 1510 2112 par-

862 2129 918 2154 tes
940 2119 1012 2154 sibi
1034 2129 1294 2167 opponantur.
1333 2119 1420 2154 Hoc
1440 2120 1511 2156 ita·

864 2189 939 2224 que
970 2185 1121 2211 tantum
1148 2176 1243 2210 dicit
1273 2177 1373 2223 Qu..
1429 2190 1512 2213 non

862 2231 984 2268 modo
1032 2232 1271 2267 diversarum
1312 2233 1511 2269 causarum

864 2289 1011 2324 diversa
1052 2289 1124 2324 effe
1157 2288 1314 2324 dicendi
1345 2302 1509 2339 genum

863 2346 925 2381 [ed
936 2346 978 2381 in
1002 2346 1134 2382 eadem
1156 2346 1333 2381 oratione
1355 2357 1510 2383 mutan-

864 2403 957 2438 dum
982 2403 1052 2439 effe
1081 2415 1225 2451 genuS,
1267 2416 1358 2439 cum
1386 2403 1430 2439 in
1453 2418 1510 2441 ea-

862 2460 952 2495 dem
978 2460 1100 2507 judex
1128 2459 1176 2495 fit
1195 2469 1233 2494 et
1255 2459 1451 2497 docendus
1471 2461 1512 2498 et

860 2517 1081 2553 movendus
1137 2526 1174 2552 et
1224 2517 1505 2555 conciliandus.

860 2575 883 2613 J
887 2587 947 2608 am
967 2573 1030 2610 his
1044 2573 1167 2609 tribus
1188 2573 1254 2608 hic
1275 2574 1434 2623 quidem
1445 2574 1508 2611 ab·

860 2629 961 2666 solvi
990 2643 1051 2666 res
1085 2640 1258 2679 poteram
1310 2644 1381 2666 nec
1407 2632 1508 2669 male

861 2687 955 2723 haec
966 2687 1044 2736 ipsa
1056 2689 1163 2722 aliter
1173 2708 1230 2715 --
1240 2688 1336 2724 alias
1345 2707 1403 2716 ——
1413 2690 1507 2726 alias

862 2754 961 2780 artes
971 2744 1075 2780 inter
1096 2744 1131 2779 se
1149 2745 1408 2788 referi-emam
1436 2747 1509 2783 nisi

861 2801 1123 2840 intercederet
1150 2800 1255 2840 illud
1281 2817 1356 2841 non
1381 2817 1425 2841 eac
1449 2806 1510 2842 iis·

974 2883 1011 2917 U
1040 2896 1067 2919 u
