1820 3062
455 148 621 192 1Nsr.
669 147 951 192 ORATOR.
999 149 1121 193 Lm.
1169 147 1336 204 ΧΑ.
1507 161 1572 195 21

201 269 357 339 dius:
408 282 460 319 et
488 289 587 337 pro
618 271 832 320 Milone
866 273 1163 323 orationem
1195 277 1388 325 Brutus
1423 282 1571 324 exer4

202 349 466 398 citationis
507 350 670 414 gratia
717 346 942 413 scripsit,
1005 351 1203 401 etiamsi
1247 351 1400 418 egisse
1440 370 1568 402 eum

199 427 485 475 Cornelius
511 424 693 475 Celsus
715 423 847 475 falso
869 425 1139 476 existimat.
1221 433 1286 479 Et
1311 430 1484 480 Pollio
1516 440 1569 478 et
1592 446 1642 483 24

107 511 188 551 884
201 501 414 552 Messala
448 501 809 551 defenderunt
841 503 1083 562 eosdem,
1117 517 1169 553 et
1206 508 1361 556 nobis
1385 509 1567 573 pueris

195 578 428 646 insignes
464 597 561 646 pro
594 577 865 630 Voluseno
901 581 1120 640 Catulo,
1168 585 1399 632 Domitii
1430 583 1564 643 Afri,

198 657 372 723 Crispi
400 657 639 714 Paffieni,
679 657 893 705 Decimi
928 659 1095 707 Laelii
1128 660 1394 710 orationes
1427 659 1566 711 fere-

195 734 406 791 bantur,
499 735 694 800 Neque
725 734 785 782 id
822 734 996 783 statim
1029 736 1229 802 legenti
1258 737 1564 802 persuasum

193 808 278 871 sit,
341 813 546 871 omnia,
605 829 740 877 quae
792 813 974 878 magni
1024 824 1264 863 auctores
1315 814 1564 875 dixerint,

196 977 259 1000 11.
298 966 428 1002 Guelf.
462 966 580 1003 Goth.
624 968 725 1012 (tac.
762 967 905 1012 Gesn.)
950 968 1084 1018 Camp.
1119 969 1279 1009 Catium,
1329 969 1391 1005 sed
1425 970 1558 1005 Turic.

191 1023 318 1059 calidi.
389 1024 493 1060 flor.
524 1025 663 1059 callidi.
732 1024 917 1072 Denique
953 1035 1022 1067 12,
1060 1039 1130 1065 10,
1171 1036 1235 1073 59.
1284 1025 1389 1062 Flor.
1427 1026 1557 1063 Guelf.

190 1079 311 1115 Goth.
346 1079 446 1129 (tac.
478 1082 619 1125 Gesn.)
654 1081 767 1118 Colb.
803 1083 977 1121 Calidi0‚·
1013 1084 1146 1119 Turic.
1179 1096 1259 1118 non
1291 1093 1556 1124 memoratur:

187 1134 380 1174 Ambross'.
416 1138 494 1174 duo
529 1136 716 1174 deficiunt
745 1139 787 1173 in
822 1139 883 1174 his
917 1139 1123 1181 extremis3
1157 1139 1244 1175 edd.
1269 1140 1340 1175 fibi
1359 1153 1439 1176 non
1465 1152 1556 1175 cou-

188 1192 296 1228 stant.
522 1204 558 1230 et
576 1209 644 1242 pro
665 1196 760 1231 Mil.
793 1196 912 1232 Goth.
937 1196 1100 1234 omittit.
1328 1195 1441 1247 ‘'gfff‘'
1461 1210 1555 1234 eum.

185 1249 291 1285 Flor.
314 1264 344 1286 e.
372 1265 466 1290 eam.

273 1317 336 1350 24.
371 1318 407 1343 et
438 1308 554 1359 JWeffi
616 1308 678 1343 Sic
707 1308 841 1344 Turio.
876 1307 980 1343 Flor.
1004 1308 1132 1344 Guelf.
1157 1310 1290 1358 Camp.
1313 1309 1432 1346 Goth.
1453 1311 1554 1348 Jens,

189 1366 278 1407 (tae.
302 1366 435 1409 Gesn.)
458 1379 546 1400 cum
572 1364 657 1399 edd.
682 1376 766 1399 ante
790 1364 896 1399 Bas-ll.
939 1364 1099 1413 Reliqui
1120 1380 1162 1400 ac
1182 1366 1246 1400 IW.
1395 1364 1555 1416 insignes

183 1434 265 1469 pro.
329 1422 461 1458 Turic.
484 1422 588 1458 Flor.
612 1420 742 1456 Guelf.
765 1423 898 1469 Camp.
923 1421 1043 1456 Goth.
1067 1423 1166 1460 Jcns.
1190 1423 1278 1466 (tac.
1299 1422 1435 1469 Gesn.)
1455 1423 1553 1458 inse-

184 1489 278 1513 runt
301 1487 341 1513 at
360 1491 449 1513 cum
470 1479 576 1515 Voss'.
593 1490 628 1513 2.
652 1489 689 1512 et
710 1478 795 1512 edd.
819 1488 904 1512 ante
919 1476 1005 1512 Ald.
1055 1478 1127 1512 Sed
1141 1478 1233 1512 Bad.
1254 1492 1312 1526 pr.
1337 1488 1419 1519 tres,
1444 1480 1553 1528 quod

184 1533 227 1568 in
250 1534 349 1571 Vall.
383 1536 593 1583 repositum
627 1544 767 1572 narrat.
826 1534 1011 1569 Vidimus
1043 1542 1083 1568 at
1114 1533 1173 1578 (5,
1203 1547 1263 1573 10,
1288 1536 1344 1581 9.)
1365 1547 1552 1584 compen-

184 1591 252 1626 dio
278 1591 394 1627 scribi
424 1604 497 1640 pro
535 1592 630 1629 alia,
680 1591 801 1630 aliem,-
850 1588 927 1625 hoc
960 1600 1090 1625 autem
1124 1589 1382 1627 librariorum
1416 1605 1549 1628 errore

182 1648 380 1684 interdum
412 1649 612 1684 succedere
643 1648 736 1682 voci
759 1648 847 1682 illae
869 1650 926 1691 (5,
956 1654 1016 1691 14,
1043 1648 1140 1693 29.).
1203 1651 1262 1682 An
1281 1648 1407 1696 igitur
1428 1647 1550 1685 fuerit

182 1704 248 1740 hic
271 1704 391 1740 illae?
423 1715 466 1740 ut
492 1704 765 1752 intelligantur
787 1703 1100 1739 celebratiffimae
1128 1703 1316 1752 quaedam
1338 1703 1548 1746 orationes,

180 1773 296 1798 notae
334 1762 562 1798 lectoribus.
633 1761 885 1809 Supprimere
918 1773 1083 1801 vocem,
1124 1761 1232 1809 quod
1264 1761 1357 1796 feeit
1386 1762 1545 1809 Regius,

180 1819 325 1854 nimiae
354 1819 514 1855 videtur
541 1818 725 1855 lex-itatis.
952 1819 1090 1865 magni.
1148 1817 1279 1852 Turio.
1302 1819 1415 1854 omni.
1439 1817 1544 1855 Flor.

118 1914 122 1918 ,
181 1877 312 1912 omnis.
345 1890 363 1910 a
385 1877 451 1911 sec.
473 1890 525 1911 m.
548 1887 712 1923 uterque
735 1887 871 1913 omnes,
896 1885 933 1909 et
955 1875 1003 1908 sic
1023 1872 1151 1908 Guelf.
1166 1874 1299 1922 Camp.
1323 1887 1411 1910 eum
1424 1874 1545 1911 Goth.

178 1932 286 1969 Voss‘.
309 1944 343 1968 2.
390 1932 503 1970 Colb.
535 1942 574 1967 et
604 1932 690 1967 edd.
720 1941 806 1966 ante
836 1930 947 1967 Bam,
1007 1930 1174 1978 Egregia
1209 1931 1481 1967 emendatione
1506 1942 1545 1967 et

178 1986 246 2024 hic
275 1989 452 2038 profecto
484 1988 693 2024 Philandm·
724 1987 896 2035 reposuit
921 2000 1059 2023 verum
1078 2015 1088 2028 ,
1124 1988 1233 2033 cujus
1256 1988 1397 2022 semina
1414 1988 1456 2022 in
1476 2001 1543 2022 ve-

172 2041 374 2081 'tustiffima
399 2047 597 2094 scriptura.
639 2043 773 2080 Nihili
794 2044 898 2079 enim
921 2058 1018 2092 quae
1038 2057 1111 2093 pro
1133 2042 1253 2079 altero
1272 2054 1385 2091 urget
1404 2046 1542 2079 Burm-

179 2115 402 2152 quanquam
437 2102 657 2153 praeferens
697 2101 882 2137 nostrum.
959 2101 1108 2137 Levius
1156 2100 1261 2148 quod
1294 2099 1541 2136 vetustiffimi

179 2159 258 2195 duo
292 2174 311 2194 a
340 2174 399 2209 pr.
431 2174 483 2196 111.
518 2160 700 2198 auctoris,
733 2168 769 2192 et
789 2159 922 2194 Turio.
949 2159 1097 2194 dixerit.
1158 2156 1278 2195 Goth.
1310 2157 1410 2196 Jens.
1433 2155 1536 2206 (tac.

178 2216 312 2262 Gesn.)
334 2218 508 2253 dixerunt
524 2230 612 2252 cum
633 2216 718 2251 edd.
742 2215 900 2263 posterr.
923 2226 1008 2252 aute
1027 2214 1138 2252 Bafil.

233 2366 302 2401 pro
336 2352 568 2389 Milone—
587 2352 733 2387 Brutus.
775 2348 823 2386 cf.
941 2356 1005 2394 24.
1046 2349 1101 2385 Ec
1132 2347 1256 2384 Pollio
1286 2354 1323 2382 ec
1353 2343 1534 2395 Meffala.

179 2419 217 2454 5,
240 2411 276 2452 6,
300 2419 364 2458 95.
394 2409 438 2444 it.
457 2421 634 2458 prooem.
656 2406 746 2442 Vol.
770 2408 821 2442 ΙΙ.
882 2407 1065 2457 Suspicor
1107 2415 1144 2442 et
1166 2424 1221 2433 —·
1244 2412 1280 2440 et
1308 2403 1459 2439 dictum
1490 2412 1537 2439 ut

176 2479 214 2514 p.
246 2467 282 2502 6.
342 2466 505 2501 Attende
536 2463 686 2500 Celsum
713 2464 755 2498 iu
777 2476 822 2499 eo
881 2472 1160 2513 bam—quam.

178 2533 379 2562 errantem,
404 2522 511 2570 quod
533 2521 770 2556 satisuotum
786 2521 823 2555 ei
941 2520 1100 2572 insignes
1125 2531 1207 2567 pro.
1240 2517 1287 2553 cf.
1309 2525 1392 2553 not.
1417 2515 1504 2551 crit.

176 2580 287 2615 fuisse
334 2578 449 2613 nobis
489 2577 622 2614 videri
659 2587 822 2627 poterat.
926 2576 1159 2626 ferebantur.
1238 2573 1345 2609 Huic
1406 2572 1532 2609 verbo

177 2637 367 2671 Pedianus
427 2635 534 2671 idem
585 2634 694 2684 quod
747 2636 832 2682 Qu(
882 2647 963 2670 non
1025 2634 1161 2680 utique
1208 2630 1306 2668 inest
1363 2629 1534 2666 falfitatis

177 2694 316 2730 narrat.
882 2689 1142 2730 insimulatum
1192 2687 1242 2726 cf.
1281 2700 1354 2729 10,
1387 2697 1432 2734 7,
1465 2695 1531 2731 50.
